2227 3001
412 207 474 243 588
996 214 1139 239 [ηἰωῃι]
1166 213 1283 238 nonum

454 270 536 303 mitti
556 271 596 305 ad
615 268 782 304 dilationes
802 280 859 303 nec
881 267 918 302 ad
941 268 1098 301 bonorum
1117 267 1288 307 cessiones,
1316 267 1416 307 iln'cl.;
1452 266 1483 299 in
1513 265 1617 300 causis
1636 276 1753 311 panem
1779 275 1916 301 concer-

454 324 614 364 nentibus,
646 335 663 357 a
689 332 896 367 quocumque
924 320 1029 354 iudice
1058 319 1233 353 summarie
1263 319 1393 363 procedi
1425 320 1572 360 mandat,
1603 319 1667 353 468
1693 331 1723 353 α.
1754 320 1915 353 Pistorum

454 376 642 410 universitas
661 376 780 409 obtinet
802 386 820 407 a
840 374 920 406 lulio
941 373 978 405 lIl
999 372 1240 417 praedictorum
1267 371 1559 412 confirmationem,
1584 373 1660 405 ibid.
1681 378 1710 405 et
1727 384 1804 416 seq„

365 429 605 464 Poenitentiarii
626 428 742 461 summi
764 426 937 460 auctoritas
952 431 982 459 et
1001 430 1140 469 potestas
1157 436 1174 457 a
1199 425 1285 457 Sixto
1311 425 1346 456 llv
1367 436 1520 458 concessa
1548 426 1760 459 confirmatur
1780 438 1798 459 a
1826 426 1913 459 Pau-

451 483 480 516 lo
501 483 551 523 Ill,
575 482 638 516 402
654 493 683 515 a.
716 481 772 521 Qui
790 480 905 513 deinde
928 479 1034 512 statuit
1054 478 1274 511 inobedientes
1297 489 1416 521 poenas
1442 479 1609 512 incurrere
1630 479 1661 512 in
1681 480 1770 512 bulla
1789 480 1915 513 Coenae

452 535 576 568 Domini
599 540 775 570 contentas,
796 534 874 566 ibid.
898 533 929 573 b,·
956 531 1076 576 pariter
1102 531 1313 575 impedientes
1334 531 1451 564 summi
1482 532 1720 575 poenitentiarii
1736 533 1914 566 litterarum

453 588 685 625 executionem,
715 587 811 625 ibid.,·
836 585 978 619 eiusdem
1009 585 1130 617 litteras
1164 590 1291 628 apertas
1312 584 1344 617 in
1365 590 1502 628 utroque
1525 586 1594 618 soro
1615 585 1802 628 suffragari,
1835 587 1911 618 ibid.

450 642 582 674 Litteras
606 640 696 673 Pauli
717 638 884 683 praedicti,
908 638 948 671 ol)
974 638 1042 671 eius
1064 637 1186 670 obitum
1205 648 1270 670 non
1286 637 1460 682 expeditas,
1479 638 1579 671 lulius
1595 638 1633 671 Ill
1654 639 1733 679 edit,
1752 638 1817 672 403
1838 640 1866 671 b.

362 693 523 727 Pomanus
543 693 744 726 Guillelmus.
774 692 807 724 V.
831 691 1005 724 Perusinae
1027 690 1160 723 civitatis
1176 690 1313 734 priores.

366 748 507 780 Pontifex
540 745 693 778 Maximus
727 744 892 777 universae
918 744 1071 777 ecclesiae
1108 750 1233 787 pastor:
1271 743 1446 787 imperator
1478 755 1552 777 vero
1588 745 1758 778 advocatus
1784 756 1917 778 censen-

451 800 522 840 dus,
545 798 587 831 14
606 810 638 832 α.

363 852 504 896 Populus
521 852 695 884 Romanus.
724 850 760 883 V.
784 850 930 883 Senatus.

363 904 574 947 Portugalliae
596 910 623 937 et
645 904 871 946 Algarhiorum
892 914 996 946 regeS.
1024 902 1056 936 Γ.
1081 904 1217 936 loannes
1237 902 1419 936 Lusitaniae
1444 914 1510 936 rex.

361 958 498 991 Praelati
520 958 649 1000 quidam
670 984 676 995 ‚
710 957 845 989 testandi
869 957 1051 989 facultatem
1074 967 1137 989 non
1159 956 1335 996 habentes,
1373 961 1405 988 ut
1427 967 1463 989 ea
1484 956 1592 1000 aliquo
1615 957 1709 990 modo
1732 957 1916 1000 potiantur,

450 1011 519 1043 loca
540 1010 589 1055 pia
611 1010 766 1043 haeredes
801 1009 998 1050 instituunt,
1029 1021 1094 1053 quo
1116 1015 1281 1053 praetextu
1317 1010 1417 1042 multa
1446 1010 1549 1051 legata
1575 1009 1741 1052 illegitima
1766 1011 1887 1044 faciunt
1905 1038 1912 1052 ,

450 1064 480 1096 in
502 1064 653 1097 Gamerae
674 1063 875 1107 Apostolieae
901 1063 1158 1107 praeiudicium,
1179 1062 1244 1096 :38⁰2
1265 1063 1293 1095 b.
1317 1063 1435 1095 Paulus
1456 1063 1492 1095 Ill
1512 1090 1518 1102 ,
1548 1062 1585 1095 ad
1611 1063 1804 1096 obviandum
1826 1064 1918 1097 malis

452 1116 633 1159 praedictis,
655 1116 764 1148 statuit
790 1116 949 1149 decimam
970 1121 1093 1148 tantum
1116 1121 1239 1160 partem
1266 1116 1425 1148 bonorum
1446 1115 1515 1149 loca
1542 1115 1594 1160 pia
1617 1121 1785 1160 acceptare
1805 1127 1917 1160 posse,

448 1168 512 1203 383
532 1180 562 1201 α.
586 1170 720 1202 Praelati
742 1181 835 1212 saepe
856 1169 1046 1202 donationes
1066 1169 1149 1202 inter
1168 1169 1253 1201 vivos
1278 1169 1442 1208 simulant,
1472 1169 1502 1201 in
1531 1168 1684 1201 Gamerae
1714 1169 1915 1213 Apostolicae

451 1222 700 1265 praeiudicium,
723 1222 787 1255 433
808 1223 835 1255 b.
856 1222 956 1255 lulius
985 1223 1022 1255 111
1040 1223 1147 1255 nullos
1166 1221 1352 1255 huiusmodi
1374 1227 1463 1255 actus
1484 1222 1637 1261 declarat,
1660 1222 1721 1255 nisi
1742 1223 1915 1256 donatores

452 1275 588 1319 perdies
603 1275 951 1318 vigintidonationihus
972 1276 1199 1319 supervivant,
1235 1275 1300 1307 434
1320 1287 1351 1308 a.
1383 1275 1518 1308 Praelati
1555 1276 1584 1307 in
1611 1276 1758 1319 cappella
1792 1275 1917 1309 Summi

452 1328 615 1362 Pontificis
645 1329 826 1362 assistentes
859 1329 1090 1373 amplissimam
1121 1329 1237 1361 liabent
1260 1329 1298 1361 de
1320 1329 1384 1362 suis
1404 1329 1569 1361 beneficiis
1590 1329 1781 1373 disponendi
1812 1330 1913 1362 sacul-

452 1387 559 1422 tatem‚
580 1381 645 1415 434
665 1383 681 1414 b
703 1387 732 1415 et
751 1393 833 1426 seae].;
856 1382 1095 1425 nobilitatisque
1116 1382 1215 1414 decus
1236 1393 1309 1414 cum
1332 1393 1391 1414 usu
1418 1381 1631 1424 insigniorum
1653 1382 1769 1425 Papae,
1792 1382 1856 1416 435
1883 1383 1913 1421 b;

451 1446 469 1467 a
488 1435 621 1468 decimis
644 1435 840 1472 eximuntur.
863 1446 1002 1475 necnon,
1025 1446 1083 1478 pro
1105 1446 1155 1468 sex
1178 1435 1382 1477 vegae1=tiluis‚a
1401 1435 1463 1467 vini
1479 1435 1635 1478 vectigali,
1659 1434 1722 1468 436
1738 1446 1769 1468 ιι.
1790 1435 1915 1468 Indulto

453 1488 593 1530 gaudent
610 1488 756 1521 visitandi
778 1489 930 1521 ecclesias
946 1499 1077 1521 suarum
1099 1488 1261 1521 civitatum
1279 1494 1309 1520 ct
1329 1488 1528 1526 dioecesum,
1546 1494 1573 1521 et
1588 1488 1658 1521 iura
1678 1488 1917 1533 procurationis

454 1541 609 1584 exigendi,
632 1542 730 1581 ibid.;
752 1541 944 1584 locandiqne
967 1542 1003 1574 ad
1030 1541 1210 1580 biennium,
1234 1541 1329 1573 etiam
1350 1540 1523 1584 anticipata
1544 1540 1716 1581 solutione,
1743 1552 1801 1574 sua
1824 1541 1921 1574 bene-

456 1595 544 1635 ficia,
580 1595 657 1627 ibid.
691 1595 727 1634 b;
764 1594 864 1628 libere
898 1595 1090 1640 disponendi
1120 1596 1158 1627 de
1186 1594 1250 1627 suis
1284 1594 1396 1635 bonis,
1437 1594 1581 1637 quamvis
1614 1594 1778 1638 acquisitis
1802 1605 1838 1627 ex
1856 1595 1921 1627 sru-

455 1648 559 1680 ctibus
574 1647 822 1688 beneficiorum,
842 1647 905 1681 437
930 1659 960 1680 a.
985 1648 1206 1681 Remittuntur
1226 1648 1270 1680 eis
1291 1647 1413 1680 fructus
1434 1648 1517 1681 male
1540 1648 1681 1692 percepti
1702 1654 1730 1680 et
1756 1647 1860 1681 omnis
1877 1647 1921 1679 in-

454 1701 569 1734 famiae
590 1702 716 1734 macula
738 1702 907 1745 omnisque
933 1712 1081 1741 censura,
1104 1702 1183 1734 ibid.
1207 1701 1457 1734 Arrendationes
1477 1712 1535 1745 pro
1557 1701 1641 1734 dicto
1664 1701 1795 1734 biennio
1820 1700 1920 1734 factae

455 1754 675 1797 praeiudicant
705 1755 966 1794 successoribus,
999 1755 1076 1787 ibid.
1105 1756 1143 1791 b;
1174 1760 1246 1787 octo
1278 1754 1401 1797 equites
1435 1754 1631 1793 deauratos,
1668 1759 1826 1798 quotquot
1860 1765 1915 1787 no-

456 1809 564 1847 tarios,
588 1807 776 1841 tabelliones
796 1820 832 1841 ac
853 1808 975 1841 iudices
991 1808 1171 1841 ordinarios
1192 1813 1279 1841 extra
1301 1808 1476 1840 Romanam
1498 1808 1626 1841 Ciu-iam
1648 1818 1758 1840 creare
1783 1814 1918 1851 queunt,

457 1862 554 1900 1‘b1'tl.;
577 1861 759 1903 illegitimos
780 1861 957 1904 legitimare
976 1888 982 1900 ,
1014 1860 1077 1894 438
1098 1873 1135 1898 ιι;
1159 1862 1196 1893 ad
1218 1872 1330 1893 omues
1358 1861 1475 1903 gradus
1497 1861 1534 1901 in
1555 1867 1691 1904 utroque
1713 1859 1801 1901 iure,
1833 1862 1922 1895 theo-

457 1914 538 1956 logia
559 1919 588 1946 et
606 1914 728 1946 artibus
749 1914 881 1947 idoneos
902 1925 1104 1958 promovere,
1120 1914 1194 1946 fbfd.
1213 1926 1219 1947 ·.
1243 1926 1348 1946 sacros
1369 1914 1510 1954 ordines,
1534 1914 1627 1946 etiam
1650 1920 1737 1947 extra
1760 1919 1918 1958 tempora,

456 1968 602 1999 conferre
620 1993 629 2005 ,
666 1968 763 2007 ibid.;
800 1973 912 2001 eontra
941 1979 1167 2012 (pioscumque
1197 1968 1388 2000 criminosos
1418 1968 1449 2000 in
1471 1979 1527 2000 sua
1553 1967 1691 2001 dioecesi
1723 1968 1897 2011 procedere
1915 1995 1922 2007 ,

459 2020 535 2052 ibid.
560 2021 596 2059 ἰν,
619 2020 769 2053 ecclesias
791 2032 922 2053 suarum
944 2021 1148 2061 dioecesum,
1172 2021 1266 2053 etiam
1289 2027 1475 2064 exemptas,
1505 2020 1648 2060 visitare,
1686 2021 1785 2060 z'bz'(l.;
1808 2032 1920 2054 causas

458 2084 582 2113 omnes,
604 2074 742 2117 exeeptis
764 2074 1032 2117 irregularitatem
1055 2075 1338 2114 concernentibus,
1363 2085 1570 2117 cognoscere,
1591 2075 1690 2115 ibiibj,
1718 2074 1850 2118 propria
1869 2074 1922 2107 be-

460 2127 573 2159 neficia
594 2127 755 2169 resignare
776 2133 802 2160 ct
820 2134 1017 2171 permutare,
1042 2129 1117 2160 ibid.
1143 2133 1171 2160 et
1188 2139 1249 2171 seq.
1269 2139 1275 2164 ς
1295 2128 1325 2160 in
1348 2139 1461 2161 eorum
1478 2128 1620 2160 absentia
1636 2139 1653 2160 a
1674 2128 1817 2160 Romana
1828 2127 1922 2160 Curia

460 2191 517 2223 per
536 2180 795 2223 quinquennium
813 2181 998 2214 eximuntur
1018 2192 1035 2214 a
1054 2182 1230 2214 visitatione
1252 2182 1412 2214 Liminum
1435 2183 1676 2225 Apostolorum,
1698 2180 1762 2214 439
1783 2182 1812 2221 b3
1845 2192 1922 2214 con-

461 2233 613 2266 fessorem
634 2233 691 2265 sihi
713 2234 836 2276 eligunt
870 2246 942 2267 cum
965 2235 1159 2278 specialilius
1189 2236 1393 2268 facultatibus
1411 2262 1418 2276 ‚
1451 2235 1528 2268 ibid.
1553 2241 1581 2268 et
1602 2246 1664 2279 seq.
1699 2235 1814 2267 Forma
1836 2234 1922 2267 iura-

461 2286 557 2319 menti
580 2287 760 2330 praestandi
781 2298 797 2319 a
811 2288 953 2329 notariis,
973 2289 1201 2331 tabellioniltus
1217 2295 1246 2322 et
1265 2289 1424 2321 iudicibus
1441 2300 1498 2332 per
1513 2289 1614 2321 dictos
1631 2288 1789 2332 praelatos
1810 2298 1920 2320 crean-

461 2339 520 2379 dis,
543 2339 607 2371 442
627 2350 656 2371 a.
681 2340 815 2372 Praelati
841 2352 956 2384 panem
985 2341 1140 2374 habentes
1160 2353 1195 2374 ex
1217 2341 1336 2374 Palatio
1362 2341 1544 2385 Apostolico
1573 2347 1644 2374 sunt
1665 2341 1728 2374 veri
1752 2339 1923 2373 familiares

463 2398 491 2425 et
512 2392 656 2425 continui
679 2395 910 2427 commensales
930 2394 1064 2427 Romani
1086 2395 1261 2435 pontificis,
1280 2395 1336 2429 481
1364 2407 1393 2427 a.
1418 2395 1551 2428 Collatio
1569 2394 1800 2428 beneficiorum
1821 2393 1861 2427 ab
1877 2393 1922 2426 eis

463 2446 680 2486 obtentorum,
704 2457 776 2478 cum
800 2458 857 2490 per
869 2447 991 2479 obitum
1010 2448 1061 2480 illa
1079 2449 1246 2489 vacabunt!
1270 2449 1403 2481 Summo
1416 2449 1562 2481 Pontifici
1584 2453 1774 2487 reservatur,
1795 2447 1871 2479 ibid.
1892 2448 1920 2479 b.

462 2498 703 2543 Areliiepiseopi
725 2505 753 2532 et
775 2500 916 2544 episcopi
952 2501 989 2533 ad
1024 2502 1162 2534 claustra
1184 2512 1316 2534 suorum
1348 2501 1504 2535 Ordiiuun
1527 2502 1699 2535 redeuntes
1720 2501 1826 2534 officia
1847 2512 1926 2534 con·

464 2552 553 2595 sequi
587 2558 768 2596 nequeunt,
793 2553 857 2586 565
887 2554 914 2585 b.
938 2554 1194 2597 Ilispensatimies
1225 2555 1363 2598 desuper
1384 2566 1553 2589 concessae
1576 2554 1812 2597 annullanttu·,
1844 2555 1922 2588 *ibict
