2227 3001
242 268 292 295 An.
310 267 340 295 C.
360 269 426 295 ¹556

266 1979 315 1999 {nde
326 1980 428 2005 praecipit

243 2010 330 2030 tudae-1<
360 2011 429 2030 teneri

242 2043 267 2061 ad
301 2042 428 2061 solutionem

243 2074 345 2092 dicturum
356 2073 429 2092 decem

243 2105 268 2123 du
285 2108 365 2123 ator-aru
391 2109 429 2129 pro

243 2141 268 2160 qu
285 2135 304 2153 :ij
315 2140 333 2154 e·
366 2141 416 2161 sina

243 2171 294 2185 ἰιι
311 2167 373 2184 νυν-ιι
393 2166 430 2185 de-

243 2197 314 2214 ιιωὶ;ἰ
332 2196 364 2215 rel
381 2196 431 2215 alie—

242 2231 298 2246 nata.
311 2234 322 2245 a
332 2231 343 2243 .·
356 2227 366 2245 d
384 2233 430 2246 mo*

243 2258 313 2277 licina
329 2258 361 2277 tel
380 2257 430 2278 :tle-

242 2291 319 2309 nant..

484 258 548 294 510

440 323 643 356 decessorem
663 322 869 356 constitutam
885 322 983 355 fuisse
1003 323 1043 355 ad
1063 333 1196 356 eorum·
1215 322 1219 356 l
1240 322 1411 365 provinciis
1447 327 1478 355 et
1501 322 1581 356 locis
1618 320 1792 367 praedictis
1811 348 1818 362 ,
1848 325 1996 365 tempore

439 377 512 409 dem
534 387 714 420 pauperum
737 377 1047 409 cathecumenorum
1069 382 1195 409 susten·
1216 365 1219 401 l
1239 375 1470 418 publicationis
1503 380 1689 408 nostrarum
1725 375 1894 408 literarum
1937 385 1994 407 seu

1039 271 1054 293 B
1060 269 1217 294 [LLARIUM
1241 269 1392 294 RostAxmt

440 430 608 469 tationem,
629 436 659 463 et
679 431 815 462 illasmet
842 440 955 463 causas
979 436 1007 462 et
1034 430 1193 470 rationes,

441 483 560 526 quibus
570 483 638 526 ipse
651 483 926 526 praedecessorad
938 483 1040 516 dictae
1050 493 1196 516 summae
1216 478 1219 499 ⁵

441 536 646 570 solutionem.
654 541 687 567 ut
699 535 891 578 praefertur,
902 535 1046 568 facienda
1052 546 1082 568 m
1090 542 1198 569 motus
1216 541 1218 546 ⁸

441 589 554 624 fuerat,
567 589 608 621 ob
625 599 860 631 synagogarum
882 588 1123 631 praedictarum
1144 589 1198 622 de-

442 641 641 674 molitionem
649 641 697 673 vel
706 641 744 673 ad
754 641 849 674 unius
856 641 1018 674 dumtaxat
1030 653 1197 686 synagogze

442 694 678 735 reductionem,
696 705 762 727 non
782 695 887 727 solum
904 705 969 727 non
990 706 1126 730 cessare.
1143 696 1197 728 scd

442 747 551 787 ctiam,
573 747 759 780 huiusmodi
772 747 851 780 locis
863 748 1024 780 demolitis
1044 749 1196 781 cessanti-

441 801 513 840 bus,
542 801 591 833 vel
610 801 649 833 ad
674 811 777 833 unum
796 801 892 834 etiam
914 802 1068 842 redactis,
1091 803 1196 835 adhuc

440 854 614 887 subsistere
626 860 655 887 et
670 854 891 897 rigeremagis
911 861 940 888 et
962 866 999 888 eo
1021 855 1122 898 magis
1133 867 1197 899 quo

440 906 472 939 in
493 906 560 940 dies
575 907 736 940 dictorum
758 909 1068 941 cathecumenorum
1082 920 1197 941 nume-

440 971 496 992 rus
521 966 636 993 auctus
655 961 713 994 suit
734 968 763 994 et
784 968 938 1003 augetur,
961 962 1017 1005 qui
1038 973 1103 995 una
1123 974 1196 995 cum

440 1013 510 1046 aliis
523 1014 672 1050 hebraeis.
687 1015 755 1058 qui,
768 1026 881 1048 eorum
900 1015 1027 1049 iudaica
1047 1017 1197 1049 caecitate

440 1067 580 1105 abiecta,
609 1073 639 1100 et
665 1069 704 1100 ad
723 1068 790 1101 veri
818 1069 950 1101 luminis
979 1069 1197 1111 coguitionem

441 1121 596 1156 conversi,
610 1127 638 1153 et
656 1122 742 1154 sonte
758 1121 973 1165 Baptismatis,
987 1122 1116 1155 indicto
1138 1124 1198 1156 lio-

440 1173 545 1217 spitali
561 1185 618 1207 seu
630 1174 738 1213 domo,
753 1175 914 1207 caritative
932 1176 1060 1208 suerunt
1077 1176 1196 1220 recepti

441 1232 471 1259 et
492 1227 636 1271 quotidie
656 1228 874 1271 recipiuntur,
897 1239 934 1261 ac
955 1228 986 1260 in
1008 1228 1070 1261 tide
1091 1230 1200 1262 catho-

441 1279 502 1313 lica
514 1280 733 1318 instruuntur,
748 1281 789 1313 ita
799 1281 886 1324 quod
898 1281 958 1324 ipsi
971 1282 1101 1318 hebraei,
1115 1283 1198 1315 ultra
1218 1306 1220 1329 ¹.

441 1333 700 1377 quamplurimas
711 1345 791 1377 quas
804 1335 945 1367 sentiunt
955 1336 1199 1370 commoditates
1218 1353 1220 1369 ι

442 1386 474 1418 in
486 1387 585 1419 literis
601 1387 858 1430 praedecessoris
869 1388 1056 1421 huiusmodi
1069 1400 1198 1432 expres-

442 1451 502 1479 sas,
515 1441 699 1473 relevantur
711 1441 805 1474 etiam
818 1452 835 1474 a
847 1441 1029 1484 sumptibus
1040 1447 1069 1474 et
1079 1453 1198 1486 expcn-
1218 1453 1220 1458 ·

442 1493 496 1532 sis,
519 1505 600 1536 quas
618 1500 783 1536 pateretur
803 1495 899 1527 etiam
921 1495 988 1539 ipsa
1010 1495 1199 1529 universitas
1219 1494 1221 1532 ’ρ

442 1546 624 1580 iudaeorum
642 1548 690 1580 vel
709 1548 829 1580 hebraei
842 1548 913 1591 ipsi.
928 1549 1198 1592 quicatliecume-

442 1610 500 1633 nos
512 1601 595 1640 illos,
607 1601 786 1634 siconversi
801 1613 865 1635 non
881 1608 985 1635 essent
998 1609 1026 1635 et
1039 1614 1200 1647 pauperes
1219 1603 1221 1630 ¹,

443 1654 638 1695 existerent,
673 1655 769 1687 etiam
805 1655 892 1688 alere
922 1661 1122 1689 tenerentur.
1162 1658 1196 1690 131

443 1714 616 1751 propterea
632 1719 706 1741 cum
727 1709 820 1740 etiam
845 1716 1018 1752 proventus
1029 1709 1198 1753 ipsiusho-
1218 1712 1221 1730 l

443 1761 566 1803 spitalis
589 1762 774 1794 seudoinus
795 1762 837 1795 ita
853 1763 933 1795 adeo
954 1769 1067 1796 tenues
1087 1770 1116 1796 et
1137 1764 1199 1796 exi-

443 1813 498 1855 gui
518 1814 811 1857 existant,‹;uodad
826 1815 1001 1858 lutrasniissa
1021 1822 1051 1849 et
1072 1817 1134 1849 alia
1149 1818 1199 1860 pia

444 1876 543 1909 opera
563 1868 741 1900 exercenda
767 1875 938 1912 supinat-tere
959 1875 1133 1912 nequeant.

488 1921 503 1963 ξ
522 1920 553 1953 3.
572 1921 606 1953 Et
629 1927 800 1964 propterca
821 1932 934 1954 corum
951 1923 1199 1956 cathecumeno-
1218 1950 1221 1963 ἱ

445 1984 516 2006 run]
534 1974 798 2008 indemnitatibus
811 1976 978 2019 providere
988 1982 1017 2009 et
1029 1987 1199 2019 quascum-

444 2038 506 2070 que
527 2028 743 2061 dubitationes
756 2029 870 2062 tollere
887 2029 1066 2073 cupientes,
1089 2037 1199 2064 aucto-

444 2080 537 2113 ritate
557 2082 745 2125 apostolica.
768 2087 879 2114 tenore
900 2083 1120 2125 praesentium
1143 2095 1200 2127 per

420 2146 431 2150 ·
444 2141 628 2177 praesentes
648 2135 745 2168 tidem
766 2136 912 2176 facimus,
925 2142 954 2168 et
970 2136 1003 2168 in
1022 2137 1120 2169 verbo
1140 2137 1199 2170 Ro-

445 2187 531 2219 mani
546 2188 671 2219 Pontia«
685 2188 709 2220 is
725 2194 924 2229 attestamur,
944 2195 1072 2222 nostrae
1092 2190 1197 2222 inten-
1218 2199 1220 2210 ¹

445 2239 540 2272 tionis
574 2251 627 2273 seu
651 2242 786 2281 mentis,
823 2242 919 2275 etiam
941 2248 1087 2286 tempore
1107 2242 1198 2276 datae

444 2299 629 2326 nostrarum
659 2294 825 2327 literarum
869 2307 924 2329 seu
960 2296 1198 2329 constitutionis

443 2346 643 2382 huiusmodi.
661 2359 838 2392 numquam
855 2350 952 2382 fuisse
965 2361 1023 2382 nec
1041 2361 1121 2390 esse,
1140 2361 1198 2394 per

443 2400 571 2433 easdem
583 2407 709 2434 nostras
730 2402 838 2435 literas
854 2414 909 2435 scu
923 2403 1196 2443 constitutionem,

445 2453 684 2486 universitatem
700 2466 756 2486 seu
782 2455 1063 2497 congregationem
1077 2455 1198 2489 iudaeo·

443 2512 518 2535 rum
547 2508 603 2535 aut
626 2503 833 2536 hebr-,eorum
861 2504 1050 2537 huiusmodi
1074 2516 1092 2537 a
1112 2505 1198 2538 dicta

443 2552 605 2585 solutione
624 2552 736 2585 decem
757 2553 949 2586 ducatorum
970 2565 1028 2597 pro
1054 2555 1197 2597 qualibet

444 2611 604 2644 spiagoga
635 2600 816 2635 iudaeorum
846 2601 1044 2639 huiusmodi,
1075 2608 1140 2636 tani
1164 2603 1198 2636 in

444 2650 531 2684 alma
551 2650 635 2684 [rbe
650 2661 747 2694 quam
768 2649 837 2684 aliis
849 2649 1038 2692 civitatibus,
1060 2652 1152 2685 terris
1168 2657 1196 2685 et

1216 428 1219 445 ²
1239 430 1507 463 constitutionum
1524 430 1813 472 existentibus,sub
1827 435 1996 473 praetextu

1240 483 1327 526 quod
1347 483 1519 517 demolitae
1536 495 1592 516 seu
1613 483 1769 517 alienatae
1785 483 1917 523 fuerint,
1936 493 1994 515 seu

1239 537 1457 569 demolientur
1471 542 1524 569 aut
1537 537 1721 569 alienentur
1734 537 1759 577 ¹,
1773 537 1890 570 dictam
1907 547 1997 569 sum-

1240 601 1324 622 mam
1351 590 1463 623 decem
1489 591 1685 623 ducatorum
1710 591 1750 622 ab
1775 590 1994 625 universitate,

1239 654 1296 676 seu
1327 643 1578 685 congregatione
1598 643 1780 676 iudaeorum
1808 642 1996 675 huiusmodi

1239 696 1377 739 exigere,
1397 703 1425 729 et
1437 697 1510 729 illos
1525 697 1565 729 ad
1580 697 1775 730 solutionem
1791 696 1895 729 dictae
1906 706 1996 729 sum-

1240 760 1310 782 mae
1330 750 1391 793 ipsi
1411 749 1611 782 universitati
1632 755 1661 782 et
1682 749 1937 793 congregationi,
1960 761 1997 783 ac

1216 838 1219 844 ,
1240 802 1273 834 in
1293 803 1405 835 eadem
1421 802 1506 836 [rbe
1523 803 1702 836 faciendam
1714 803 1909 846 compellere
1925 814 1999 846 pos-

1240 855 1321 896 sint,
1344 856 1571 899 praeiudicare
1595 856 1734 889 voluisse
1758 866 1815 889 seu
1839 856 1933 890 velle.
1962 857 1999 889 Et

1239 908 1462 949 nihilominus,
1478 909 1596 954 potiori
1613 920 1672 952 pro
1687 910 1878 943 eorumdem
1888 910 1998 943 cathe-

1240 973 1455 995 cumenorum
1468 963 1606 1003 cautela,
1623 963 1773 996 volumus
1782 968 1812 995 et
1821 963 1999 1006 apostolica

1240 1016 1431 1049 auctoritate
1451 1015 1623 1049 statuimus
1642 1021 1673 1049 et.
1697 1015 1887 1049 ordinamus
1910 1016 1998 1060 quod

1241 1069 1406 1112 quaelibet
1426 1069 1618 1102 universitas
1645 1080 1703 1102 seu
1719 1070 1927 1112 congregatio
1945 1069 1997 1102 iu-

1240 1123 1387 1155 daeorum
1409 1134 1465 1156 seu
1480 1123 1690 1156 hebraeorum
1710 1122 1916 1163 huiusmodi,
1937 1134 1998 1167 pro

1218 1198 1219 1210 η
1240 1176 1383 1218 qualibet
1411 1187 1525 1209 eorum
1551 1187 1732 1220 synagoga,
1759 1181 1825 1208 tam
1845 1175 1995 1220 publica,

1217 1241 1220 1267 γ
1240 1240 1338 1273 quam
1357 1230 1478 1273 privata
1495 1236 1523 1263 et
1549 1229 1734 1273 temporali,
1756 1240 1840 1272 quae
1860 1229 1893 1262 in
1913 1229 1998 1264 Urhe

1241 1289 1269 1316 ct
1281 1283 1352 1315 aliis
1363 1283 1555 1323 civitatibus,
1573 1283 1679 1323 terris,
1693 1283 1868 1327 provinciis
1878 1288 1910 1316 et
1919 1283 2000 1317 locis

1243 1337 1412 1380 praefatis,
1445 1342 1593 1380 tempore
1618 1337 1848 1381 publicationis
1871 1343 1998 1371 nostra-

1241 1401 1313 1422 rum
1344 1390 1512 1423 literarum
1549 1401 1605 1423 seu
1637 1390 1905 1424 constitutionum
1934 1391 1998 1424 hu-

1241 1443 1382 1476 iusmodi
1407 1443 1484 1483 fuit,
1511 1443 1608 1476 etiam
1632 1444 1658 1476 si
1683 1444 1738 1476 illa
1763 1444 1918 1477 demolita
1940 1455 1998 1478 seu

1219 1537 1221 1540 .
1241 1496 1379 1529 alienata
1399 1497 1508 1535 suerit,
1522 1507 1578 1530 seu
1595 1497 1693 1530 etiam
1713 1496 1848 1530 alienari
1872 1508 1929 1530 seu
1944 1497 2000 1531 de-

1218 1541 1221 1587 Ῑ
1241 1549 1349 1582 moliri
1371 1550 1559 1593 contigerit,
1583 1560 1744 1582 summam
1764 1550 1878 1583 decem
1897 1550 1998 1583 duca-

1218 1635 1222 1656 l
1243 1609 1350 1636 torum
1385 1603 1575 1636 huiusmodi
1608 1603 1761 1647 hospitali
1797 1613 1855 1636 seu
1887 1603 2000 1637 domui

1219 1669 1221 1682 ι
1241 1657 1554 1690 cathecumenorum
1570 1656 1725 1689 antistius
1734 1656 1896 1700 deputatis
1908 1667 2001 1700 prae-

1241 1710 1365 1753 fatis-in
1378 1711 1463 1743 dicto
1478 1710 1558 1743 sesto
1578 1709 1730 1743 Omnium
1751 1711 1999 1751 Sanctorum‚in

1218 1767 1221 1813 ξ
1240 1764 1300 1797 hac
1313 1770 1421 1797 nostra
1432 1765 1517 1797 alma
1530 1764 1623 1801 Urbe,
1639 1763 1774 1806 singulis
1784 1763 1889 1804 annis,
1902 1763 1999 1796 etiam

1218 1818 1221 1835 ¹
1241 1829 1300 1862 pro
1321 1823 1466 1861 tempore
1476 1819 1650 1861 praeterito
1666 1823 1697 1850 et
1716 1816 1804 1857 alias,
1824 1816 1911 1850 iuxta
1927 1817 1999 1850 lite-

1241 1878 1351 1899 rarum
1362 1866 1619 1910 praedecessoris
1628 1865 1816 1900 huiusmodi
1832 1866 2000 1900 continen-

1241 1916 1317 1948 tiam
1329 1921 1359 1948 et
1380 1912 1537 1953 tenorem]
1560 1916 1682 1948 solvere
1702 1920 1851 1948 teneatur
1869 1919 1901 1948 et
1916 1915 1999 1948 obli-

1218 1993 1220 2004 ,
1240 1970 1310 2005 gata
1332 1964 1383 2005 sit,
1401 1970 1431 1998 et
1451 1964 1491 1997 ad
1516 1964 1549 1996 id
1569 1964 1641 2007 cogi
1662 1970 1692 1996 et
1708 1963 1862 2008 compelli
1882 1964 1996 2007 possit,

1218 2006 1221 2063 ξ
1240 2004 1336 2047 etiam
1354 2013 1387 2045 in
1398 2013 1550 2046 omnibus
1561 2018 1590 2045 et
1612 2023 1670 2056 per
1681 2013 1803 2053 omnia,
1816 2012 1952 2057 perinde
1961 2024 1999 2046 ac

1218 2066 1220 2077 ¹
1240 2062 1265 2094 si
1285 2066 1414 2094 nostrae
1425 2061 1536 2095 literae
1546 2061 1609 2094 sive
1618 2061 1999 2095 constitutiohuiusmodi

1218 2103 1220 2146 Ξ
1241 2109 1435 2153 publicatae,
1453 2115 1507 2143 aut
1528 2109 1637 2153 aliqua
1653 2121 1690 2143 ex
1709 2109 1803 2143 dic-tis
1819 2110 1998 2154 synagogis,

1218 2153 1220 2193 l
1241 2169 1323 2201 quae
1349 2164 1493 2202 tempore
1521 2159 1782 2202 praedecessoris
1809 2159 1998 2193 huiusmodi

1218 2215 1220 2248 ;
1241 2207 1405 2248 existebat„
1418 2207 1572 2240 demolita
1588 2218 1645 2240 seu
1667 2208 1829 2241 devastata
1843 2213 1898 2241 aut
1917 2209 1998 2242 alie-

1218 2253 1220 2296 !
1239 2262 1312 2289 nata
1334 2257 1521 2290 nont'uisset
1536 2267 1641 2301 neque
1667 2262 1762 2298 esset,
1779 2268 1915 2291 seunon
1925 2258 1997 2291 sue-

1240 2306 1280 2338 rit
1301 2316 1407 2349 neque
1428 2305 1500 2338 erit.

2010 267 2060 294 An.
2077 267 2106 295 C.
2128 265 2194 294 ¹55⁶

1284 2355 1298 2397 g
1322 2354 1353 2387 4.
1381 2354 1538 2398 Quodque
1558 2365 1775 2399 unaquaeque
1805 2355 1997 2389 universitas
2008 2370 2130 2399 omn-squ·
2146 2377 2198 2393 eon-

1239 2414 1296 2436 seu
1322 2404 1528 2446 congregatio
1549 2404 1742 2437 iudaeorum
1763 2415 1820 2438 seu
1839 2405 1996 2439 hebraeo-
2009 2403 2146 2428 Ψῧϋοω
2163 2404 2197 2424 ¹⁸²·
2214 2397 2227 2436 ἶ

1239 2501 1446 2541 Bononiensi,
1468 2501 1679 2542 Ferrariensi,
1696 2501 1918 2544 Urbinatensi,
1935 2502 1994 2536 Ca-

1240 2599 1412 2643 provinciis
1439 2605 1470 2633 et
1499 2599 1579 2634 locis
1610 2600 1704 2634 nobis
1732 2606 1764 2634 et
1796 2601 1901 2636 eidem
1933 2601 1994 2636 Ro-

1279 2664 1286 2689 l
1308 2665 1519 2693 :ilienabmumn
1538 2663 1633 2691 Matth.
1651 2663 1690 2700 (Β.
1708 2663 1759 2701 τ.).

2212 2526 2227 2572 5

2208 2577 2227 2663 ἒ

2216 2249 2227 2395 i*

1240 2462 1313 2484 rum
1330 2452 1529 2492 huiusmodi,
1551 2458 1617 2485 tam
1637 2455 1670 2486 iu
1688 2453 1774 2486 alma
1792 2453 1877 2486 Urbe
1897 2464 1995 2497 quam
2009 2434 2197 2486 ἓῗιῗιᾞῗςῗοξῧῖ
2216 2437 2227 2485 3

2008 2498 2078 2547 3:¹⁵·
2095 2495 2196 2548 ,still-123¹:
2217 2497 2227 2504 Γ

1240 2550 1414 2584 mei-issensi
1435 2556 1463 2583 et
1490 2551 1560 2584 aliis
1580 2551 1761 2585 civitatibus
1784 2557 1816 2585 et
1838 2551 1933 2585 terris
1956 2563 1994 2586 ac
2009 2561 2044 2578 ¹¹⁰·

2210 2510 2227 2525 ’ἑ
