2227 3001
73 219 124 247 An.
142 221 170 248 C.
192 220 257 248 ¹557

83 325 212 352 Approbatio
221 331 255 351 ge-

69 357 182 376 rendorum
198 357 255 383 a-le-

69 391 124 412 gato.

75 1023 187 1044 Decretum
212 1025 242 1044 n·-

60 1056 136 1074 rituns.

101 1397 239 1419 Ezecutoruni

56 1429 170 1456 deputatio.

921 220 1039 246 erLrs
1063 222 1097 245 111
1122 221 1168 245 pr.

316 274 390 318 515.
400 274 614 308 Decernentes
626 273 1025 312 commissionibus,manu
1066 274 1229 307 neralibns
1248 274 1295 307 vel
1312 273 1522 317 specialibus,
1541 274 1599 306 sub
1615 285 1821 320 quacumque
1851 285 1963 311 nerogmo
1975 292 2021 307 con⁴

270 333 325 360 tua
351 333 393 368 et,
414 328 522 371 rigore
550 328 785 372 praesentium,
809 330 847 363 de.
875 332 1025 365 mandato

270 386 379 414 nostro
397 392 433 413 ac
453 381 486 414 in
507 381 686 424 praesentia
710 388 818 415 nostra
848 383 1022 427 signandis,

268 445 305 467 ac
325 433 587 477 derogationibus
607 435 652 467 eis
672 436 897 475 concedendis,
920 438 952 471 in
974 438 1023 471 iu-

267 489 351 522 dicio
372 494 402 520 et
421 493 527 527 extra,
551 488 684 531 perinde
704 500 739 521 ac
761 490 785 522 si
807 491 938 534 propria
963 503 1023 525 no—

266 547 330 575 stra
354 552 452 574 mann
487 541 627 583 signatae
655 542 803 580 fuissent,
827 544 903 576 stari
923 551 953 577 et
973 545 1022 578 in-

266 595 441 628 dubitatam
463 594 559 627 fidem
583 595 740 632 adhiberi,
764 607 891 629 necnon
914 598 1021 632 omnia

265 653 295 681 et
327 648 453 691 singula
479 648 559 685 alia,
589 649 780 681 eorumdem
802 651 1020 692 praesentium

264 701 387 743 vigore,
410 712 468 745 per
486 707 517 734 te
538 712 593 734 seu
614 702 652 734 de
674 703 824 735 mandato
846 709 919 744 tuo,
943 705 1021 738 alias

264 755 322 787 rite
356 765 414 798 pro
445 760 591 798 tempore
611 760 699 797 gesta
732 761 761 788 ct
790 767 960 797 concessa,
983 769 1020 790 ao

263 819 511 851 quaecumque,
534 819 616 851 quae
650 809 723 842 inde
757 815 944 852 sequentur,
966 822 1019 844 xa-

263 862 326 894 lida
354 866 384 894 et
410 861 552 895 efficacia
573 862 719 903 existere,
742 867 772 895 et
792 873 866 896 suos
886 864 1020 898 effectus

262 915 370 948 sortiri
390 915 518 948 debere.

305 969 319 1011 ξ
340 968 393 1001 to.
422 968 537 1012 Sicque
560 980 617 1012 per
637 980 861 1013 quoscumque
882 970 1015 1009 iudices,

260 1021 370 1065 quavis
403 1022 592 1055 auctoritate
618 1023 805 1064 fungentes,
828 1024 952 1056 sublata
973 1025 1018 1057 eis

259 1075 370 1118 quavis
397 1076 489 1108 aliter
522 1075 685 1108 iudicandi
719 1081 749 1108 et
783 1076 1016 1120 interpretandi

258 1128 408 1161 facultate
429 1135 459 1162 et
478 1128 668 1161 auctoritate
681 1155 688 1167 ‚
710 1128 847 1161 iudicari
867 1136 898 1163 et
916 1130 1016 1163 inter-

258 1182 378 1224 pretari
412 1194 449 1216 ac
482 1181 610 1215 definiri
630 1181 760 1221 debere,
779 1193 814 1215 ac
837 1182 965 1216 irritum
987 1190 1015 1217 et

258 1234 351 1268 inane
372 1235 529 1280 quidquid
557 1246 651 1268 secus
671 1246 769 1278 super
793 1237 854 1277 his,
878 1237 1016 1271 scienter

257 1289 304 1320 vel
325 1288 522 1331 ignoranter,
547 1288 715 1331 contigerit
741 1290 900 1322 attentari.

301 1342 315 1385 ξ
335 1342 387 1375 17.
419 1342 604 1374 Mandantes
628 1342 762 1386 insuper
782 1343 1011 1385 gubernatori,

256 1394 375 1428 vicario
396 1395 539 1428 eiusdem
560 1395 674 1435 L'rbis,
698 1396 836 1429 auditori
862 1397 1014 1431 Gamerae

255 1453 285 1480 et
301 1448 440 1482 senatori
457 1460 493 1482 ac
510 1448 580 1481 aliis
596 1449 787 1482 officialibus
803 1450 1014 1493 quibuscum—

255 1512 318 1545 que
343 1502 375 1535 in
402 1502 472 1546 ipsa
500 1502 584 1535 Urbe
620 1502 863 1546 praesentibus,
886 1515 1011 1537 necnon

255 1555 407 1588 omnibns
427 1561 455 1588 et
477 1555 612 1597 singulis
637 1556 832 1593 baronibus,
856 1557 1012 1590 domicel-

256 1609 312 1649 lis,
335 1609 572 1654 stipendiariis,
595 1610 777 1647 nobilibus,
801 1610 938 1648 civibus.
963 1612 1012 1645 in-

255 1663 334 1696 colis
367 1669 397 1696 et
430 1663 665 1696 habitatoribus
692 1674 728 1696 ac
759 1665 905 1706 personis
943 1666 1012 1699 aliis

255 1716 366 1756 Urbis,
395 1716 528 1756 Curiae,
557 1717 761 1749 districtuum
795 1723 825 1750 et
863 1718 1010 1751 locorum

252 1770 517 1812 praedictorum,
545 1771 641 1803 etiam
675 1770 858 1803 forensibus
891 1771 1010 1804 ibidem

251 1833 310 1866 pro
343 1828 490 1867 tempore
524 1823 737 1866 degentibus,
773 1824 1009 1868 cuiuscumque

250 1875 424 1919 dignitatis,
448 1882 559 1913 status,
577 1877 708 1919 gradus,
727 1877 849 1910 ordinis
870 1879 917 1910 rel
935 1889 1010 1911 con-

249 1929 380 1963 ditionis
405 1930 544 1968 fuerint,
573 1930 604 1962 in
632 1931 747 1963 virtute
775 1937 904 1964 sanctae
931 1932 1008 1964 obe-

249 1983 386 2015 dientiae
406 1988 433 2016 et
456 1984 515 2016 sub
537 1984 649 2027 poenis
670 1995 728 2028 per
753 1990 781 2017 te
804 1984 1004 2027 infligendis,

249 2041 282 2068 ut
313 2036 367 2068 tibi
395 2036 427 2069 in
451 2037 603 2070 omnibus
624 2043 755 2080 pareant
783 2038 957 2071 efficaciter
977 2045 1007 2071 et

249 2089 421 2130 obediant,
452 2091 539 2123 omni
573 2090 726 2124 dilatione
755 2096 786 2123 et
818 2093 1006 2135 exceptione

249 2148 403 2176 cessante.
428 2144 490 2177 Nos
524 2144 609 2177 enim
638 2156 697 2188 per
717 2150 745 2177 te
766 2156 825 2189 pro
859 2151 1006 2189 tmupore

248 2197 341 2236 faeta,
360 2208 512 2230 concessa
532 2203 559 2230 et
581 2203 652 2231 acta
672 2210 708 2231 ac
725 2204 813 2241 gesta
828 2210 1005 2241 quaecum-

247 2261 322 2293 que,
345 2261 471 2284 necnon
492 2262 675 2295 processus,
689 2252 863 2285 sententias
879 2258 907 2285 ct
927 2264 1004 2296 poe—

248 2314 326 2343 nas,
349 2315 428 2347 quas
461 2315 520 2348 per
549 2311 597 2343 te,
620 2305 727 2348 vigore
762 2306 1002 2348 praesentium,

248 2357 413 2390 fulminari
434 2358 600 2401 contigerit
618 2385 624 2399 ,
647 2366 714 2392 rata
734 2359 926 2392 habt-bintus
945 2386 951 2397 ,
975 2365 1002 2393 et

247 2410 418 2449 faciemus,
441 2417 573 2445 auctore
594 2412 748 2453 Domino,
770 2424 872 2456 usque
894 2413 932 2445 ad
954 2424 1002 2445 sa-

246 2460 458 2494 tisfactionem
476 2461 680 2505 condignam,
700 2461 924 2495 iuviolabiliter
944 2462 1002 2495 ob—

248 2510 378 2542 servari.

289 2559 376 2601 §slS
400 2559 469 2592 'Non
500 2560 699 2593 obstantibus
729 2560 922 2604 privilegiis,
953 2560 1001 2593 in-

244 2608 428 2653 dulgentiis,
452 2615 516 2642 tam
538 2610 722 2654 apostolicis
741 2622 838 2654 quam
864 2611 934 2644 aliis
949 2622 1002 2655 ge-

1716 214 1779 249 253

1067 328 1168 360 forma
1189 333 1220 361 et
1239 327 1443 372 expressione
1463 328 1653 367 verborum,
1677 331 1823 363 cuicum-

1064 392 1138 423 que,
1163 381 1397 425 cuiuscun‘ique
1418 387 1529 422 status,
1551 383 1681 425 gradus,
1700 384 1822 418 ordinis

1065 434 1110 466 vel
1141 435 1333 468 conditionis
1358 441 1411 468 aut
1441 435 1615 475 Ordinnni‚
1644 436 1739 469 etiam
1769 437 1820 470 Ci-

1063 488 1257 525 sterciensis,
1275 489 1504 529 Cluniae-ensis,
1522 490 1819 523 Practnonstraten-

1063 541 1122 581 sis,
1145 542 1459 582 Grandimontensis,
1481 543 1702 583 Cartusiensis,
1725 545 1820 576 Vallis

1064 595 1250 634 Umbrosae,
1273 596 1539 635 Camaldulensis,
1553 596 1816 636 Ilumiliatorum,

1062 648 1167 680 sancti
1188 649 1349 682 Benedicti
1366 656 1393 682 et
1411 651 1591 692 Augustini,
1610 650 1817 694 hospitalium

1063 700 1439 745 llierosolymitanoru111,
1463 703 1492 736 S.
1512 703 1639 736 Ioannis
1659 709 1689 737 et
1708 704 1738 737 S.
1757 704 1819 736 Ma-

1062 753 1126 786 riae
1147 755 1413 792 Teutonicortun,
1436 756 1676 797 Catatravensis,
1695 758 1725 791 S.
1749 757 1818 801 Spi-

1061 807 1140 840 ritus
1160 807 1192 840 in
1213 808 1302 841 Saxia
1325 814 1355 842 et
1375 809 1482 842 Sancti
1504 810 1632 843 Antonii
1661 822 1717 843 seu
1737 821 1817 854 quo—

1060 872 1276 904 rumcumque
1305 863 1444 895 alioruin
1473 863 1629 896 Ordinum
1660 864 1812 905 existant,

1060 915 1232 955 concessis,
1245 916 1444 949 confirmatis
1456 923 1484 949 et
1498 917 1665 957 innovatis;
1677 929 1713 950 ac
1723 929 1816 961 prae-

1059 968 1134 1000 dicti
1147 969 1302 1002 Bonil'acii
1320 970 1576 1013 praedecessoris
1592 971 1630 1004 de
1647 982 1721 1011 una,
1738 972 1812 1005 etin

1059 1021 1198 1054 concilio
1217 1022 1359 1065 generali
1381 1023 1418 1055 de
1439 1023 1565 1056 duabus
1585 1023 1696 1057 diaetis
1717 1025 1812 1064 edita,

1057 1086 1093 1107 :tc
1119 1075 1353 1115 Lateranensis‚
1376 1076 1580 1110 pictaviensis
1606 1083 1635 1110 et
1655 1079 1814 1121 generalis

1058 1128 1292 1170 conciliorum,
1324 1140 1382 1162 nec
1411 1141 1476 1163 non
1508 1131 1546 1163 de
1573 1132 1679 1164 valore
1709 1133 1814 1175 expri-

1058 1182 1173 1214 mendo
1190 1188 1219 1215 et
1235 1183 1274 1215 de
1293 1183 1502 1216 concessione
1511 1183 1657 1217 facienda
1673 1185 1704 1217 in
1721 1185 1813 1218 unio-

1057 1234 1150 1268 nibus
1170 1241 1199 1268 et
1220 1236 1349 1269 illarum
1376 1237 1690 1277 confirmationibus,
1712 1249 1749 1271 ac
1774 1239 1812 1271 de

1057 1287 1352 1322 insordescentibus
1377 1289 1408 1322 in
1435 1290 1580 1323 censuris
1608 1301 1666 1334 per
1685 1296 1812 1336 tempus

1056 1341 1133 1374 inibi
1153 1354 1339 1387 expressum
1361 1349 1391 1376 et
1411 1344 1500 1383 alias;
1518 1356 1555 1377 ac
1576 1345 1614 1377 de
1635 1355 1699 1377 non
1720 1355 1813 1388 expe-

1055 1395 1179 1428 diendis
1207 1395 1307 1429 literis
1332 1397 1604 1430 executorialibus
1637 1404 1668 1430 et
1701 1409 1813 1441 seque-

1055 1449 1140 1489 stris,
1163 1449 1224 1482 nisi
1242 1450 1301 1482 sub
1317 1451 1464 1493 plumbo,
1483 1457 1511 1484 et
1523 1451 1593 1484 aliis
1613 1452 1813 1486 constitutio-

1056 1503 1149 1536 nibus
1164 1509 1194 1536 et
1210 1504 1468 1538 ordinationibus
1483 1505 1669 1549 apostolicis
1684 1516 1812 1540 necnon

1054 1556 1277 1594 ecclesiarum,
1300 1556 1331 1589 in
1353 1557 1470 1600 quibus
1491 1558 1670 1591 saecularia
1695 1564 1725 1592 et
1744 1570 1812 1592 mo-

1054 1609 1268 1643 nasteriorum
1290 1616 1316 1643 et
1339 1611 1479 1644 aliorum
1505 1613 1704 1655 regularium
1724 1613 1811 1646 loco-

1053 1675 1137 1703 rum,
1162 1664 1193 1696 in
1214 1665 1332 1707 quibus
1352 1666 1514 1708 regularia
1530 1665 1687 1699 beneficia
1698 1667 1810 1700 huius-

1054 1718 1140 1751 modi
1180 1719 1287 1752 forsan
1318 1719 1456 1759 suerint,
1480 1731 1534 1753 seu
1562 1732 1579 1753 a
1607 1721 1726 1764 quibus
1754 1721 1808 1754 illa

1052 1772 1233 1815 dependere
1250 1773 1431 1816 contigerit,
1452 1781 1481 1807 et
1497 1774 1652 1808 Ordintnn
1669 1785 1809 1819 quorum

1051 1825 1224 1865 extiterint,
1248 1825 1444 1867 iuramento,
1467 1828 1713 1861 confirmatione
1733 1839 1810 1872 apo-

1051 1877 1161 1911 stolica
1183 1884 1215 1911 et
1240 1880 1351 1922 quavis
1381 1880 1532 1913 firmitate
1553 1881 1614 1914 alia
1634 1881 1806 1919 roboratis,

1050 1930 1174 1963 statutis
1195 1937 1225 1964 et
1245 1933 1535 1967 consuetudinibus
1555 1934 1665 1967 etaliis
1676 1934 1809 1978 quibus·

1050 1994 1189 2027 cumque
1237 1985 1422 2029 praemissis
1461 1986 1681 2027 obviantibus,
1725 1999 1807 2031 quae

1049 2037 1156 2070 omnia
1177 2044 1207 2071 et
1235 2039 1360 2082 singula
1388 2040 1421 2072 in
1448 2039 1548 2073 literis
1574 2051 1632 2084 per
1652 2046 1681 2074 te
1710 2052 1808 2085 super

1048 2091 1167 2124 eisdem
1195 2094 1382 2137 praemissis
1409 2094 1625 2127 concedendis
1652 2095 1806 2128 latissime

1048 2145 1184 2188 exprimi
1201 2157 1294 2189 posse
1309 2147 1471 2185 volumus;
1486 2148 1670 2191 praemissis
1683 2159 1719 2181 ac
1730 2159 1807 2181 con—

1047 2198 1267 2232 stitutionibus
1287 2205 1317 2232 et
1343 2199 1600 2234 ordinationibus
1621 2201 1805 2245 apostolicis

1048 2262 1174 2284 necnon
1199 2252 1363 2295 quibusvis
1394 2252 1465 2286 aliis
1489 2253 1680 2297 privilegiis,
1705 2253 1805 2287 literis

1047 2310 1074 2338 ct
1096 2306 1354 2349 exemptionibus
1381 2307 1437 2344 eis,
1467 2308 1527 2341 sub
1548 2308 1714 2351 quibusvis
1733 2319 1803 2341 ver-

1045 2361 1161 2393 borum
1184 2360 1296 2393 formis
1316 2367 1343 2394 ct
1366 2362 1531 2403 clausulis,
1554 2362 1650 2395 etiam
1671 2363 1804 2406 deroga-

1046 2414 1202 2447 toriarutn
1223 2415 1453 2459 derogatoriis,
1477 2428 1535 2461 per
1558 2428 1617 2450 nos
1638 2422 1665 2450 et
1688 2417 1801 2451 Sedent

1045 2464 1189 2496 stanideni
1211 2465 1371 2498 concessis
1399 2471 1429 2499 et
1457 2466 1672 2500 concedendis
1692 2467 1723 2499 in
1744 2477 1802 2510 po-

1045 2519 1177 2551 sterum,
1188 2524 1473 2558 quorumcumque
1489 2521 1638 2549 tenorum
1654 2515 1798 2549 existant.

1045 2572 1101 2604 per
1120 2572 1214 2605 quae,
1245 2564 1468 2606 praesentibus
1487 2575 1552 2597 non
1580 2575 1728 2608 expressa
1752 2563 1800 2597 vel

1043 2611 1182 2645 totaliter
1206 2622 1271 2646 non
1291 2612 1429 2655 inserta,
1451 2614 1584 2647 effectus
1604 2624 1716 2647 earum
1737 2613 1798 2647 im—

1838 222 1888 249 Αη.
1905 224 1934 251 C.
1955 223 2023 250 ¹557

1839 319 1957 337 (rariorum.
