2227 3001
214 270 264 294 An.
283 268 308 295 C.

214 515 281 535 serint
290 531 295 539 ,

331 269 397 295 1520

335 515 397 535 alium

457 260 521 296 396

1031 271 1165 294 Bt’LLARI
1170 271 1211 294 [Ἤ
1233 270 1385 294 ROMANL'M

413 324 511 357 alium
530 324 745 358 consessorem
758 324 895 366 eligendi
906 324 1091 356 facultatem
1107 324 1164 356 ha·
1208 322 1269 355 alia
1289 322 1393 355 divina
1414 322 1518 355 officia
1538 322 1722 363 celebrare,
1745 332 1780 355 ac
1808 321 1960 355 ecc-lesia-

412 376 531 410 buerit.

1207 375 1285 408 stica
1315 381 1515 408 sacramenta
1541 376 1685 419 recipere
1711 381 1741 409 et
1769 375 1838 408 aliis
1863 375 1960 408 mini-

457 430 537 474 git.
556 432 599 463 Ac
616 430 798 463 inhibemus
810 440 849 463 ne
863 430 946 472 quis,
965 436 1034 473 post
1050 430 1165 463 emissa
1207 435 1327 469 strare,
1349 429 1526 462 dummodo
1546 429 1606 473 ipsi
1627 440 1755 463 causam
1776 440 1842 462 non
1862 429 1959 463 dede-

227 483 266 510 Q¹¹⁵
282 487 329 504 *⁴¹*
346 485 398 503 ‘¹¹⁸1-
411 488 483 516 vota
503 484 680 516 secundum
702 483 945 516 constitutiones
964 484 1143 527 praedictas
1155 511 1162 522 ‚

1208 482 1270 514 rint
1290 482 1473 522 interdicto,
1491 493 1550 515 nec
1566 482 1729 526 contingat
1744 483 1774 516 id
1796 483 1872 527 ipsis
1888 494 1960 527 spe-

211 545 318 597 Offiflemi
337 536 474 571 ,ηε-51113
508 538 670 580 professus
695 536 756 569 sire
791 536 946 569 scholaris
977 536 1039 569 sive
1068 537 1163 571 coad—
1207 535 1331 568 cialiter
1350 535 1509 568 interdici.

213 581 245 597 ter
279 582 350 597 artius
362 583 397 598 en>
414 589 419 594 ·

212 609 278 633 mm,
315 610 361 634 ῆς(
377 609 396 629 d,
412 596 497 622 lutor
512 589 676 623 Societatis
698 589 882 623 huiusmodi
903 590 960 629 sit,
988 591 1027 622 ad
1053 601 1164 633 quem-

211 645 253 660 non
273 644 368 667 possunt.

236 1182 350 1206 *inmune
373 1185 393 1200 ct

207 1213 392 1233 insult-ntescoer·

207 1245 251 1264 ccii
276 1250 301 1270 po
316 1248 362 1264 sin:
382 1252 392 1263 .·.

208 1277 337 1302 ρι.ἰεηιιὶ>1κ)4

219 1772 326 1797 memini..
338 1779 349 1792 a
360 1779 391 1792 su-

205 1805 330 1830 pei-inritato
354 1811 387 1825 or>

205 1837 342 1857 dinariorum,

219 2146 287 2167 fimi&
297 2153 313 2165 i<

331 2146 389 2167 cole<

204 2178 389 2203 br.·1,di=iiprr.il—

205 2213 243 2229 lari
264 2209 355 2234 portanti
368 2212 389 2228 et

205 2243 300 2266 tempure

205 2272 263 2292 dicu.

324 2243 389 2260 lisses-

410 643 454 676 vis
470 643 568 675 alium
585 642 748 683 Ordinem,
761 644 855 676 etiam
872 654 930 687 per
949 644 1063 677 Sedent
1073 655 1163 688 prae—

410 696 526 729 dictam
544 697 771 740 approbatum,
785 696 1059 730 Carthusiensium
1072 697 1163 730 dum-

409 755 490 782 taxat
507 755 651 793 excepto,
663 750 723 783 nisi
739 750 777 783 de
793 761 942 794 expressa
957 750 1057 795 ipsius
1073 762 1164 795 prae—

409 803 503 846 positi
518 803 686 836 autdictae
707 804 796 837 Sedis
813 804 951 844 licentia,
975 804 1160 841 transserri;

408 857 527 898 egressi
548 868 622 890 vero
644 857 721 890 alias
742 868 839 901 quam
863 864 897 890 ut
922 859 1105 902 praefertur
1124 859 1162 891 de

407 909 524 944 Ordine
541 921 596 943 seu
614 911 775 944 consortio
799 911 1006 950 huiusmodi,
1024 911 1056 944 in
1071 913 1161 945 nullo

407 963 488 1001 alio,
511 970 736 1009 praeterquam
767 964 1042 998 Carthusiensium
1069 977 1161 1008 prae-

1250 589 1264 631 ξ
1285 589 1337 621 15.
1361 589 1401 621 lis
1425 599 1519 629 vero,
1547 589 1601 632 qui
1634 591 1666 622 in
1692 589 1835 633 ipsorum
1864 601 1958 635 prae-

1206 642 1384 685 positorum
1419 648 1448 676 et
1476 642 1640 676 sociorum
1669 650 1838 677 morantur
1866 645 1959 679 obse-

1205 695 1301 738 quiis,
1320 702 1436 729 cuncta
1452 696 1551 730 libere
1569 696 1750 730 ministrare
1772 698 1895 742 possint
1909 709 1959 732 ec-

1206 749 1381 782 clesiastica
1402 756 1614 790 sacramenta;
1637 755 1666 782 et
1687 750 1786 794 ipsos,
1808 762 1882 784 cum
1902 752 1958 785 de-

1206 802 1336 843 cedunt,
1348 803 1379 835 in
1396 813 1508 836 eorum
1526 804 1727 837 coemeteriis
1742 805 1889 848 sepelire.

1248 857 1263 900 5
1287 856 1339 890 16.
1368 857 1400 890 Si
1429 858 1559 901 quando
1584 857 1616 890 in
1641 858 1751 899 terris,
1783 859 1816 891 in
1841 859 1959 902 quibus

1205 911 1282 943 socii
1303 911 1458 954 praedicti
1487 912 1534 944 vel
1555 922 1669 945 eorum
1691 912 1790 956 aliqui
1807 923 1865 957 pro
1881 918 1960 946 tem-

1206 975 1282 1008 pore
1302 965 1500 1006 resederint,
1529 966 1577 999 vel
1605 966 1637 998 in
1663 977 1775 999 earum
1805 977 1960 1011 personas

1976 268 2023 294 An.
2043 267 2072 293 C.
2088 267 2155 294 istro

2002 598 2160 620 familiaribus-

1975 636 2015 658 que
2045 630 2159 652 SJciemis

1974 665 2063 689 pnssunk
2095 662 2160 683 mini-

1974 696 2043 714 strare
2085 698 2161 714 sacru-

1974 728 2045 745 menta
2055 727 2075 745 el
2085 724 2159 751 sepul-

1974 759 2049 777 [anm.

1987 869 2097 890 interdicit
2108 872 2160 889 tem-

1974 906 2025 926 pore
2034 902 2103 920 divina
2112 906 2160 927 pns-

1973 935 2022 952 suut
2037 932 2109 952 audire
2127 931 2159 951 [a-

1973 964 2080 988 minares,
2105 969 2160 989 pro-

1974 997 2084 1016 curatores
2100 997 2121 1015 et
2138 1000 2161 1015 o-

407 1017 471 1050 sato
496 1017 624 1058 Ordine,
644 1018 787 1058 admitti,
815 1018 916 1063 recipi
950 1019 998 1052 vel
1031 1018 1162 1052 retineri
1181 1022 1185 1070 l
1204 1019 1547 1052 excommunicationis
1575 1031 1631 1052 seu
1652 1020 1813 1053 interdicti
1833 1027 1960 1054 senten·
1974 1025 2052 1052 rer-¹1⁵⁵
2082 1023 2160 1046 sme-

406 1071 540 1115 possint.

451 1124 466 1168 ἓ
486 1125 538 1158 212.
558 1126 686 1169 Ipsique
703 1125 863 1168 generalis
877 1132 906 1159 et
922 1126 975 1158 alii
991 1126 1162 1160 inferiores

408 1178 601 1222 praepositi,
634 1191 692 1224 per
729 1190 761 1212 se
798 1180 846 1212 vel
877 1180 974 1220 alios,
1011 1180 1082 1213 illos
1116 1180 1160 1213 sic

407 1242 552 1272 egressos
571 1244 607 1266 ac
628 1233 707 1266 alios
726 1244 950 1277 quoscumque
977 1234 1080 1267 dictae
1101 1234 1160 1267 So-

407 1284 528 1318 cietatis
548 1292 723 1329 apostatas,
746 1292 779 1320 ut
806 1287 901 1320 etiam
927 1287 1007 1320 alios
1034 1288 1161 1331 quosvis

406 1338 579 1373 insolentes
599 1346 629 1373 et
658 1340 713 1384 qui
739 1340 770 1372 id
800 1341 917 1373 mereri
944 1340 1157 1380 videbuntur,

406 1392 438 1424 in
454 1403 662 1438 quocumque
680 1394 790 1427 babitu
807 1399 968 1438 apostatas
980 1394 1161 1438 praedictos

406 1446 573 1489 contigerit
600 1447 752 1486 inveniri,
780 1447 1076 1487 excommunicare,
1107 1459 1160 1481 ca-

404 1510 491 1543 pere,
513 1500 715 1533 incarcerare
731 1507 760 1533 et
776 1500 854 1533 alias
874 1512 950 1534 suae
971 1501 1159 1545 disciplinae

405 1553 605 1594 submittere,
624 1560 652 1587 et
674 1555 712 1587 ad
734 1554 776 1594 id,
791 1554 816 1587 si
837 1565 918 1598 opus
938 1554 1046 1590 fuerit,
1069 1555 1159 1588 auxi-

405 1607 483 1639 lium
517 1607 641 1641 brachii
670 1608 844 1641 saecularis
872 1608 1037 1649 invocare,
1060 1609 1159 1642 libere

405 1665 434 1692 et
456 1660 540 1694 licite
560 1662 695 1694 valeant.

449 1714 463 1757 g
484 1714 536 1747 13.
560 1715 730 1758 Ipsumque
757 1714 949 1748 Societatem
970 1721 1001 1749 et
1030 1716 1159 1749 univer-

405 1777 457 1800 sos
476 1767 562 1801 illius
589 1768 693 1801 socios
718 1774 748 1801 et
770 1779 940 1812 personas,
963 1769 1158 1813 illorumque

405 1821 489 1854 bona
504 1833 731 1866 quaecumque
751 1823 791 1855 ab
810 1823 899 1856 omni
919 1823 1156 1867 superioritate,

404 1875 636 1916 iurisdictione,
652 1876 852 1910 correctione
874 1887 1158 1921 quorumcumque

404 1928 643 1962 ordinariorum
665 1930 834 1963 eximimus
855 1936 884 1963 et
904 1930 1098 1970 liberamus,
1121 1941 1157 1963 ac

404 1982 463 2015 sub
483 1988 592 2016 nostra
613 1989 641 2017 et
663 1985 823 2027 praefatae
849 1984 938 2017 Sedis
958 1984 1157 2027 protectione

404 2036 609 2080 suscipimus.

448 2090 462 2133 ξ
480 2090 526 2123 14.
546 2091 716 2134 Liceatque
733 2091 934 2135 praepositis⁷
949 2097 979 2124 et
994 2090 1032 2124 de
1043 2102 1156 2124 eorum

405 2142 499 2176 etiam
533 2144 682 2178 facultate
699 2172 706 2185 ,
743 2145 899 2178 universis
937 2144 1089 2177 fratribus
1127 2150 1155 2177 et

405 2197 498 2230 soclis
529 2198 677 2231 Societati
711 2198 898 2231 huiusmodi
933 2198 965 2230 in
992 2199 1155 2242 presbite-

403 2256 492 2283 ratus
502 2250 613 2284 ordine
626 2251 817 2292 constitutis,
836 2251 867 2284 in
884 2251 973 2292 locis,
992 2251 1022 2283 in
1039 2251 1157 2295 quibus

404 2304 534 2347 degunt,
558 2310 587 2337 et
607 2315 661 2338 eos
682 2316 739 2348 pro
762 2311 905 2349 tempore
920 2305 1038 2338 morari
1057 2305 1156 2338 conti-

403 2357 502 2401 gerit,
534 2358 652 2391 habere
674 2358 825 2399 oratoria,
849 2365 878 2392 et
898 2358 930 2391 in
952 2358 997 2391 eis
1016 2370 1052 2391 ac
1073 2369 1155 2402 quo-

404 2422 544 2455 cumque
564 2412 626 2445 alio
646 2413 781 2445 honesto
801 2419 829 2445 et
852 2413 1043 2456 congruenti
1064 2413 1153 2451 loco,

403 2467 436 2500 in
456 2467 547 2500 altari
568 2467 727 2511 portatili‚
751 2478 824 2499 cum
846 2468 959 2500 debitis
979 2467 1156 2501 reverentia

404 2523 432 2549 et
445 2518 580 2556 honore,
593 2517 838 2560 etiamtempore
849 2517 1020 2552 interdicti.
1032 2517 1153 2560 quavis.

404 2567 498 2599 etiam
519 2567 706 2610 apostolica,
729 2565 916 2599 auctoritate
937 2566 1091 2610 appositi,
1109 2566 1155 2599 ia-

403 2615 476 2647 nuis
503 2616 636 2655 clausis,
659 2615 944 2648 excommunicatis
973 2622 1002 2647 et
1023 2615 1154 2648 interdi-
1175 2636 1177 2638 -

405 2664 462 2697 ctis
491 2665 648 2706 exclusis,
675 2664 831 2698 submissa
864 2674 960 2704 voce,
988 2663 1100 2698 missas
1125 2670 1178 2709 et..¹

1205 1071 1262 1105 tias
1273 1073 1439 1115 contigerit
1458 1073 1671 1117 pronmlgari‚
1689 1074 1782 1118 pueri
1797 1085 1853 1108 seu
1870 1075 1959 1108 fami-

1204 1125 1308 1165 liares,
1330 1126 1518 1158 eorumdem
1530 1126 1692 1159 sociorum
1709 1126 1842 1160 servitiis
1862 1127 1961 1171 depu-

1205 1178 1271 1219 tati,
1289 1189 1325 1212 ac
1346 1189 1460 1212 eorum
1477 1186 1506 1212 et
1518 1179 1686 1213 Societatis
1701 1180 1888 1214 huiusmodi
1904 1192 1959 1215 ne-

1203 1231 1370 1274 gociorum
1387 1238 1617 1276 procuratores
1632 1238 1660 1265 et
1678 1233 1830 1277 operarii,
1848 1234 1959 1267 huius-

1204 1284 1290 1317 modi
1306 1285 1471 1318 sententiis
1483 1286 1612 1319 obnoxii
1623 1286 1754 1319 minime
1764 1286 1957 1328 habeantur;

1204 1337 1310 1381 ibique
1332 1339 1453 1383 possint
1479 1340 1590 1372 audire
1611 1340 1732 1380 divina,
1754 1340 1816 1374 nisi
1837 1341 1957 1375 eisdem

1204 1402 1333 1425 causam
1354 1393 1521 1433 dederint,
1544 1394 1592 1426 vel
1619 1394 1801 1438 specialiter
1829 1405 1958 1429 excom-

1203 1445 1362 1478 municari
1381 1457 1436 1479 seu
1454 1446 1602 1480 interdici
1619 1447 1789 1490 contigerit
1813 1449 1955 1482 eosdem.

1246 1498 1324 1542 317.
1342 1499 1405 1532 Nec
1416 1499 1490 1532 ullis
1509 1500 1661 1543 praelatis
1685 1506 1798 1534 contra
1817 1502 1958 1546 aliquem

1203 1552 1241 1585 de
1263 1552 1427 1596 praedicta
1439 1553 1598 1586 Societate
1615 1554 1664 1587 vel
1680 1560 1793 1588 contra
1807 1556 1887 1590 alios
1901 1567 1957 1590 eo-

1203 1617 1275 1638 rum
1290 1606 1432 1650 aliquam
1452 1608 1808 1650 excommunicationis,
1821 1621 1958 1655 suspen-

1203 1660 1302 1693 sionis
1328 1662 1376 1694 vel
1410 1661 1572 1695 interdicti
1605 1663 1809 1703 sententiam,
1846 1669 1958 1698 contra

1203 1714 1348 1747 ciusdem
1365 1714 1532 1749 Societatis
1543 1715 1707 1760 privilegia
1721 1727 1778 1760 per
1799 1727 1859 1751 nos
1878 1728 1957 1751 con-

1202 1778 1289 1801 cessa
1315 1769 1467 1811 (quorum
1498 1768 1797 1813 interpretationem
1819 1770 1913 1804 nobis
1927 1776 1958 1804 et

1201 1821 1403 1865 Apostolicae
1415 1822 1488 1856 Sedi
1504 1824 1730 1866 reservamus),
1748 1823 1832 1857 serre
1848 1824 1954 1866 liceat3

1201 1881 1230 1908 et
1252 1875 1277 1908 si
1299 1876 1449 1916 tulerint,
1480 1876 1616 1920 eosipso
1644 1877 1734 1910 irrita
1768 1877 1955 1923 nulliusque

1202 1929 1326 1962 roboris
1366 1930 1413 1962 vel
1446 1930 1600 1964 momenti
1631 1931 1669 1963 sit
1699 1937 1729 1964 et
1771 1942 1838 1965 esse
1879 1943 1955 1966 cen-

1202 1989 1320 2016 seatur.

1244 2037 1259 2081 g
1279 2037 1331 2071 118.
1355 2039 1399 2070 Ac
1424 2048 1536 2071 omnes
1561 2043 1591 2071 et
1617 2037 1734 2081 singuli
1755 2038 1808 2071 alii
1829 2038 1955 2073 christi-

1201 2091 1322 2131 fideles,
1341 2090 1576 2135 cuiuscumque
1593 2091 1786 2125 conditionis
1805 2091 1951 2133 existant,

1199 2143 1254 2187 qui
1275 2144 1361 2176 verbi
1382 2144 1437 2177 Dei
1458 2144 1668 2177 concionibus
1696 2155 1753 2178 seu
1784 2145 1952 2189 praedica-

1199 2197 1342 2230 tionibus
1362 2198 1524 2230 sociorum
1547 2209 1603 2231 seu
1629 2198 1765 2231 fratrum
1786 2199 1954 2234 Societatis

1199 2250 1397 2291 huiusmodi,
1411 2251 1443 2284 in
1459 2251 1613 2292 ecclesiis,
1629 2251 1683 2284 ulii
1704 2251 1763 2295 ipsi
1779 2253 1953 2286 conciona-

1199 2304 1340 2343 buntur,
1371 2305 1593 2345 interfuerint,
1630 2305 1743 2338 diebus
1767 2305 1951 2340 huiusmodi

1199 2357 1311 2391 missas
1331 2364 1360 2391 et
1381 2358 1442 2391 alia
1463 2358 1567 2391 divina
1587 2359 1692 2392 officia
1713 2359 1823 2393 audire
1848 2365 1879 2393 et
1899 2371 1952 2394 ec-

1198 2412 1373 2445 clesiastica
1389 2418 1589 2445 sacramenta
1605 2413 1721 2446 ibidem
1744 2413 1889 2458 recipere
1913 2414 1952 2447 li-

1200 2467 1273 2499 bere
1295 2472 1323 2499 et
1344 2466 1428 2499 licite
1449 2467 1584 2507 valeant,
1615 2478 1674 2500 nec
1702 2467 1740 2500 ad
1761 2467 1792 2500 id
1819 2468 1859 2500 ad
1879 2479 1952 2512 pro-

1200 2516 1284 2559 prias
1312 2515 1513 2559 parochiales
1543 2517 1696 2549 ecclesias
1725 2517 1879 2550 accedere
1904 2522 1950 2551 te-

1199 2570 1345 2598 neantur.

1241 2614 1255 2657 g
1276 2614 1328 2646 19.
1352 2613 1386 2646 Et
1403 2614 1478 2657 quia
1494 2614 1637 2647 eiusdem
1654 2614 1823 2647 Societatis
1838 2614 1951 2647 fratres

1198 2669 1223 2693 «1,
1247 2663 1350 2697 socios
1375 2663 1412 2696 de
1438 2663 1519 2696 locis
1539 2664 1578 2696 ad
1598 2663 1668 2696 loca
1684 2663 1851 2697 transferri
1870 2673 1950 2697 con-

2001 1513 2079 1534 Contra
2090 1513 2159 1540 privi-

1974 1544 2029 1570 legia
2056 1549 2161 1564 coin-essa

1973 1575 2024 1596 ferri
2043 1581 2086 1595 non
2110 1581 2161 1602 pus-

1973 1607 2160 1627 suntab-mure..-

1973 1642 2044 1663 surae,
2055 1643 2066 1657 r
2078 1644 2095 1654 ···
2115 1638 2160 1657 dan

1973 1674 2046 1690 eorum
2055 1668 2160 1695 iuterpre-

1973 1703 2033 1721 latio.

1982 2045 2022 2072 Qui
2040 2045 2154 2068 Socieinus

1969 2079 2110 2099 concionibus
2125 2081 2156 2099 in-

1969 2112 2059 2134 tersum,
2079 2110 2155 2130 missa·

1969 2141 2042 2160 audire
2071 2143 2093 2161 et.
2118 2146 2156 2161 si-

1968 2174 2077 2192 eramenta
2111 2171 2154 2192 ibi-

1969 2203 2015 2223 dem
2055 2203 2154 2230 recipere

1969 2236 2063 2261 possunt.

1980 2617 2070 2640 volente
2085 2625 2152 2647 prae—

1965 2648 2046 2672 posito.
2063 2649 2151 2673 pussant

1965 2679 1977 2694 a
1993 2672 2088 2701 quolibet
2109 2679 2151 2695 m-
