2227 3001
229 264 280 294 An.
297 264 325 294 e.
346 265 411 295 tffltO
470 255 533 293 286

1017 269 1193 293 BL'LLARIUM
1220 269 1367 294 nonmt'tt

425 321 557 366 ipsaque
572 327 698 361 statuta,
721 321 844 365 quoties
864 321 892 354 ei
912 322 1079 363 videbitur,
1098 334 1169 356 mu·
1212 323 1352 367 stipulati
1368 328 1561 363 contractus,
1578 334 1614 356 ae
1629 327 1717 356 motu
1733 322 1865 368 proprio
1875 329 1906 357 et
1921 334 1956 357 ex

425 380 502 411 tare,
525 386 561 408 ac
581 375 619 408 de
639 385 719 408 novo
739 379 877 407 statuere
902 375 1011 419 possit,
1039 376 1166 419 eligere.

466 429 480 471 ξ
500 428 531 461 3.
554 429 683 462 Necnon
703 429 891 469 sacerdotes,
913 429 1029 463 eisdem
1051 441 1169 474 paupe-

239 487 407 523 Sat‘erdotvsssque
422 481 511 514 ribus
538 493 596 525 pro
631 488 774 525 tempore
808 483 1038 524 deservientes,
1074 485 1169 518 horas

226 524 298 570 {inl-“2¹2¹
317 519 408 570 millii?
423 535 611 574 canonicas,
634 535 764 568 diurnas
784 536 903 579 pariter
923 542 952 569 et
973 542 1146 571 nocturnas
1160 565 1167 577 ,

226 587 288 606 ''m‘'
305 581 407 606 '¹⁰⁹⁸''¹¹⁵¹¹
424 588 533 621 missas
553 593 583 621 et
603 587 663 620 alia
683 588 786 621 divina
806 589 910 622 officia
930 591 1107 623 secundum
1129 591 1169 623 ri-

423 647 490 674 tum
516 647 545 674 et
569 652 691 674 morem
708 647 738 675 et
754 653 847 674 usum
874 643 905 676 S.
932 643 968 676 R.
996 644 1045 684 E„
1073 645 1167 678 etiam

422 695 589 728 novissime
610 695 743 735 editum,
766 696 871 729 dicere
892 702 921 729 et
941 697 1085 730 recitare.

465 749 480 791 ξ
508 748 539 781 4.
562 749 713 792 Ipsosque
745 760 902 793 pauperes
931 762 967 783 ac
996 762 1107 785 omnes
1139 758 1166 785 et

238 802 260 823 Ε*
276 803 364 822 ⁰⁰¹¹¹5¹¹¹¹¹
387 803 406 821 ⁵¹¹
421 802 563 845 singulos
578 803 609 835 in
625 802 716 836 dictis
732 803 941 846 hospitalibus
958 805 1168 839 deservientes

225 840 295 854 corum
312 834 363 854 tot-ie
373 835 407 853 ‹le-

225 868 315 900 centmm
353 871 405 883 ωιι-
421 855 595 896 dumtaxat,
606 867 719 888 eorum
735 857 988 891 confessionibus
1000 859 1168 902 (liIIgenter

222 895 406 948 ffiffssffilji'ss‘ii'pff
421 909 555 950 auditis,
589 909 628 942 ab
655 920 767 942 eorum
796 910 945 943 omnibns
972 917 1000 944 et
1036 912 1168 955 singulis

420 962 578 1004 peccatis,
601 963 738 1003 casibus,
761 964 961 1004 criminibus,
988 966 1168 999 excessibus

419 1020 450 1047 et
477 1016 617 1057 delictis,
647 1028 664 1050 a
691 1017 807 1060 quibus
835 1019 980 1051 locorum
1015 1019 1166 1052 ordinarii

419 1068 580 1102 absolvere
601 1077 846 1112 consueverunt,
864 1072 1038 1113 absolvere,
1056 1084 1091 1106 ac
1110 1084 1166 1117 pro

419 1123 597 1156 commissis
618 1124 845 1167 poenitentiam
866 1127 1037 1159 salutarem
1059 1127 1166 1159 iniun-

418 1186 492 1218 gere
519 1177 618 1210 libere
649 1183 679 1210 et
712 1178 795 1210 licite
830 1179 973 1220 valeant,
1010 1186 1166 1224 perpetuo

420 1230 628 1263 concedimus
646 1236 675 1263 et
695 1231 911 1274 indulgemus.

463 1284 477 1326 §j
506 1284 536 1317 5.
561 1284 716 1323 Quocirca
749 1286 984 1318 venerabilibus
1016 1287 1165 1320 fratribus

419 1337 535 1370 nostris
563 1337 802 1377 Casertanensi,
830 1339 976 1372 Felitensi
1010 1346 1038 1373 et
1077 1341 1164 1374 Viso-

419 1390 509 1423 nensi
543 1391 699 1435 episeopis
743 1403 800 1436 per
837 1394 1011 1436 apostolica
1050 1395 1164 1438 scripta

420 1444 776 1487 mandamusquatenus
793 1446 851 1489 ipsi
868 1447 915 1479 vel
932 1447 996 1480 duo
1012 1453 1065 1480 aut
1083 1459 1164 1480 unus

419 1508 532 1530 eorum
552 1498 576 1538 ¹,
600 1510 658 1542 per
674 1499 772 1531 alium
793 1511 848 1532 seu
870 1500 958 1540 alios,
978 1501 1164 1534 auctoritate

419 1556 524 1584 nostra
545 1551 661 1584 faciant
686 1558 868 1596 praesentes
893 1554 1000 1586 literas
1020 1559 1050 1586 et
1070 1554 1101 1587 in
1122 1556 1165 1587 eis

418 1610 567 1638 contenta
597 1617 823 1649 quaecumque
853 1608 984 1650 plenum
1016 1609 1163 1641 ellectum

418 1658 523 1691 sortiri
544 1670 579 1692 ac
600 1659 822 1692 inviolabiliter
841 1660 1017 1701 observari,
1040 1661 1164 1705 illisque

418 1723 576 1756 pauperes
596 1714 775 1746 sacerdotes
800 1715 978 1757 praedictos
998 1726 1033 1747 ac
1054 1727 1164 1748 omnes

417 1771 447 1799 et
466 1767 607 1810 singulos
627 1768 718 1808 alios,
735 1779 816 1811 quos
836 1769 1075 1811 quomodolibet
1093 1781 1164 1803 con-

418 1826 574 1861 cernunt,
597 1821 729 1865 pacitiee
751 1821 812 1854 t‘rui
840 1833 875 1855 ac
896 1823 1056 1865 gaudere,
1080 1823 1164 1855 iuxta

418 1875 633 1917 praesentium
646 1875 872 1908 continentiam
886 1881 915 1909 et
927 1881 1082 1909 tenorem.
1098 1877 1163 1909 Non

418 1924 637 1967 permittentes
665 1936 860 1969 quemquam
895 1931 1006 1958 contra
1036 1926 1162 1959 illorum

418 1979 560 2007 tenorem
578 1976 673 2008 modo
694 1976 802 2019 aliquo
825 1976 997 2015 molestari,
1016 1976 1164 2020 impediri

417 2028 471 2055 aut
490 2023 671 2067 inquietari.
695 2024 952 2057 Contradictores
972 2036 1029 2068 per
1048 2036 1164 2058 censu-

417 2083 483 2105 ram
507 2073 767 2113 ecclesiasticam,
788 2074 1003 2117 appellatione
1032 2080 1163 2118 postpo-

416 2120 484 2161 sita,
504 2123 748 2166 compescendo.

461 2170 522 2212 §st
546 2171 613 2203 Non
640 2171 839 2204 obstantibus
866 2170 1048 2215 apostolicis
1076 2182 1112 2204 ac
1133 2171 1164 2204 in

417 2218 666 2261 provincialibus
704 2225 733 2252 et
774 2220 978 2264 synodalibus
1021 2220 1164 2253 conciliis

418 2266 526 2307 editis,
553 2269 756 2310 generalibus
775 2270 822 2301 vel
849 2269 1063 2312 specialibus,
1087 2280 1164 2302 con-

417 2315 634 2349 stitutionibus
664 2323 693 2350 et
712 2317 966 2350 ordinationibus
986 2329 1021 2350 ac
1042 2318 1165 2351 statutis

417 2370 447 2398 et
479 2366 781 2407 consuetudinibus,
814 2367 984 2410 privilegiis
1013 2379 1162 2411 quoque.

416 2414 548 2449 indultis
574 2428 611 2449 ac
644 2416 744 2449 literis
776 2418 979 2460 apostolicis,
1010 2418 1104 2450 etiam
1133 2419 1164 2451 in

417 2464 519 2497 forma
538 2465 652 2507 brevis,
676 2476 732 2509 per
756 2476 979 2509 quoscun‘tque
1006 2467 1165 2500 Romanos

416 2513 586 2547 Pontifices
613 2514 875 2557 praedecessores
899 2520 1024 2549 nostros
1054 2522 1083 2548 et
1107 2527 1165 2549 nos

416 2572 452 2594 ac
473 2562 587 2595 Sedem
604 2563 809 2606 praedictam,
830 2563 924 2596 etiam
941 2575 997 2607 per
1016 2565 1097 2597 viam
1113 2576 1164 2607 ge-

416 2611 534 2644 neralis
554 2612 632 2655 legis
652 2617 683 2645 et
697 2613 803 2645 statuti
820 2613 965 2655 perpetui
988 2619 1018 2646 et
1040 2613 1107 2646 initi
1128 2625 1164 2646 ac

454 2665 462 2691 ¹
483 2664 598 2692 Cherub.
616 2665 698 2693 addit:
717 2674 767 2698 per
782 2675 807 2692 se
823 2668 858 2692 vel
873 2670 923 2693 etc.
942 2666 978 2701 (a.
997 2668 1046 2701 r).

224 965 245 979 re
262 960 290 979 uti
313 959 405 979 lurorum

223 990 340 1008 (attularius
356 997 405 1014 pos-

223 1026 245 1040 se
261 1020 361 1045 indulgen

242 1337 367 1358 Detensorcs
384 1341 404 1358 et

222 1368 282 1388 huius
301 1370 405 1389 constitu-

223 1401 285 1419 noni<
302 1403 403 1420 executo-

223 1438 256 1453 re!
272 1434 364 1459 deputatg

233 2224 341 2247 Contulit:
362 2225 403 2245 tul-

221 2256 251 2278 tu.

1212 378 1297 405 certa
1318 372 1458 412 scientia,
1479 384 1514 405 ac
1535 372 1572 405 de
1589 372 1780 416 apostolicae
1797 373 1959 416 potestatis

1211 422 1427 465 plenitudine,
1451 423 1544 455 etiam
1574 433 1646 455 cum
1667 422 1830 465 quibusvis
1854 423 1959 456 irrita-

1211 471 1296 511 tivis,
1319 471 1537 511 annullativis,
1560 471 1734 510 cassativis,
1758 471 1956 512 revocativis,

1211 520 1460 563 praeservativis,
1483 519 1663 563 exceptivis,
1686 520 1884 561 restitutivis‚
1907 521 1960 554 de-

1211 569 1366 602 clarativis
1387 580 1422 601 ac
1443 569 1717 611 derogatoriarum
1737 570 1957 613 derogatoriis,

1210 618 1343 661 aliisque
1365 618 1561 657 fortioribus,
1584 618 1810 651 efficacissimis
1825 624 1856 652 et
1871 619 1957 652 inso-

1211 667 1271 699 litis
1283 667 1445 706 clausulis,
1464 666 1661 699 irritantibus
1676 672 1706 699 et
1725 667 1793 700 aliis
1809 667 1956 708 decretis,

1209 715 1305 748 etiam
1335 715 1499 758 quibusvis
1518 715 1665 748 locorum
1686 715 1868 756 ordinariis,
1899 716 1958 749 sub

1210 764 1372 807 quibusvis
1380 764 1548 797 verborum
1558 764 1668 796 formis
1675 769 1705 796 et
1712 763 1958 804 extensionibus,

1210 814 1381 853 concessis,
1399 813 1597 846 confirmatis
1612 818 1642 846 et
1658 812 1824 853 innovatis,
1842 813 1959 857 quibus

1209 862 1357 905 (illorum
1371 862 1514 895 omnium
1526 867 1652 894 tenores
1662 861 1884 905 praesentibus
1899 873 1957 905 pro

1209 911 1404 944 sufficienter
1424 910 1580 954 expressis
1600 910 1777 953 habentes),
1800 910 1862 943 illis
1882 910 1959 943 alias

1209 960 1239 991 in
1261 971 1318 993 suo
1340 960 1454 993 robore
1475 958 1684 999 remansuris,
1702 959 1762 992 bac
1780 959 1847 992 vice
1868 959 1959 992 dum-

1209 1015 1289 1042 taxat
1312 1010 1427 1042 barum
1456 1009 1536 1042 serie
1562 1008 1742 1052 specialiter
1761 1013 1791 1041 et
1811 1019 1958 1052 expresse

1209 1059 1412 1099 derogamus,
1427 1058 1596 1091 contrariis
1612 1057 1882 1101 quibuscumque.
1897 1058 1959 1091 Aut

1209 1106 1233 1139 si
1253 1107 1427 1150 aliquibus,
1457 1106 1673 1139 communiter
1691 1107 1739 1139 vel
1760 1106 1895 1147 divisim,
1918 1107 1957 1140 ab

1208 1156 1318 1188 eadem
1340 1156 1377 1189 sit
1399 1156 1478 1189 Sede
1500 1156 1659 1188 indultum
1689 1155 1775 1198 quod
1795 1155 1954 1197 interdici,

1208 1205 1359 1247 suspendi
1379 1205 1426 1237 vel
1454 1203 1727 1237 excommunicari
1752 1214 1816 1236 non
1836 1204 1957 1247 possint

1209 1264 1265 1296 per
1274 1253 1381 1286 literas
1392 1254 1582 1297 apostolicas
1593 1264 1657 1286 non
1666 1252 1817 1286 facientes
1828 1253 1956 1296 plenam

1208 1307 1238 1334 et
1257 1313 1439 1346 expressam
1466 1313 1502 1334 ac
1531 1303 1568 1334 de
1588 1302 1685 1334 verbo
1705 1302 1744 1334 ad
1764 1302 1896 1335 verbum
1917 1301 1956 1336 de

1208 1351 1330 1383 indulto
1341 1350 1526 1383 huiusmodi
1543 1350 1757 1391 mentionem;
1771 1356 1801 1383 et
1814 1350 1957 1394 qualibet

1207 1400 1267 1431 alia
1288 1400 1390 1433 dictae
1411 1400 1500 1433 Sedis
1520 1400 1728 1442 indulgentia,
1751 1401 1893 1443 generali
1908 1400 1955 1433 vel

1207 1448 1349 1491 speciali,
1373 1449 1607 1493 cuiuscumque
1628 1449 1748 1482 tenoris
1760 1449 1887 1489 existat,
1900 1460 1957 1493 per

1207 1498 1547 1541 quam,praesentibus
1567 1509 1631 1530 non
1651 1508 1832 1541 expressam
1847 1498 1896 1531 vel
1910 1503 1957 1531 to-

1207 1546 1312 1579 taliter
1332 1557 1394 1579 non
1424 1547 1594 1587 insertam,
1619 1546 1751 1579 effectus
1771 1546 1956 1580 huiusmodi

1207 1595 1325 1638 gratiae
1356 1596 1504 1639 impediri
1524 1597 1624 1628 valeat
1648 1595 1890 1638 quomodolibet
1908 1596 1956 1629 vel

1207 1644 1338 1684 differri,
1369 1650 1399 1677 et
1418 1646 1456 1677 de
1485 1656 1548 1689 qua
1576 1644 1733 1687 cuiusque
1760 1649 1824 1677 toto
1844 1649 1956 1678 tenore

1208 1694 1353 1727 habenda
1370 1694 1405 1727 sit
1424 1694 1454 1726 in
1468 1694 1582 1727 nostris
1595 1694 1694 1727 literis
1706 1693 1825 1727 mentio
1837 1694 1956 1737 specia-

1208 1744 1329 1776 lis.Nos
1350 1744 1434 1776 enim
1454 1755 1490 1777 ex
1510 1744 1734 1777 nuncirritum
1750 1743 1954 1777 decernimus

1207 1798 1237 1825 et
1253 1793 1345 1825 inane
1366 1792 1520 1837 quidquid
1541 1804 1633 1825 secus
1654 1803 1751 1835 super
1771 1792 1820 1826 his
1835 1804 1853 1826 a
1875 1804 1955 1836 quo—

1206 1852 1313 1885 quam,
1326 1842 1434 1885 quavis
1444 1842 1645 1881 auctoritate,
1657 1841 1794 1875 scienter
1807 1843 1854 1875 vel
1865 1842 1956 1886 igno-

1207 1896 1323 1930 ranter,
1340 1891 1509 1932 contigerit
1523 1890 1681 1923 attentari.
1700 1891 1784 1923 Nulli
1801 1902 1876 1935 ergo
1895 1896 1952 1925 etc.

1250 1940 1364 1972 Datum
1389 1940 1507 1972 Romae
1527 1940 1613 1983 apud
1634 1940 1664 1972 S.
1693 1940 1848 1981 Marcum,
1870 1951 1955 1974 anno

1207 1988 1436 2021 lncarnationis
1461 1988 1640 2021 dominicae
1669 1987 1838 2021 millesimo
1864 1988 1955 2032 quin-

1206 2037 1383 2079 gentesimo
1399 2037 1656 2081 quadragesimo,
1668 2037 1860 2079 nonisiunii,
1876 2049 1955 2083 pon-

1207 2086 1345 2119 tificatus
1365 2086 1465 2119 nostri
1486 2098 1569 2119 anno
1594 2097 1635 2119 xl.

1267 2140 1324 2170 Dat.
1342 2141 1388 2170 die
1404 2141 1421 2171 5
1441 2141 1513 2170 iunii
1536 2140 1624 2177 1540,
1644 2140 1745 2179 pontif.
1762 2149 1838 2170 anno
1854 2149 1890 2171 vt.

1205 2337 1384 2381 Pririleyia
1399 2341 1427 2370 et
1441 2339 1567 2380 yrciliae
1578 2337 1799 2381 praelatorum
1813 2337 1953 2380 referen-

1250 2387 1416 2419 dariorum
1430 2388 1595 2431 utriusque
1608 2388 1798 2430 siynaturae
1813 2387 1954 2421 Romani

1250 2436 1430 2478 Pontifices.

1269 2503 1367 2532 Paulus
1386 2504 1524 2539 episcopus
1545 2511 1639 2533 servus
1658 2512 1798 2534 servorum
1816 2504 1878 2537 ssei.

1362 2554 1395 2581 ad
1422 2553 1545 2582 futuram
1564 2554 1605 2583 rei
1624 2554 1791 2583 memoriam.

1248 2611 1357 2643 Debita
1383 2612 1636 2646 [totisitltzn'atione
1661 2618 1828 2657 pensantes
1848 2624 1950 2658 quan-

1206 2664 1272 2691 tum
1303 2661 1497 2694 venerabiles
1519 2662 1629 2694 fratres
1654 2661 1794 2706 episcopi
1814 2673 1850 2696 ac
1870 2661 1949 2696 dile-

1976 270 2023 298 An.
2042 268 2069 299 C.
2091 268 2156 300 tsslio

2005 2619 2070 2641 Causa
2089 2621 2148 2642 {ttius

1966 2653 2130 2673 constitutionis.
