<?xml version="1.0" encoding="UTF-8"?>
<!DOCTYPE html PUBLIC "-//W3C//DTD XHTML 1.0 Transitional//EN"
    "http://www.w3.org/TR/xhtml1/DTD/xhtml1-transitional.dtd">
<html xmlns="http://www.w3.org/1999/xhtml" xml:lang="en" lang="en">
 <head>
  <title>
</title>
<meta http-equiv="Content-Type" content="text/html;charset=utf-8" />
  <meta name='ocr-system' content='tesseract 3.04.00' />
  <meta name='ocr-capabilities' content='ocr_page ocr_carea ocr_par ocr_line ocrx_word'/>
</head>
<body>
  <div class='ocr_page' id='page_1' title='image "./bullarumdiplomat06cath_0028.png"; bbox 0 0 2227 3001; ppageno 0'>
   <div class='ocr_carea' id='block_1_1' title="bbox 207 308 397 340">
    <p class='ocr_par' dir='ltr' id='par_1_1' title="bbox 207 308 397 340">
     <span class='ocr_line' id='line_1_1' title="bbox 207 308 397 340; baseline 0.005 -1"><span class='ocrx_word' id='word_1_1' title='bbox 207 310 255 339; x_wconf 71' lang='lat' dir='ltr'>An.</span> <span class='ocrx_word' id='word_1_2' title='bbox 273 310 302 338; x_wconf 86' lang='lat' dir='ltr'>C.</span> <span class='ocrx_word' id='word_1_3' title='bbox 323 308 397 340; x_wconf 27' lang='lat'>1525,</span> 
     </span>
    </p>
   </div>
   <div class='ocr_carea' id='block_1_2' title="bbox 205 418 388 469">
    <p class='ocr_par' dir='ltr' id='par_1_2' title="bbox 205 418 388 469">
     <span class='ocr_line' id='line_1_2' title="bbox 238 418 387 438; baseline 0 -1"><span class='ocrx_word' id='word_1_4' title='bbox 238 418 387 438; x_wconf 58' lang='lat' dir='ltr'>›toninonitm</span> 
     </span>
     <span class='ocr_line' id='line_1_3' title="bbox 205 450 388 469; baseline 0 -2"><span class='ocrx_word' id='word_1_5' title='bbox 205 450 325 469; x_wconf 47' lang='lat' dir='ltr'>eeclesiast.</span> <span class='ocrx_word' id='word_1_6' title='bbox 340 455 388 467; x_wconf 63' lang='lat' dir='ltr'>reu&gt;</span> 
     </span>
    </p>
   </div>
   <div class='ocr_carea' id='block_1_3' title="bbox 404 299 1148 461">
    <p class='ocr_par' dir='ltr' id='par_1_3' title="bbox 404 299 1148 461">
     <span class='ocr_line' id='line_1_4' title="bbox 446 299 489 335; baseline 0 0"><span class='ocrx_word' id='word_1_7' title='bbox 446 299 489 335; x_wconf 73' lang='lat'>1⁶2</span> 
     </span>
     <span class='ocr_line' id='line_1_5' title="bbox 446 359 1147 408; baseline -0.01 -11"><span class='ocrx_word' id='word_1_8' title='bbox 446 364 460 408; x_wconf 64' lang='grc' dir='ltr'>ξ</span> <span class='ocrx_word' id='word_1_9' title='bbox 476 364 506 397; x_wconf 80' lang='lat'>3.</span> <span class='ocrx_word' id='word_1_10' title='bbox 529 363 562 396; x_wconf 84' lang='lat' dir='ltr'>Et</span> <span class='ocrx_word' id='word_1_11' title='bbox 576 368 693 398; x_wconf 78' lang='lat' dir='ltr'>tamen,</span> <span class='ocrx_word' id='word_1_12' title='bbox 709 361 748 395; x_wconf 85' lang='lat' dir='ltr'>ob</span> <span class='ocrx_word' id='word_1_13' title='bbox 760 360 975 405; x_wconf 82' lang='lat' dir='ltr'>quorumdam</span> <span class='ocrx_word' id='word_1_14' title='bbox 986 359 1147 392; x_wconf 86' lang='lat' dir='ltr'>dictorum</span> 
     </span>
     <span class='ocr_line' id='line_1_6' title="bbox 404 413 1148 461; baseline -0.004 -13"><span class='ocrx_word' id='word_1_15' title='bbox 404 416 598 461; x_wconf 77' lang='lat' dir='ltr'>principum,</span> <span class='ocrx_word' id='word_1_16' title='bbox 624 417 701 450; x_wconf 85' lang='lat' dir='ltr'>heul</span> <span class='ocrx_word' id='word_1_17' title='bbox 723 416 817 450; x_wconf 84' lang='lat' dir='ltr'>nimis</span> <span class='ocrx_word' id='word_1_18' title='bbox 836 416 1009 448; x_wconf 80' lang='lat' dir='ltr'>inveterata</span> <span class='ocrx_word' id='word_1_19' title='bbox 1019 413 1102 446; x_wconf 90' lang='lat' dir='ltr'>inter</span> <span class='ocrx_word' id='word_1_20' title='bbox 1116 423 1148 446; x_wconf 90' lang='lat' dir='ltr'>se</span> 
     </span>
    </p>
   </div>
   <div class='ocr_carea' id='block_1_4' title="bbox 205 469 1148 511">
    <p class='ocr_par' dir='ltr' id='par_1_4' title="bbox 205 469 1148 511">
     <span class='ocr_line' id='line_1_7' title="bbox 205 469 1148 511; baseline 0.002 -13"><span class='ocrx_word' id='word_1_21' title='bbox 205 486 263 499; x_wconf 65' lang='lat' dir='ltr'>&lt;.....s</span> <span class='ocrx_word' id='word_1_22' title='bbox 281 481 387 500; x_wconf 53' lang='lat' dir='ltr'>nime-nm</span> <span class='ocrx_word' id='word_1_23' title='bbox 403 470 485 510; x_wconf 86' lang='lat' dir='ltr'>odia,</span> <span class='ocrx_word' id='word_1_24' title='bbox 508 470 694 503; x_wconf 88' lang='lat' dir='ltr'>huiusmodi</span> <span class='ocrx_word' id='word_1_25' title='bbox 715 469 897 503; x_wconf 75' lang='lat' dir='ltr'>instantiam</span> <span class='ocrx_word' id='word_1_26' title='bbox 916 472 1058 501; x_wconf 85' lang='lat' dir='ltr'>nostram</span> <span class='ocrx_word' id='word_1_27' title='bbox 1073 477 1148 511; x_wconf 89' lang='lat' dir='ltr'>per-</span> 
     </span>
    </p>
   </div>
   <div class='ocr_carea' id='block_1_5' title="bbox 205 511 386 536">
    <p class='ocr_par' dir='ltr' id='par_1_5' title="bbox 205 511 386 536">
     <span class='ocr_line' id='line_1_8' title="bbox 205 511 386 536; baseline 0.006 -7"><span class='ocrx_word' id='word_1_28' title='bbox 205 513 289 536; x_wconf 72' lang='lat' dir='ltr'>putatut</span> <span class='ocrx_word' id='word_1_29' title='bbox 300 511 386 530; x_wconf 67' lang='lat' dir='ltr'>inducite</span> 
     </span>
    </p>
   </div>
   <div class='ocr_carea' id='block_1_6' title="bbox 205 521 1145 593">
    <p class='ocr_par' dir='ltr' id='par_1_6' title="bbox 205 521 1145 593">
     <span class='ocr_line' id='line_1_9' title="bbox 205 521 1145 568; baseline -0.004 -10"><span class='ocrx_word' id='word_1_30' title='bbox 205 546 260 561; x_wconf 53' lang='lat' dir='ltr'>mm.-</span> <span class='ocrx_word' id='word_1_31' title='bbox 280 542 386 568; x_wconf 44' lang='lat' dir='ltr'>principa,</span> <span class='ocrx_word' id='word_1_32' title='bbox 403 535 516 567; x_wconf 91' lang='lat' dir='ltr'>parum</span> <span class='ocrx_word' id='word_1_33' title='bbox 537 524 765 567; x_wconf 87' lang='lat' dir='ltr'>profecisse,ut</span> <span class='ocrx_word' id='word_1_34' title='bbox 780 523 920 566; x_wconf 82' lang='lat' dir='ltr'>regibus,</span> <span class='ocrx_word' id='word_1_35' title='bbox 933 521 1145 565; x_wconf 82' lang='lat' dir='ltr'>principibus,</span> 
     </span>
     <span class='ocr_line' id='line_1_10' title="bbox 205 574 261 593; baseline 0 -1"><span class='ocrx_word' id='word_1_36' title='bbox 205 574 261 593; x_wconf 68' lang='lat' dir='ltr'>liant.</span> 
     </span>
    </p>
   </div>
   <div class='ocr_carea' id='block_1_7' title="bbox 209 1517 222 1534">
    <p class='ocr_par' dir='ltr' id='par_1_7' title="bbox 209 1517 222 1534">
     <span class='ocr_line' id='line_1_11' title="bbox 209 1517 222 1534; baseline -0.077 0"><span class='ocrx_word' id='word_1_37' title='bbox 209 1517 222 1534; x_wconf 57' lang='lat' dir='ltr'>h</span> 
     </span>
    </p>
   </div>
   <div class='ocr_carea' id='block_1_8' title="bbox 402 575 1149 673">
    <p class='ocr_par' dir='ltr' id='par_1_8' title="bbox 402 575 1149 673">
     <span class='ocr_line' id='line_1_12' title="bbox 402 575 1147 620; baseline -0.003 -11"><span class='ocrx_word' id='word_1_38' title='bbox 402 577 618 620; x_wconf 87' lang='lat' dir='ltr'>potentatibus</span> <span class='ocrx_word' id='word_1_39' title='bbox 641 588 677 609; x_wconf 85' lang='lat' dir='ltr'>ae</span> <span class='ocrx_word' id='word_1_40' title='bbox 713 577 783 609; x_wconf 91' lang='lat' dir='ltr'>aliis</span> <span class='ocrx_word' id='word_1_41' title='bbox 815 575 965 619; x_wconf 74' lang='lat' dir='ltr'>praelatis</span> <span class='ocrx_word' id='word_1_42' title='bbox 989 575 1070 607; x_wconf 91' lang='lat' dir='ltr'>nulli</span> <span class='ocrx_word' id='word_1_43' title='bbox 1095 586 1147 608; x_wconf 83' lang='lat' dir='ltr'>ex-</span> 
     </span>
     <span class='ocr_line' id='line_1_13' title="bbox 402 629 1149 673; baseline 0 -10"><span class='ocrx_word' id='word_1_44' title='bbox 402 629 557 663; x_wconf 83' lang='lat' dir='ltr'>cusationi</span> <span class='ocrx_word' id='word_1_45' title='bbox 577 631 668 664; x_wconf 85' lang='lat' dir='ltr'>locus</span> <span class='ocrx_word' id='word_1_46' title='bbox 686 631 770 663; x_wconf 87' lang='lat' dir='ltr'>ultra</span> <span class='ocrx_word' id='word_1_47' title='bbox 788 630 1007 673; x_wconf 67' lang='lat' dir='ltr'>relinquatur,</span> <span class='ocrx_word' id='word_1_48' title='bbox 1025 640 1149 663; x_wconf 85' lang='lat' dir='ltr'>omnes-</span> 
     </span>
    </p>
   </div>
   <div class='ocr_carea' id='block_1_9' title="bbox 401 680 1156 727">
    <p class='ocr_par' dir='ltr' id='par_1_9' title="bbox 401 680 1156 727">
     <span class='ocr_line' id='line_1_14' title="bbox 401 680 1156 727; baseline 0.001 -11"><span class='ocrx_word' id='word_1_49' title='bbox 401 695 462 727; x_wconf 86' lang='lat' dir='ltr'>que</span> <span class='ocrx_word' id='word_1_50' title='bbox 483 683 659 727; x_wconf 70' lang='lat' dir='ltr'>intelligant</span> <span class='ocrx_word' id='word_1_51' title='bbox 679 694 737 717; x_wconf 90' lang='lat' dir='ltr'>nos</span> <span class='ocrx_word' id='word_1_52' title='bbox 756 682 849 723; x_wconf 89' lang='lat' dir='ltr'>nihil,</span> <span class='ocrx_word' id='word_1_53' title='bbox 875 683 961 726; x_wconf 89' lang='lat' dir='ltr'>quod</span> <span class='ocrx_word' id='word_1_54' title='bbox 981 683 1020 716; x_wconf 90' lang='lat' dir='ltr'>ad</span> <span class='ocrx_word' id='word_1_55' title='bbox 1044 680 1156 727; x_wconf 76' lang='lat' dir='ltr'>pasto-¹</span> 
     </span>
    </p>
   </div>
   <div class='ocr_carea' id='block_1_10' title="bbox 356 736 1145 779">
    <p class='ocr_par' dir='ltr' id='par_1_10' title="bbox 356 736 1145 779">
     <span class='ocr_line' id='line_1_15' title="bbox 356 736 1145 779; baseline 0 -10"><span class='ocrx_word' id='word_1_56' title='bbox 356 745 358 747; x_wconf 79' lang='grc'>’</span> <span class='ocrx_word' id='word_1_57' title='bbox 400 738 468 770; x_wconf 86' lang='lat' dir='ltr'>rale</span> <span class='ocrx_word' id='word_1_58' title='bbox 492 737 633 771; x_wconf 86' lang='lat' dir='ltr'>officinm</span> <span class='ocrx_word' id='word_1_59' title='bbox 654 737 778 777; x_wconf 86' lang='lat' dir='ltr'>attinet,</span> <span class='ocrx_word' id='word_1_60' title='bbox 806 736 963 777; x_wconf 85' lang='lat' dir='ltr'>omisisse,</span> <span class='ocrx_word' id='word_1_61' title='bbox 986 736 1145 779; x_wconf 87' lang='lat' dir='ltr'>cogimur,</span> 
     </span>
    </p>
   </div>
   <div class='ocr_carea' id='block_1_11' title="bbox 401 789 1151 940">
    <p class='ocr_par' dir='ltr' id='par_1_11' title="bbox 401 789 1151 940">
     <span class='ocr_line' id='line_1_16' title="bbox 401 789 1148 834; baseline 0.004 -14"><span class='ocrx_word' id='word_1_62' title='bbox 401 802 437 823; x_wconf 80' lang='lat' dir='ltr'>ex</span> <span class='ocrx_word' id='word_1_63' title='bbox 457 800 521 834; x_wconf 91' lang='lat' dir='ltr'>quo</span> <span class='ocrx_word' id='word_1_64' title='bbox 544 790 685 822; x_wconf 86' lang='lat' dir='ltr'>humana</span> <span class='ocrx_word' id='word_1_65' title='bbox 712 789 889 823; x_wconf 76' lang='lat' dir='ltr'>admonitio</span> <span class='ocrx_word' id='word_1_66' title='bbox 917 796 1013 833; x_wconf 87' lang='lat' dir='ltr'>atquc</span> <span class='ocrx_word' id='word_1_67' title='bbox 1037 795 1148 823; x_wconf 75' lang='lat' dir='ltr'>aucto-</span> 
     </span>
     <span class='ocr_line' id='line_1_17' title="bbox 402 843 1149 887; baseline 0.003 -12"><span class='ocrx_word' id='word_1_68' title='bbox 402 843 489 884; x_wconf 83' lang='lat' dir='ltr'>ritas,</span> <span class='ocrx_word' id='word_1_69' title='bbox 506 843 552 876; x_wconf 92' lang='lat' dir='ltr'>nti</span> <span class='ocrx_word' id='word_1_70' title='bbox 569 843 763 887; x_wconf 70' lang='lat' dir='ltr'>experientia</span> <span class='ocrx_word' id='word_1_71' title='bbox 778 843 898 883; x_wconf 87' lang='lat' dir='ltr'>docuit,</span> <span class='ocrx_word' id='word_1_72' title='bbox 917 843 957 876; x_wconf 91' lang='lat' dir='ltr'>ad</span> <span class='ocrx_word' id='word_1_73' title='bbox 976 844 1149 887; x_wconf 86' lang='lat' dir='ltr'>praemissa</span> 
     </span>
     <span class='ocr_line' id='line_1_18' title="bbox 403 897 1151 940; baseline 0 -11"><span class='ocrx_word' id='word_1_74' title='bbox 403 897 519 929; x_wconf 78' lang='lat' dir='ltr'>trustra</span> <span class='ocrx_word' id='word_1_75' title='bbox 541 902 658 930; x_wconf 77' lang='lat' dir='ltr'>tentata</span> <span class='ocrx_word' id='word_1_76' title='bbox 682 902 746 937; x_wconf 89' lang='lat' dir='ltr'>est,</span> <span class='ocrx_word' id='word_1_77' title='bbox 773 907 933 930; x_wconf 90' lang='lat' dir='ltr'>annorum</span> <span class='ocrx_word' id='word_1_78' title='bbox 957 897 1081 940; x_wconf 79' lang='lat' dir='ltr'>aliquot</span> <span class='ocrx_word' id='word_1_79' title='bbox 1103 897 1151 930; x_wconf 90' lang='lat' dir='ltr'>in-</span> 
     </span>
    </p>
   </div>
   <div class='ocr_carea' id='block_1_12' title="bbox 358 950 1150 994">
    <p class='ocr_par' dir='ltr' id='par_1_12' title="bbox 358 950 1150 994">
     <span class='ocr_line' id='line_1_19' title="bbox 358 950 1150 994; baseline 0.003 -13"><span class='ocrx_word' id='word_1_80' title='bbox 358 965 361 967; x_wconf 94' lang='lat'>·</span> <span class='ocrx_word' id='word_1_81' title='bbox 401 950 511 984; x_wconf 83' lang='lat' dir='ltr'>ducias</span> <span class='ocrx_word' id='word_1_82' title='bbox 529 961 584 983; x_wconf 86' lang='lat' dir='ltr'>scu</span> <span class='ocrx_word' id='word_1_83' title='bbox 602 950 821 993; x_wconf 83' lang='lat' dir='ltr'>trcugasinter</span> <span class='ocrx_word' id='word_1_84' title='bbox 841 950 927 994; x_wconf 87' lang='lat' dir='ltr'>ipsos</span> <span class='ocrx_word' id='word_1_85' title='bbox 946 962 1048 993; x_wconf 82' lang='lat' dir='ltr'>reges,</span> <span class='ocrx_word' id='word_1_86' title='bbox 1062 950 1150 993; x_wconf 88' lang='lat' dir='ltr'>prin-</span> 
     </span>
    </p>
   </div>
   <div class='ocr_carea' id='block_1_13' title="bbox 230 1513 391 1561">
    <p class='ocr_par' dir='ltr' id='par_1_13' title="bbox 230 1513 391 1561">
     <span class='ocr_line' id='line_1_20' title="bbox 232 1513 391 1540; baseline 0 -8"><span class='ocrx_word' id='word_1_87' title='bbox 232 1519 271 1540; x_wconf 66' lang='lat' dir='ltr'>que</span> <span class='ocrx_word' id='word_1_88' title='bbox 319 1513 391 1533; x_wconf 65' lang='lat' dir='ltr'>huucd</span> 
     </span>
     <span class='ocr_line' id='line_1_21' title="bbox 230 1550 278 1561; baseline 0 0"><span class='ocrx_word' id='word_1_89' title='bbox 230 1550 278 1561; x_wconf 44' lang='lat' dir='ltr'>»mv</span> 
     </span>
    </p>
   </div>
   <div class='ocr_carea' id='block_1_14' title="bbox 401 1003 1154 1474">
    <p class='ocr_par' dir='ltr' id='par_1_14' title="bbox 401 1003 1152 1419">
     <span class='ocr_line' id='line_1_22' title="bbox 402 1003 1152 1047; baseline 0 -11"><span class='ocrx_word' id='word_1_90' title='bbox 402 1003 489 1047; x_wconf 78' lang='lat' dir='ltr'>cipes</span> <span class='ocrx_word' id='word_1_91' title='bbox 506 1014 544 1036; x_wconf 85' lang='lat' dir='ltr'>ac</span> <span class='ocrx_word' id='word_1_92' title='bbox 561 1007 756 1047; x_wconf 85' lang='lat' dir='ltr'>potentatus,</span> <span class='ocrx_word' id='word_1_93' title='bbox 770 1003 828 1037; x_wconf 87' lang='lat' dir='ltr'>sub</span> <span class='ocrx_word' id='word_1_94' title='bbox 845 1003 1069 1037; x_wconf 85' lang='lat' dir='ltr'>ecclesiasticis</span> <span class='ocrx_word' id='word_1_95' title='bbox 1078 1013 1152 1036; x_wconf 84' lang='lat' dir='ltr'>cen-</span> 
     </span>
     <span class='ocr_line' id='line_1_23' title="bbox 401 1056 1151 1100; baseline 0.003 -13"><span class='ocrx_word' id='word_1_96' title='bbox 401 1056 484 1090; x_wconf 82' lang='lat' dir='ltr'>suris</span> <span class='ocrx_word' id='word_1_97' title='bbox 493 1060 523 1090; x_wconf 86' lang='lat' dir='ltr'>et</span> <span class='ocrx_word' id='word_1_98' title='bbox 537 1056 660 1100; x_wconf 85' lang='lat' dir='ltr'>poenis,</span> <span class='ocrx_word' id='word_1_99' title='bbox 670 1056 773 1089; x_wconf 82' lang='lat' dir='ltr'>divina</span> <span class='ocrx_word' id='word_1_100' title='bbox 782 1057 984 1095; x_wconf 88' lang='lat' dir='ltr'>auctoritate,</span> <span class='ocrx_word' id='word_1_101' title='bbox 994 1067 1068 1100; x_wconf 83' lang='lat' dir='ltr'>qua,</span> <span class='ocrx_word' id='word_1_102' title='bbox 1080 1057 1151 1089; x_wconf 88' lang='lat' dir='ltr'>Iesu</span> 
     </span>
     <span class='ocr_line' id='line_1_24' title="bbox 402 1109 1149 1151; baseline 0 -10"><span class='ocrx_word' id='word_1_103' title='bbox 402 1109 517 1143; x_wconf 79' lang='lat' dir='ltr'>Christi</span> <span class='ocrx_word' id='word_1_104' title='bbox 533 1109 564 1142; x_wconf 93' lang='lat' dir='ltr'>in</span> <span class='ocrx_word' id='word_1_105' title='bbox 585 1110 679 1143; x_wconf 87' lang='lat' dir='ltr'>terris</span> <span class='ocrx_word' id='word_1_106' title='bbox 698 1110 865 1151; x_wconf 74' lang='lat' dir='ltr'>vicarium,</span> <span class='ocrx_word' id='word_1_107' title='bbox 888 1110 963 1143; x_wconf 82' lang='lat' dir='ltr'>licet</span> <span class='ocrx_word' id='word_1_108' title='bbox 984 1109 1149 1150; x_wconf 87' lang='lat' dir='ltr'>immeriti,</span> 
     </span>
     <span class='ocr_line' id='line_1_25' title="bbox 401 1163 1152 1205; baseline 0.001 -11"><span class='ocrx_word' id='word_1_109' title='bbox 401 1169 541 1205; x_wconf 81' lang='lat' dir='ltr'>agentes,</span> <span class='ocrx_word' id='word_1_110' title='bbox 564 1163 741 1205; x_wconf 81' lang='lat' dir='ltr'>fungimur,</span> <span class='ocrx_word' id='word_1_111' title='bbox 759 1163 912 1203; x_wconf 74' lang='lat' dir='ltr'>indicere,</span> <span class='ocrx_word' id='word_1_112' title='bbox 929 1168 964 1195; x_wconf 91' lang='lat' dir='ltr'>ut</span> <span class='ocrx_word' id='word_1_113' title='bbox 974 1163 999 1195; x_wconf 87' lang='lat' dir='ltr'>si</span> <span class='ocrx_word' id='word_1_114' title='bbox 1009 1173 1074 1196; x_wconf 89' lang='lat' dir='ltr'>non</span> <span class='ocrx_word' id='word_1_115' title='bbox 1084 1164 1152 1196; x_wconf 88' lang='lat' dir='ltr'>zelo</span> 
     </span>
     <span class='ocr_line' id='line_1_26' title="bbox 403 1215 1152 1260; baseline 0.003 -13"><span class='ocrx_word' id='word_1_116' title='bbox 403 1215 476 1248; x_wconf 84' lang='lat' dir='ltr'>fidei</span> <span class='ocrx_word' id='word_1_117' title='bbox 509 1227 547 1249; x_wconf 85' lang='lat' dir='ltr'>ao</span> <span class='ocrx_word' id='word_1_118' title='bbox 579 1216 743 1259; x_wconf 74' lang='lat' dir='ltr'>religionis</span> <span class='ocrx_word' id='word_1_119' title='bbox 770 1217 870 1260; x_wconf 85' lang='lat' dir='ltr'>ipsius</span> <span class='ocrx_word' id='word_1_120' title='bbox 894 1215 1029 1257; x_wconf 85' lang='lat' dir='ltr'>Christi,</span> <span class='ocrx_word' id='word_1_121' title='bbox 1061 1216 1152 1249; x_wconf 89' lang='lat' dir='ltr'>cuius</span> 
     </span>
     <span class='ocr_line' id='line_1_27' title="bbox 403 1269 1152 1312; baseline 0 -11"><span class='ocrx_word' id='word_1_122' title='bbox 403 1279 499 1302; x_wconf 87' lang='lat' dir='ltr'>causa</span> <span class='ocrx_word' id='word_1_123' title='bbox 519 1270 635 1312; x_wconf 73' lang='lat' dir='ltr'>agitur,</span> <span class='ocrx_word' id='word_1_124' title='bbox 658 1270 768 1302; x_wconf 73' lang='lat' dir='ltr'>saltem</span> <span class='ocrx_word' id='word_1_125' title='bbox 786 1269 881 1302; x_wconf 72' lang='lat' dir='ltr'>dlxiiii</span> <span class='ocrx_word' id='word_1_126' title='bbox 895 1270 1152 1303; x_wconf 84' lang='lat' dir='ltr'>iudiciimetuad</span> 
     </span>
     <span class='ocr_line' id='line_1_28' title="bbox 403 1322 1152 1367; baseline 0.001 -12"><span class='ocrx_word' id='word_1_127' title='bbox 403 1332 460 1355; x_wconf 84' lang='lat' dir='ltr'>eor</span> <span class='ocrx_word' id='word_1_128' title='bbox 479 1322 621 1363; x_wconf 88' lang='lat' dir='ltr'>redeant,</span> <span class='ocrx_word' id='word_1_129' title='bbox 639 1328 670 1356; x_wconf 86' lang='lat' dir='ltr'>et</span> <span class='ocrx_word' id='word_1_130' title='bbox 689 1322 817 1367; x_wconf 73' lang='lat' dir='ltr'>privatis</span> <span class='ocrx_word' id='word_1_131' title='bbox 836 1322 1004 1356; x_wconf 79' lang='lat' dir='ltr'>affectibus</span> <span class='ocrx_word' id='word_1_132' title='bbox 1024 1324 1152 1367; x_wconf 86' lang='lat' dir='ltr'>publica</span> 
     </span>
     <span class='ocr_line' id='line_1_29' title="bbox 403 1377 804 1419; baseline 0 -10"><span class='ocrx_word' id='word_1_133' title='bbox 403 1377 573 1410; x_wconf 87' lang='lat' dir='ltr'>commoda</span> <span class='ocrx_word' id='word_1_134' title='bbox 597 1381 804 1419; x_wconf 72' lang='lat' dir='ltr'>anteponant.</span> 
     </span>
    </p>

    <p class='ocr_par' dir='ltr' id='par_1_15' title="bbox 448 1429 1154 1474">
     <span class='ocr_line' id='line_1_30' title="bbox 448 1429 1154 1474; baseline 0.001 -12"><span class='ocrx_word' id='word_1_135' title='bbox 448 1430 462 1469; x_wconf 63' lang='grc' dir='ltr'>ξ</span> <span class='ocrx_word' id='word_1_136' title='bbox 486 1430 517 1462; x_wconf 73' lang='lat'>4.</span> <span class='ocrx_word' id='word_1_137' title='bbox 540 1429 653 1462; x_wconf 82' lang='lat' dir='ltr'>Habita</span> <span class='ocrx_word' id='word_1_138' title='bbox 669 1429 766 1473; x_wconf 81' lang='lat' dir='ltr'>igitur</span> <span class='ocrx_word' id='word_1_139' title='bbox 786 1441 884 1474; x_wconf 87' lang='lat' dir='ltr'>super</span> <span class='ocrx_word' id='word_1_140' title='bbox 903 1429 952 1463; x_wconf 87' lang='lat' dir='ltr'>his</span> <span class='ocrx_word' id='word_1_141' title='bbox 973 1442 1047 1463; x_wconf 87' lang='lat' dir='ltr'>cum</span> <span class='ocrx_word' id='word_1_142' title='bbox 1063 1441 1154 1463; x_wconf 72' lang='lat' dir='ltr'>vene-</span> 
     </span>
    </p>
   </div>
   <div class='ocr_carea' id='block_1_15' title="bbox 380 1482 1156 1517">
    <p class='ocr_par' dir='ltr' id='par_1_16' title="bbox 380 1482 1156 1517">
     <span class='ocr_line' id='line_1_31' title="bbox 380 1482 1156 1517; baseline 0 -1"><span class='ocrx_word' id='word_1_143' title='bbox 380 1491 391 1497; x_wconf 70' lang='lat'><em>*</em></span> <span class='ocrx_word' id='word_1_144' title='bbox 405 1482 560 1516; x_wconf 75' lang='lat' dir='ltr'>rabilibus</span> <span class='ocrx_word' id='word_1_145' title='bbox 579 1483 730 1516; x_wconf 78' lang='lat' dir='ltr'>tratribus</span> <span class='ocrx_word' id='word_1_146' title='bbox 750 1483 867 1517; x_wconf 88' lang='lat' dir='ltr'>nostris</span> <span class='ocrx_word' id='word_1_147' title='bbox 887 1483 918 1517; x_wconf 89' lang='lat' dir='ltr'>S.</span> <span class='ocrx_word' id='word_1_148' title='bbox 941 1484 977 1517; x_wconf 80' lang='lat' dir='ltr'>R.</span> <span class='ocrx_word' id='word_1_149' title='bbox 995 1484 1030 1516; x_wconf 85' lang='lat' dir='ltr'>E.</span> <span class='ocrx_word' id='word_1_150' title='bbox 1054 1484 1156 1517; x_wconf 86' lang='lat' dir='ltr'>cardi-</span> 
     </span>
    </p>
   </div>
   <div class='ocr_carea' id='block_1_16' title="bbox 404 1536 1169 2734">
    <p class='ocr_par' dir='ltr' id='par_1_17' title="bbox 404 1536 1167 2679">
     <span class='ocr_line' id='line_1_32' title="bbox 406 1536 1156 1580; baseline 0.003 -12"><span class='ocrx_word' id='word_1_151' title='bbox 406 1536 531 1569; x_wconf 85' lang='lat' dir='ltr'>nalibus</span> <span class='ocrx_word' id='word_1_152' title='bbox 556 1542 681 1569; x_wconf 81' lang='lat' dir='ltr'>matura</span> <span class='ocrx_word' id='word_1_153' title='bbox 701 1536 931 1570; x_wconf 73' lang='lat' dir='ltr'>deliberatione</span> <span class='ocrx_word' id='word_1_154' title='bbox 964 1548 1000 1570; x_wconf 89' lang='lat' dir='ltr'>ac</span> <span class='ocrx_word' id='word_1_155' title='bbox 1026 1537 1156 1580; x_wconf 82' lang='lat' dir='ltr'>diligen-</span> 
     </span>
     <span class='ocr_line' id='line_1_33' title="bbox 404 1589 1156 1631; baseline 0.001 -9"><span class='ocrx_word' id='word_1_156' title='bbox 404 1590 526 1623; x_wconf 85' lang='lat' dir='ltr'>tissimo</span> <span class='ocrx_word' id='word_1_157' title='bbox 543 1589 698 1629; x_wconf 81' lang='lat' dir='ltr'>examine,</span> <span class='ocrx_word' id='word_1_158' title='bbox 710 1589 749 1623; x_wconf 84' lang='lat' dir='ltr'>ad</span> <span class='ocrx_word' id='word_1_159' title='bbox 764 1590 892 1623; x_wconf 88' lang='lat' dir='ltr'>laudem</span> <span class='ocrx_word' id='word_1_160' title='bbox 903 1596 933 1623; x_wconf 89' lang='lat' dir='ltr'>ct</span> <span class='ocrx_word' id='word_1_161' title='bbox 944 1591 1078 1631; x_wconf 78' lang='lat' dir='ltr'>gloriam</span> <span class='ocrx_word' id='word_1_162' title='bbox 1090 1602 1156 1624; x_wconf 92' lang='lat' dir='ltr'>om-</span> 
     </span>
     <span class='ocr_line' id='line_1_34' title="bbox 406 1642 1157 1687; baseline 0 -11"><span class='ocrx_word' id='word_1_163' title='bbox 406 1643 639 1687; x_wconf 83' lang='lat' dir='ltr'>nipotentisDei</span> <span class='ocrx_word' id='word_1_164' title='bbox 651 1648 678 1675; x_wconf 82' lang='lat' dir='ltr'>et</span> <span class='ocrx_word' id='word_1_165' title='bbox 691 1642 861 1675; x_wconf 62' lang='lat' dir='ltr'>individuae</span> <span class='ocrx_word' id='word_1_166' title='bbox 881 1643 1043 1676; x_wconf 77' lang='lat' dir='ltr'>Trinitatis</span> <span class='ocrx_word' id='word_1_167' title='bbox 1056 1644 1157 1677; x_wconf 83' lang='lat' dir='ltr'>Patris</span> 
     </span>
     <span class='ocr_line' id='line_1_35' title="bbox 407 1694 1158 1740; baseline 0.003 -12"><span class='ocrx_word' id='word_1_168' title='bbox 407 1703 435 1729; x_wconf 85' lang='lat' dir='ltr'>et</span> <span class='ocrx_word' id='word_1_169' title='bbox 456 1694 526 1730; x_wconf 88' lang='lat' dir='ltr'>Filii</span> <span class='ocrx_word' id='word_1_170' title='bbox 547 1702 577 1729; x_wconf 87' lang='lat' dir='ltr'>et</span> <span class='ocrx_word' id='word_1_171' title='bbox 596 1696 734 1739; x_wconf 74' lang='lat' dir='ltr'>Spiritus</span> <span class='ocrx_word' id='word_1_172' title='bbox 755 1696 874 1737; x_wconf 80' lang='lat' dir='ltr'>Sancti,</span> <span class='ocrx_word' id='word_1_173' title='bbox 892 1702 988 1740; x_wconf 87' lang='lat' dir='ltr'>atque</span> <span class='ocrx_word' id='word_1_174' title='bbox 1012 1697 1051 1729; x_wconf 91' lang='lat' dir='ltr'>ad</span> <span class='ocrx_word' id='word_1_175' title='bbox 1070 1708 1158 1730; x_wconf 70' lang='lat' dir='ltr'>revo-</span> 
     </span>
     <span class='ocr_line' id='line_1_36' title="bbox 408 1749 1156 1794; baseline 0.001 -12"><span class='ocrx_word' id='word_1_176' title='bbox 408 1749 545 1783; x_wconf 85' lang='lat' dir='ltr'>candum</span> <span class='ocrx_word' id='word_1_177' title='bbox 573 1750 684 1783; x_wconf 82' lang='lat' dir='ltr'>saltem</span> <span class='ocrx_word' id='word_1_178' title='bbox 710 1750 748 1782; x_wconf 88' lang='lat' dir='ltr'>ad</span> <span class='ocrx_word' id='word_1_179' title='bbox 776 1755 903 1794; x_wconf 83' lang='lat' dir='ltr'>tempus</span> <span class='ocrx_word' id='word_1_180' title='bbox 927 1750 1156 1783; x_wconf 84' lang='lat' dir='ltr'>haereditatem</span> 
     </span>
     <span class='ocr_line' id='line_1_37' title="bbox 406 1802 1158 1847; baseline 0.001 -12"><span class='ocrx_word' id='word_1_181' title='bbox 406 1802 553 1843; x_wconf 85' lang='lat' dir='ltr'>Domini,</span> <span class='ocrx_word' id='word_1_182' title='bbox 570 1803 610 1836; x_wconf 88' lang='lat' dir='ltr'>ad</span> <span class='ocrx_word' id='word_1_183' title='bbox 631 1814 741 1847; x_wconf 83' lang='lat' dir='ltr'>pacem</span> <span class='ocrx_word' id='word_1_184' title='bbox 763 1803 881 1836; x_wconf 78' lang='lat' dir='ltr'>seilicet</span> <span class='ocrx_word' id='word_1_185' title='bbox 905 1808 1001 1845; x_wconf 84' lang='lat' dir='ltr'>atque</span> <span class='ocrx_word' id='word_1_186' title='bbox 1022 1814 1158 1837; x_wconf 88' lang='lat' dir='ltr'>concor-</span> 
     </span>
     <span class='ocr_line' id='line_1_38' title="bbox 409 1855 1160 1896; baseline 0.004 -9"><span class='ocrx_word' id='word_1_187' title='bbox 409 1856 505 1896; x_wconf 88' lang='lat' dir='ltr'>diam,</span> <span class='ocrx_word' id='word_1_188' title='bbox 527 1867 545 1889; x_wconf 89' lang='lat' dir='ltr'>a</span> <span class='ocrx_word' id='word_1_189' title='bbox 569 1855 751 1889; x_wconf 84' lang='lat' dir='ltr'>christianis</span> <span class='ocrx_word' id='word_1_190' title='bbox 772 1856 890 1889; x_wconf 79' lang='lat' dir='ltr'>finibus</span> <span class='ocrx_word' id='word_1_191' title='bbox 910 1856 1032 1888; x_wconf 85' lang='lat' dir='ltr'>tamdiu</span> <span class='ocrx_word' id='word_1_192' title='bbox 1043 1857 1160 1890; x_wconf 88' lang='lat' dir='ltr'>nostris</span> 
     </span>
     <span class='ocr_line' id='line_1_39' title="bbox 409 1909 1161 1953; baseline 0.003 -12"><span class='ocrx_word' id='word_1_193' title='bbox 409 1909 572 1943; x_wconf 86' lang='lat' dir='ltr'>demeritis</span> <span class='ocrx_word' id='word_1_194' title='bbox 588 1910 782 1949; x_wconf 77' lang='lat' dir='ltr'>exulantem,</span> <span class='ocrx_word' id='word_1_195' title='bbox 795 1914 889 1953; x_wconf 87' lang='lat' dir='ltr'>atque</span> <span class='ocrx_word' id='word_1_196' title='bbox 900 1916 933 1941; x_wconf 92' lang='lat' dir='ltr'>ut</span> <span class='ocrx_word' id='word_1_197' title='bbox 951 1910 1078 1943; x_wconf 84' lang='lat' dir='ltr'>tandem</span> <span class='ocrx_word' id='word_1_198' title='bbox 1091 1922 1161 1944; x_wconf 87' lang='lat' dir='ltr'>san-</span> 
     </span>
     <span class='ocr_line' id='line_1_40' title="bbox 410 1963 1161 2008; baseline 0 -12"><span class='ocrx_word' id='word_1_199' title='bbox 410 1970 459 1996; x_wconf 76' lang='lat' dir='ltr'>eta</span> <span class='ocrx_word' id='word_1_200' title='bbox 479 1969 507 1996; x_wconf 88' lang='lat' dir='ltr'>et</span> <span class='ocrx_word' id='word_1_201' title='bbox 529 1963 769 2008; x_wconf 83' lang='lat' dir='ltr'>pernecessaria</span> <span class='ocrx_word' id='word_1_202' title='bbox 790 1963 963 2007; x_wconf 79' lang='lat' dir='ltr'>expeditio,</span> <span class='ocrx_word' id='word_1_203' title='bbox 990 1963 1161 1997; x_wconf 68' lang='lat' dir='ltr'>universati</span> 
     </span>
     <span class='ocr_line' id='line_1_41' title="bbox 411 2016 1161 2050; baseline 0 -1"><span class='ocrx_word' id='word_1_204' title='bbox 411 2017 658 2050; x_wconf 72' lang='lat' dir='ltr'>christianorum</span> <span class='ocrx_word' id='word_1_205' title='bbox 679 2017 796 2049; x_wconf 81' lang='lat' dir='ltr'>damno</span> <span class='ocrx_word' id='word_1_206' title='bbox 817 2021 845 2049; x_wconf 86' lang='lat' dir='ltr'>et</span> <span class='ocrx_word' id='word_1_207' title='bbox 867 2016 1023 2049; x_wconf 73' lang='lat' dir='ltr'>dedecore</span> <span class='ocrx_word' id='word_1_208' title='bbox 1038 2017 1161 2049; x_wconf 88' lang='lat' dir='ltr'>tamdiu</span> 
     </span>
     <span class='ocr_line' id='line_1_42' title="bbox 412 2070 1162 2114; baseline 0.001 -11"><span class='ocrx_word' id='word_1_209' title='bbox 412 2071 642 2114; x_wconf 60' lang='lat' dir='ltr'>1.21·ocrastiuata</span> <span class='ocrx_word' id='word_1_210' title='bbox 654 2071 789 2103; x_wconf 84' lang='lat' dir='ltr'>ulterius</span> <span class='ocrx_word' id='word_1_211' title='bbox 805 2081 870 2103; x_wconf 89' lang='lat' dir='ltr'>non</span> <span class='ocrx_word' id='word_1_212' title='bbox 886 2070 1066 2110; x_wconf 70' lang='lat' dir='ltr'>differatur,</span> <span class='ocrx_word' id='word_1_213' title='bbox 1083 2081 1162 2114; x_wconf 90' lang='lat' dir='ltr'>quo-</span> 
     </span>
     <span class='ocr_line' id='line_1_43' title="bbox 413 2123 1162 2167; baseline 0.001 -12"><span class='ocrx_word' id='word_1_214' title='bbox 413 2123 559 2156; x_wconf 86' lang='lat' dir='ltr'>rumdam</span> <span class='ocrx_word' id='word_1_215' title='bbox 568 2124 851 2167; x_wconf 81' lang='lat' dir='ltr'>praedecessorum</span> <span class='ocrx_word' id='word_1_216' title='bbox 861 2129 1060 2163; x_wconf 83' lang='lat' dir='ltr'>nostrorum,</span> <span class='ocrx_word' id='word_1_217' title='bbox 1072 2135 1162 2167; x_wconf 85' lang='lat' dir='ltr'>prae-</span> 
     </span>
     <span class='ocr_line' id='line_1_44' title="bbox 414 2176 1160 2217; baseline 0 -8"><span class='ocrx_word' id='word_1_218' title='bbox 414 2176 521 2209; x_wconf 83' lang='lat' dir='ltr'>sertim</span> <span class='ocrx_word' id='word_1_219' title='bbox 532 2177 706 2210; x_wconf 73' lang='lat' dir='ltr'>Innocentii</span> <span class='ocrx_word' id='word_1_220' title='bbox 727 2178 778 2217; x_wconf 83' lang='lat' dir='ltr'>tlt,</span> <span class='ocrx_word' id='word_1_221' title='bbox 796 2176 916 2209; x_wconf 75' lang='lat' dir='ltr'>Nicolai</span> <span class='ocrx_word' id='word_1_222' title='bbox 931 2177 953 2208; x_wconf 68' lang='lat' dir='ltr'><strong>V</strong></span> <span class='ocrx_word' id='word_1_223' title='bbox 965 2182 995 2209; x_wconf 91' lang='lat' dir='ltr'>et</span> <span class='ocrx_word' id='word_1_224' title='bbox 1010 2176 1160 2217; x_wconf 83' lang='lat' dir='ltr'>aliorum,</span> 
     </span>
     <span class='ocr_line' id='line_1_45' title="bbox 414 2229 1163 2273; baseline 0.003 -12"><span class='ocrx_word' id='word_1_225' title='bbox 414 2229 551 2273; x_wconf 74' lang='lat' dir='ltr'>vestigiis</span> <span class='ocrx_word' id='word_1_226' title='bbox 571 2230 792 2270; x_wconf 78' lang='lat' dir='ltr'>inhaerentes,</span> <span class='ocrx_word' id='word_1_227' title='bbox 822 2230 997 2263; x_wconf 69' lang='lat' dir='ltr'>triennales</span> <span class='ocrx_word' id='word_1_228' title='bbox 1019 2229 1163 2263; x_wconf 83' lang='lat' dir='ltr'>inducias</span> 
     </span>
     <span class='ocr_line' id='line_1_46' title="bbox 416 2283 1164 2326; baseline -0.001 -10"><span class='ocrx_word' id='word_1_229' title='bbox 416 2294 471 2316; x_wconf 82' lang='lat' dir='ltr'>sen</span> <span class='ocrx_word' id='word_1_230' title='bbox 496 2288 625 2326; x_wconf 83' lang='lat' dir='ltr'>treugas</span> <span class='ocrx_word' id='word_1_231' title='bbox 658 2283 740 2316; x_wconf 85' lang='lat' dir='ltr'>inter</span> <span class='ocrx_word' id='word_1_232' title='bbox 766 2294 877 2316; x_wconf 89' lang='lat' dir='ltr'>omnes</span> <span class='ocrx_word' id='word_1_233' title='bbox 902 2294 993 2325; x_wconf 81' lang='lat' dir='ltr'>reges</span> <span class='ocrx_word' id='word_1_234' title='bbox 1021 2294 1058 2315; x_wconf 79' lang='lat' dir='ltr'>ae</span> <span class='ocrx_word' id='word_1_235' title='bbox 1080 2283 1164 2326; x_wconf 91' lang='lat' dir='ltr'>prin-</span> 
     </span>
     <span class='ocr_line' id='line_1_47' title="bbox 417 2336 1166 2380; baseline 0 -12"><span class='ocrx_word' id='word_1_236' title='bbox 417 2336 516 2379; x_wconf 86' lang='lat' dir='ltr'>cipes,</span> <span class='ocrx_word' id='word_1_237' title='bbox 543 2336 808 2375; x_wconf 77' lang='lat' dir='ltr'>communitates,</span> <span class='ocrx_word' id='word_1_238' title='bbox 829 2342 1028 2380; x_wconf 82' lang='lat' dir='ltr'>potentatus,</span> <span class='ocrx_word' id='word_1_239' title='bbox 1056 2347 1166 2379; x_wconf 88' lang='lat' dir='ltr'>respu-</span> 
     </span>
     <span class='ocr_line' id='line_1_48' title="bbox 418 2389 1167 2432; baseline 0.001 -11"><span class='ocrx_word' id='word_1_240' title='bbox 418 2389 527 2430; x_wconf 86' lang='lat' dir='ltr'>blicas,</span> <span class='ocrx_word' id='word_1_241' title='bbox 542 2395 729 2432; x_wconf 70' lang='lat' dir='ltr'>ceterosspw</span> <span class='ocrx_word' id='word_1_242' title='bbox 745 2389 967 2422; x_wconf 85' lang='lat' dir='ltr'>christifideles</span> <span class='ocrx_word' id='word_1_243' title='bbox 987 2390 1167 2422; x_wconf 81' lang='lat' dir='ltr'>saeculares</span> 
     </span>
     <span class='ocr_line' id='line_1_49' title="bbox 418 2442 1167 2485; baseline 0.001 -11"><span class='ocrx_word' id='word_1_244' title='bbox 418 2448 447 2474; x_wconf 93' lang='lat' dir='ltr'>et</span> <span class='ocrx_word' id='word_1_245' title='bbox 468 2442 716 2482; x_wconf 85' lang='lat' dir='ltr'>ecclesiasticos,</span> <span class='ocrx_word' id='word_1_246' title='bbox 738 2443 776 2476; x_wconf 79' lang='lat' dir='ltr'>(le</span> <span class='ocrx_word' id='word_1_247' title='bbox 797 2442 1025 2485; x_wconf 81' lang='lat' dir='ltr'>omnipotentis</span> <span class='ocrx_word' id='word_1_248' title='bbox 1045 2442 1097 2474; x_wconf 79' lang='lat' dir='ltr'>Dei</span> <span class='ocrx_word' id='word_1_249' title='bbox 1130 2454 1167 2475; x_wconf 86' lang='lat' dir='ltr'>ac</span> 
     </span>
     <span class='ocr_line' id='line_1_50' title="bbox 420 2495 1166 2538; baseline -0.004 -9"><span class='ocrx_word' id='word_1_250' title='bbox 420 2496 635 2538; x_wconf 77' lang='lat' dir='ltr'>praefatorum</span> <span class='ocrx_word' id='word_1_251' title='bbox 660 2495 745 2527; x_wconf 84' lang='lat' dir='ltr'>Petri</span> <span class='ocrx_word' id='word_1_252' title='bbox 774 2500 801 2527; x_wconf 86' lang='lat' dir='ltr'>et</span> <span class='ocrx_word' id='word_1_253' title='bbox 831 2495 919 2527; x_wconf 84' lang='lat' dir='ltr'>Pauli</span> <span class='ocrx_word' id='word_1_254' title='bbox 946 2495 1166 2538; x_wconf 87' lang='lat' dir='ltr'>apostolorum</span> 
     </span>
     <span class='ocr_line' id='line_1_51' title="bbox 420 2544 1167 2586; baseline -0.003 -9"><span class='ocrx_word' id='word_1_255' title='bbox 420 2544 507 2585; x_wconf 84' lang='lat' dir='ltr'>Eius,</span> <span class='ocrx_word' id='word_1_256' title='bbox 530 2549 558 2576; x_wconf 87' lang='lat' dir='ltr'>et</span> <span class='ocrx_word' id='word_1_257' title='bbox 579 2554 627 2584; x_wconf 89' lang='lat' dir='ltr'>ca,</span> <span class='ocrx_word' id='word_1_258' title='bbox 649 2554 730 2586; x_wconf 85' lang='lat' dir='ltr'>quae</span> <span class='ocrx_word' id='word_1_259' title='bbox 751 2544 843 2576; x_wconf 88' lang='lat' dir='ltr'>nobis</span> <span class='ocrx_word' id='word_1_260' title='bbox 873 2555 909 2576; x_wconf 84' lang='lat' dir='ltr'>ex</span> <span class='ocrx_word' id='word_1_261' title='bbox 934 2544 998 2576; x_wconf 88' lang='lat' dir='ltr'>alto</span> <span class='ocrx_word' id='word_1_262' title='bbox 1019 2553 1167 2575; x_wconf 86' lang='lat' dir='ltr'>concessa</span> 
     </span>
     <span class='ocr_line' id='line_1_52' title="bbox 421 2592 1167 2633; baseline -0.003 -8"><span class='ocrx_word' id='word_1_263' title='bbox 421 2599 479 2633; x_wconf 86' lang='lat' dir='ltr'>cst,</span> <span class='ocrx_word' id='word_1_264' title='bbox 501 2592 702 2632; x_wconf 84' lang='lat' dir='ltr'>auctoritate,</span> <span class='ocrx_word' id='word_1_265' title='bbox 726 2604 762 2625; x_wconf 84' lang='lat' dir='ltr'>ac</span> <span class='ocrx_word' id='word_1_266' title='bbox 773 2592 810 2625; x_wconf 86' lang='lat' dir='ltr'>de</span> <span class='ocrx_word' id='word_1_267' title='bbox 829 2592 1017 2625; x_wconf 83' lang='lat' dir='ltr'>eorumdem</span> <span class='ocrx_word' id='word_1_268' title='bbox 1035 2592 1167 2623; x_wconf 75' lang='lat' dir='ltr'>fratrum</span> 
     </span>
     <span class='ocr_line' id='line_1_53' title="bbox 422 2640 974 2679; baseline -0.005 -5"><span class='ocrx_word' id='word_1_269' title='bbox 422 2641 557 2675; x_wconf 88' lang='lat' dir='ltr'>consilio</span> <span class='ocrx_word' id='word_1_270' title='bbox 577 2646 604 2674; x_wconf 86' lang='lat' dir='ltr'>et</span> <span class='ocrx_word' id='word_1_271' title='bbox 626 2651 769 2679; x_wconf 83' lang='lat' dir='ltr'>assensu,</span> <span class='ocrx_word' id='word_1_272' title='bbox 792 2640 974 2673; x_wconf 79' lang='lat' dir='ltr'>indicimus.</span> 
     </span>
    </p>

    <p class='ocr_par' dir='ltr' id='par_1_18' title="bbox 467 2689 1169 2734">
     <span class='ocr_line' id='line_1_54' title="bbox 467 2689 1169 2734; baseline -0.007 -10"><span class='ocrx_word' id='word_1_273' title='bbox 467 2690 528 2734; x_wconf 66' lang='grc' dir='ltr'>ἓῦ.</span> <span class='ocrx_word' id='word_1_274' title='bbox 551 2692 594 2723; x_wconf 74' lang='lat' dir='ltr'>Ac</span> <span class='ocrx_word' id='word_1_275' title='bbox 619 2690 746 2723; x_wconf 78' lang='lat' dir='ltr'>cosdem</span> <span class='ocrx_word' id='word_1_276' title='bbox 769 2700 870 2732; x_wconf 78' lang='lat' dir='ltr'>reges,</span> <span class='ocrx_word' id='word_1_277' title='bbox 890 2689 1062 2732; x_wconf 74' lang='lat' dir='ltr'>principes,</span> <span class='ocrx_word' id='word_1_278' title='bbox 1082 2698 1169 2720; x_wconf 75' lang='lat' dir='ltr'>com-</span> 
     </span>
    </p>
   </div>
   <div class='ocr_carea' id='block_1_17' title="bbox 993 286 1345 331">
    <p class='ocr_par' dir='ltr' id='par_1_19' title="bbox 993 286 1345 331">
     <span class='ocr_line' id='line_1_55' title="bbox 993 286 1345 331; baseline -0.014 0"><span class='ocrx_word' id='word_1_279' title='bbox 993 305 1171 331; x_wconf 55' lang='lat' dir='ltr'>numanum</span> <span class='ocrx_word' id='word_1_280' title='bbox 1194 286 1345 329; x_wconf 64' lang='lat' dir='ltr'>Romnum</span> 
     </span>
    </p>
   </div>
   <div class='ocr_carea' id='block_1_18' title="bbox 1172 1270 1185 2213">
    <p class='ocr_par' dir='ltr' id='par_1_20' title="bbox 1172 1270 1185 2213">
     <span class='ocr_line' id='line_1_56' title="bbox 1172 1270 1185 2213; baseline 0 0"><span class='ocrx_word' id='word_1_281' title='bbox 1172 1270 1185 2213; x_wconf 95' lang='lat' dir='ltr'> </span> 
     </span>
    </p>
   </div>
   <div class='ocr_carea' id='block_1_19' title="bbox 1188 292 2136 2729">
    <p class='ocr_par' dir='ltr' id='par_1_21' title="bbox 1188 292 2136 761">
     <span class='ocr_line' id='line_1_57' title="bbox 1948 292 2131 331; baseline 0 -10"><span class='ocrx_word' id='word_1_282' title='bbox 1948 293 1999 330; x_wconf 49' lang='lat' dir='ltr'>An&gt;⁸</span> <span class='ocrx_word' id='word_1_283' title='bbox 2010 292 2046 331; x_wconf 68' lang='grc' dir='ltr'>β.</span> <span class='ocrx_word' id='word_1_284' title='bbox 2063 292 2131 321; x_wconf 65' lang='lat'>{5⁸25</span> 
     </span>
     <span class='ocr_line' id='line_1_58' title="bbox 1188 350 2135 406; baseline -0.007 -18"><span class='ocrx_word' id='word_1_285' title='bbox 1188 354 1371 395; x_wconf 86' lang='lat' dir='ltr'>munitates,</span> <span class='ocrx_word' id='word_1_286' title='bbox 1393 358 1595 397; x_wconf 77' lang='lat' dir='ltr'>potentatus,</span> <span class='ocrx_word' id='word_1_287' title='bbox 1617 350 1828 395; x_wconf 77' lang='lat' dir='ltr'>respublicas,</span> <span class='ocrx_word' id='word_1_288' title='bbox 1850 354 1934 384; x_wconf 86' lang='lat' dir='ltr'>cete—</span> <span class='ocrx_word' id='word_1_289' title='bbox 1960 355 2135 406; x_wconf 58' lang='lat' dir='ltr'>Principibuspo</span> 
     </span>
     <span class='ocr_line' id='line_1_59' title="bbox 1188 392 2136 450; baseline -0.006 -10"><span class='ocrx_word' id='word_1_290' title='bbox 1188 418 1306 450; x_wconf 81' lang='lat' dir='ltr'>rosque</span> <span class='ocrx_word' id='word_1_291' title='bbox 1331 406 1553 440; x_wconf 85' lang='lat' dir='ltr'>christifideles</span> <span class='ocrx_word' id='word_1_292' title='bbox 1583 416 1712 446; x_wconf 86' lang='lat' dir='ltr'>omnes,</span> <span class='ocrx_word' id='word_1_293' title='bbox 1746 404 1936 448; x_wconf 84' lang='lat' dir='ltr'>praemissas</span> <span class='ocrx_word' id='word_1_294' title='bbox 1950 393 2008 439; x_wconf 47' lang='lat' dir='ltr'>{ltin</span> <span class='ocrx_word' id='word_1_295' title='bbox 2020 392 2136 445; x_wconf 48' lang='lat' dir='ltr'>3less0ss</span> 
     </span>
     <span class='ocr_line' id='line_1_60' title="bbox 1188 451 2136 503; baseline -0.004 -10"><span class='ocrx_word' id='word_1_296' title='bbox 1188 460 1333 493; x_wconf 81' lang='lat' dir='ltr'>inducias</span> <span class='ocrx_word' id='word_1_297' title='bbox 1353 471 1409 493; x_wconf 87' lang='lat' dir='ltr'>seu</span> <span class='ocrx_word' id='word_1_298' title='bbox 1428 465 1557 503; x_wconf 81' lang='lat' dir='ltr'>treugas</span> <span class='ocrx_word' id='word_1_299' title='bbox 1569 486 1576 500; x_wconf 89' lang='lat'>,</span> <span class='ocrx_word' id='word_1_300' title='bbox 1602 459 1661 491; x_wconf 90' lang='lat' dir='ltr'>sub</span> <span class='ocrx_word' id='word_1_301' title='bbox 1681 456 1938 492; x_wconf 81' lang='lat' dir='ltr'>excommunica·</span> <span class='ocrx_word' id='word_1_302' title='bbox 1953 451 2136 502; x_wconf 44' lang='grc' dir='ltr'>ζζῃξζιξζωᾞξξζζ</span> 
     </span>
     <span class='ocr_line' id='line_1_61' title="bbox 1189 510 2083 553; baseline -0.006 -7"><span class='ocrx_word' id='word_1_303' title='bbox 1189 513 1285 546; x_wconf 89' lang='lat' dir='ltr'>tionis</span> <span class='ocrx_word' id='word_1_304' title='bbox 1308 513 1389 546; x_wconf 85' lang='lat' dir='ltr'>latae</span> <span class='ocrx_word' id='word_1_305' title='bbox 1410 513 1583 546; x_wconf 87' lang='lat' dir='ltr'>sententiae</span> <span class='ocrx_word' id='word_1_306' title='bbox 1609 510 1885 553; x_wconf 78' lang='lat' dir='ltr'>anathematisque</span> <span class='ocrx_word' id='word_1_307' title='bbox 1908 513 1937 542; x_wconf 89' lang='lat' dir='ltr'>et</span> <span class='ocrx_word' id='word_1_308' title='bbox 1953 513 2083 537; x_wconf 45' lang='lat' dir='ltr'>sente-¹¹³³&amp;</span> 
     </span>
     <span class='ocr_line' id='line_1_62' title="bbox 1189 562 1940 600; baseline -0.007 -1"><span class='ocrx_word' id='word_1_309' title='bbox 1189 564 1350 600; x_wconf 84' lang='lat' dir='ltr'>interdicti</span> <span class='ocrx_word' id='word_1_310' title='bbox 1374 565 1579 599; x_wconf 82' lang='lat' dir='ltr'>ecclesiastici</span> <span class='ocrx_word' id='word_1_311' title='bbox 1606 566 1638 598; x_wconf 90' lang='lat' dir='ltr'>in</span> <span class='ocrx_word' id='word_1_312' title='bbox 1663 565 1757 598; x_wconf 88' lang='lat' dir='ltr'>terris</span> <span class='ocrx_word' id='word_1_313' title='bbox 1781 569 1812 597; x_wconf 88' lang='lat' dir='ltr'>ct</span> <span class='ocrx_word' id='word_1_314' title='bbox 1838 562 1940 596; x_wconf 90' lang='lat' dir='ltr'>domi-</span> 
     </span>
     <span class='ocr_line' id='line_1_63' title="bbox 1188 615 1936 661; baseline -0.005 -8"><span class='ocrx_word' id='word_1_315' title='bbox 1188 619 1249 653; x_wconf 90' lang='lat' dir='ltr'>niis</span> <span class='ocrx_word' id='word_1_316' title='bbox 1267 630 1380 653; x_wconf 88' lang='lat' dir='ltr'>eorum</span> <span class='ocrx_word' id='word_1_317' title='bbox 1397 619 1542 653; x_wconf 82' lang='lat' dir='ltr'>omnium</span> <span class='ocrx_word' id='word_1_318' title='bbox 1558 625 1586 652; x_wconf 87' lang='lat' dir='ltr'>et</span> <span class='ocrx_word' id='word_1_319' title='bbox 1602 619 1802 661; x_wconf 86' lang='lat' dir='ltr'>singulorum</span> <span class='ocrx_word' id='word_1_320' title='bbox 1813 615 1936 660; x_wconf 86' lang='lat' dir='ltr'>poenis,</span> 
     </span>
     <span class='ocr_line' id='line_1_64' title="bbox 1189 671 1938 707; baseline -0.004 -1"><span class='ocrx_word' id='word_1_321' title='bbox 1189 673 1274 707; x_wconf 85' lang='lat' dir='ltr'>dicto</span> <span class='ocrx_word' id='word_1_322' title='bbox 1284 673 1419 707; x_wconf 87' lang='lat' dir='ltr'>durante</span> <span class='ocrx_word' id='word_1_323' title='bbox 1430 673 1566 706; x_wconf 90' lang='lat' dir='ltr'>triennio</span> <span class='ocrx_word' id='word_1_324' title='bbox 1575 671 1799 706; x_wconf 79' lang='lat' dir='ltr'>inviolabiliter</span> <span class='ocrx_word' id='word_1_325' title='bbox 1814 681 1938 704; x_wconf 79' lang='lat' dir='ltr'>servare</span> 
     </span>
     <span class='ocr_line' id='line_1_65' title="bbox 1189 726 1542 761; baseline -0.003 -1"><span class='ocrx_word' id='word_1_326' title='bbox 1189 728 1305 761; x_wconf 86' lang='lat' dir='ltr'>debere</span> <span class='ocrx_word' id='word_1_327' title='bbox 1327 726 1542 760; x_wconf 84' lang='lat' dir='ltr'>decernimus.</span> 
     </span>
    </p>

    <p class='ocr_par' dir='ltr' id='par_1_22' title="bbox 1190 779 1991 2729">
     <span class='ocr_line' id='line_1_66' title="bbox 1234 779 1938 825; baseline -0.006 -11"><span class='ocrx_word' id='word_1_328' title='bbox 1234 782 1247 825; x_wconf 68' lang='grc' dir='ltr'>,ξ</span> <span class='ocrx_word' id='word_1_329' title='bbox 1272 781 1303 815; x_wconf 78' lang='grc'>6.</span> <span class='ocrx_word' id='word_1_330' title='bbox 1321 781 1383 814; x_wconf 87' lang='lat' dir='ltr'>Eos</span> <span class='ocrx_word' id='word_1_331' title='bbox 1402 780 1612 813; x_wconf 90' lang='lat' dir='ltr'>nihilominus</span> <span class='ocrx_word' id='word_1_332' title='bbox 1628 779 1658 812; x_wconf 88' lang='lat' dir='ltr'>in</span> <span class='ocrx_word' id='word_1_333' title='bbox 1678 779 1793 812; x_wconf 69' lang='lat' dir='ltr'>virtute</span> <span class='ocrx_word' id='word_1_334' title='bbox 1811 783 1938 811; x_wconf 82' lang='lat' dir='ltr'>sanctae</span> 
     </span>
     <span class='ocr_line' id='line_1_67' title="bbox 1191 831 1938 877; baseline -0.005 -10"><span class='ocrx_word' id='word_1_335' title='bbox 1191 834 1391 868; x_wconf 79' lang='lat' dir='ltr'>obedientiae</span> <span class='ocrx_word' id='word_1_336' title='bbox 1423 834 1643 877; x_wconf 83' lang='lat' dir='ltr'>requirentes,</span> <span class='ocrx_word' id='word_1_337' title='bbox 1672 843 1708 865; x_wconf 78' lang='lat' dir='ltr'>ac</span> <span class='ocrx_word' id='word_1_338' title='bbox 1738 843 1795 876; x_wconf 85' lang='lat' dir='ltr'>per</span> <span class='ocrx_word' id='word_1_339' title='bbox 1818 831 1938 864; x_wconf 71' lang='lat' dir='ltr'>viscera</span> 
     </span>
     <span class='ocr_line' id='line_1_68' title="bbox 1191 883 1937 923; baseline -0.005 -3"><span class='ocrx_word' id='word_1_340' title='bbox 1191 887 1428 921; x_wconf 83' lang='lat' dir='ltr'>misericordiae</span> <span class='ocrx_word' id='word_1_341' title='bbox 1447 885 1573 919; x_wconf 86' lang='lat' dir='ltr'>Domini</span> <span class='ocrx_word' id='word_1_342' title='bbox 1602 885 1703 918; x_wconf 89' lang='lat' dir='ltr'>nostri</span> <span class='ocrx_word' id='word_1_343' title='bbox 1727 885 1796 918; x_wconf 88' lang='lat' dir='ltr'>lesu</span> <span class='ocrx_word' id='word_1_344' title='bbox 1810 883 1937 923; x_wconf 85' lang='lat' dir='ltr'>Christi,</span> 
     </span>
     <span class='ocr_line' id='line_1_69' title="bbox 1190 937 1940 985; baseline -0.007 -11"><span class='ocrx_word' id='word_1_345' title='bbox 1190 952 1249 985; x_wconf 85' lang='lat' dir='ltr'>per</span> <span class='ocrx_word' id='word_1_346' title='bbox 1267 941 1505 974; x_wconf 79' lang='lat' dir='ltr'>acerbissimam</span> <span class='ocrx_word' id='word_1_347' title='bbox 1532 938 1732 983; x_wconf 78' lang='lat' dir='ltr'>passionem,</span> <span class='ocrx_word' id='word_1_348' title='bbox 1759 948 1854 980; x_wconf 90' lang='lat' dir='ltr'>quam</span> <span class='ocrx_word' id='word_1_349' title='bbox 1882 937 1940 970; x_wconf 87' lang='lat' dir='ltr'>im-</span> 
     </span>
     <span class='ocr_line' id='line_1_70' title="bbox 1191 989 1942 1034; baseline -0.007 -7"><span class='ocrx_word' id='word_1_350' title='bbox 1191 995 1371 1027; x_wconf 84' lang='lat' dir='ltr'>maculatus</span> <span class='ocrx_word' id='word_1_351' title='bbox 1391 998 1418 1026; x_wconf 89' lang='lat' dir='ltr'>et</span> <span class='ocrx_word' id='word_1_352' title='bbox 1441 994 1595 1026; x_wconf 87' lang='lat' dir='ltr'>innocens</span> <span class='ocrx_word' id='word_1_353' title='bbox 1614 992 1734 1034; x_wconf 74' lang='lat' dir='ltr'>Agnus,</span> <span class='ocrx_word' id='word_1_354' title='bbox 1762 995 1797 1023; x_wconf 87' lang='lat' dir='ltr'>ut</span> <span class='ocrx_word' id='word_1_355' title='bbox 1811 1001 1869 1023; x_wconf 89' lang='lat' dir='ltr'>nos</span> <span class='ocrx_word' id='word_1_356' title='bbox 1885 989 1942 1022; x_wconf 91' lang='lat' dir='ltr'>mi-</span> 
     </span>
     <span class='ocr_line' id='line_1_71' title="bbox 1191 1043 1941 1092; baseline -0.008 -10"><span class='ocrx_word' id='word_1_357' title='bbox 1191 1059 1279 1082; x_wconf 89' lang='lat' dir='ltr'>seros</span> <span class='ocrx_word' id='word_1_358' title='bbox 1302 1052 1488 1092; x_wconf 85' lang='lat' dir='ltr'>peccatores</span> <span class='ocrx_word' id='word_1_359' title='bbox 1508 1046 1547 1079; x_wconf 87' lang='lat' dir='ltr'>ab</span> <span class='ocrx_word' id='word_1_360' title='bbox 1573 1050 1702 1079; x_wconf 87' lang='lat' dir='ltr'>aeterna</span> <span class='ocrx_word' id='word_1_361' title='bbox 1726 1048 1831 1077; x_wconf 87' lang='lat' dir='ltr'>morte</span> <span class='ocrx_word' id='word_1_362' title='bbox 1856 1043 1941 1076; x_wconf 86' lang='lat' dir='ltr'>redi-</span> 
     </span>
     <span class='ocr_line' id='line_1_72' title="bbox 1192 1097 1942 1145; baseline -0.007 -11"><span class='ocrx_word' id='word_1_363' title='bbox 1192 1100 1539 1145; x_wconf 86' lang='lat' dir='ltr'>meret,patidignatns</span> <span class='ocrx_word' id='word_1_364' title='bbox 1559 1105 1617 1137; x_wconf 88' lang='lat' dir='ltr'>est·‚</span> <span class='ocrx_word' id='word_1_365' title='bbox 1639 1109 1697 1142; x_wconf 88' lang='lat' dir='ltr'>per</span> <span class='ocrx_word' id='word_1_366' title='bbox 1717 1097 1873 1131; x_wconf 88' lang='lat' dir='ltr'>iudicium</span> <span class='ocrx_word' id='word_1_367' title='bbox 1888 1107 1942 1130; x_wconf 82' lang='lat' dir='ltr'>ex·</span> 
     </span>
     <span class='ocr_line' id='line_1_73' title="bbox 1192 1150 1944 1196; baseline -0.004 -10"><span class='ocrx_word' id='word_1_368' title='bbox 1192 1159 1345 1190; x_wconf 76' lang='lat' dir='ltr'>tremum,</span> <span class='ocrx_word' id='word_1_369' title='bbox 1372 1154 1404 1186; x_wconf 87' lang='lat' dir='ltr'>iu</span> <span class='ocrx_word' id='word_1_370' title='bbox 1425 1164 1490 1196; x_wconf 87' lang='lat' dir='ltr'>quo</span> <span class='ocrx_word' id='word_1_371' title='bbox 1511 1163 1623 1185; x_wconf 87' lang='lat' dir='ltr'>omnes</span> <span class='ocrx_word' id='word_1_372' title='bbox 1642 1151 1771 1184; x_wconf 83' lang='lat' dir='ltr'>stabunt</span> <span class='ocrx_word' id='word_1_373' title='bbox 1790 1156 1863 1185; x_wconf 84' lang='lat' dir='ltr'>ante</span> <span class='ocrx_word' id='word_1_374' title='bbox 1888 1150 1944 1184; x_wconf 86' lang='lat' dir='ltr'>tri-</span> 
     </span>
     <span class='ocr_line' id='line_1_74' title="bbox 1192 1205 1944 1250; baseline -0.004 -9"><span class='ocrx_word' id='word_1_375' title='bbox 1192 1207 1291 1240; x_wconf 85' lang='lat' dir='ltr'>bunal</span> <span class='ocrx_word' id='word_1_376' title='bbox 1305 1207 1392 1246; x_wconf 86' lang='lat' dir='ltr'>Eius,</span> <span class='ocrx_word' id='word_1_377' title='bbox 1410 1205 1575 1250; x_wconf 78' lang='lat' dir='ltr'>accepturi</span> <span class='ocrx_word' id='word_1_378' title='bbox 1589 1205 1811 1248; x_wconf 86' lang='lat' dir='ltr'>unusquisque</span> <span class='ocrx_word' id='word_1_379' title='bbox 1832 1215 1944 1238; x_wconf 89' lang='lat' dir='ltr'>secun-</span> 
     </span>
     <span class='ocr_line' id='line_1_75' title="bbox 1193 1258 1941 1305; baseline -0.003 -12"><span class='ocrx_word' id='word_1_380' title='bbox 1193 1261 1234 1293; x_wconf 88' lang='lat' dir='ltr'>du</span> <span class='ocrx_word' id='word_1_381' title='bbox 1240 1271 1269 1293; x_wconf 90' lang='lat' dir='ltr'>m</span> <span class='ocrx_word' id='word_1_382' title='bbox 1281 1272 1378 1305; x_wconf 86' lang='lat' dir='ltr'>opera</span> <span class='ocrx_word' id='word_1_383' title='bbox 1388 1271 1457 1300; x_wconf 87' lang='lat' dir='ltr'>sua,</span> <span class='ocrx_word' id='word_1_384' title='bbox 1466 1270 1588 1303; x_wconf 85' lang='lat' dir='ltr'>perque</span> <span class='ocrx_word' id='word_1_385' title='bbox 1598 1258 1773 1302; x_wconf 74' lang='lat' dir='ltr'>spemvitae</span> <span class='ocrx_word' id='word_1_386' title='bbox 1781 1262 1941 1298; x_wconf 77' lang='lat' dir='ltr'>aeternae,</span> 
     </span>
     <span class='ocr_line' id='line_1_76' title="bbox 1193 1312 1945 1357; baseline -0.004 -10"><span class='ocrx_word' id='word_1_387' title='bbox 1193 1326 1290 1357; x_wconf 84' lang='lat' dir='ltr'>quam</span> <span class='ocrx_word' id='word_1_388' title='bbox 1311 1313 1495 1357; x_wconf 81' lang='lat' dir='ltr'>repromisit</span> <span class='ocrx_word' id='word_1_389' title='bbox 1507 1313 1591 1345; x_wconf 86' lang='lat' dir='ltr'>Deus</span> <span class='ocrx_word' id='word_1_390' title='bbox 1605 1312 1810 1355; x_wconf 78' lang='lat' dir='ltr'>diligentibus</span> <span class='ocrx_word' id='word_1_391' title='bbox 1829 1322 1874 1353; x_wconf 88' lang='lat' dir='ltr'>se,</span> <span class='ocrx_word' id='word_1_392' title='bbox 1891 1322 1945 1356; x_wconf 86' lang='lat' dir='ltr'>pa-</span> 
     </span>
     <span class='ocr_line' id='line_1_77' title="bbox 1194 1365 1945 1406; baseline -0.004 -5"><span class='ocrx_word' id='word_1_393' title='bbox 1194 1373 1286 1401; x_wconf 86' lang='lat' dir='ltr'>terno</span> <span class='ocrx_word' id='word_1_394' title='bbox 1305 1368 1422 1401; x_wconf 72' lang='lat' dir='ltr'>all&#39;ectu</span> <span class='ocrx_word' id='word_1_395' title='bbox 1442 1367 1637 1399; x_wconf 87' lang='lat' dir='ltr'>obtestantes</span> <span class='ocrx_word' id='word_1_396' title='bbox 1657 1371 1704 1406; x_wconf 89' lang='lat' dir='ltr'>ut,</span> <span class='ocrx_word' id='word_1_397' title='bbox 1723 1366 1755 1399; x_wconf 91' lang='lat' dir='ltr'>in</span> <span class='ocrx_word' id='word_1_398' title='bbox 1772 1365 1894 1399; x_wconf 89' lang='lat' dir='ltr'>unitate</span> <span class='ocrx_word' id='word_1_399' title='bbox 1914 1369 1945 1398; x_wconf 83' lang='lat' dir='ltr'>et</span> 
     </span>
     <span class='ocr_line' id='line_1_78' title="bbox 1195 1419 1945 1465; baseline 0 -11"><span class='ocrx_word' id='word_1_400' title='bbox 1195 1421 1348 1455; x_wconf 82' lang='lat' dir='ltr'>charitate</span> <span class='ocrx_word' id='word_1_401' title='bbox 1359 1426 1483 1460; x_wconf 86' lang='lat' dir='ltr'>mutua,</span> <span class='ocrx_word' id='word_1_402' title='bbox 1495 1420 1561 1453; x_wconf 89' lang='lat' dir='ltr'>sine</span> <span class='ocrx_word' id='word_1_403' title='bbox 1574 1431 1637 1463; x_wconf 88' lang='lat' dir='ltr'>qua</span> <span class='ocrx_word' id='word_1_404' title='bbox 1651 1419 1731 1452; x_wconf 89' lang='lat' dir='ltr'>nihil</span> <span class='ocrx_word' id='word_1_405' title='bbox 1750 1420 1945 1465; x_wconf 83' lang='lat' dir='ltr'>Deo-accep-</span> 
     </span>
     <span class='ocr_line' id='line_1_79' title="bbox 1196 1473 1946 1518; baseline -0.001 -11"><span class='ocrx_word' id='word_1_406' title='bbox 1196 1481 1263 1508; x_wconf 88' lang='lat' dir='ltr'>tum</span> <span class='ocrx_word' id='word_1_407' title='bbox 1280 1486 1346 1508; x_wconf 85' lang='lat' dir='ltr'>csse</span> <span class='ocrx_word' id='word_1_408' title='bbox 1367 1479 1489 1518; x_wconf 87' lang='lat' dir='ltr'>potest,</span> <span class='ocrx_word' id='word_1_409' title='bbox 1516 1479 1766 1517; x_wconf 84' lang='lat' dir='ltr'>perseverantes,</span> <span class='ocrx_word' id='word_1_410' title='bbox 1788 1484 1806 1506; x_wconf 87' lang='lat' dir='ltr'>a</span> <span class='ocrx_word' id='word_1_411' title='bbox 1825 1473 1946 1506; x_wconf 86' lang='lat' dir='ltr'>mutuis</span> 
     </span>
     <span class='ocr_line' id='line_1_80' title="bbox 1196 1527 1947 1570; baseline -0.003 -8"><span class='ocrx_word' id='word_1_412' title='bbox 1196 1528 1428 1562; x_wconf 75' lang='lat' dir='ltr'>offensionibus</span> <span class='ocrx_word' id='word_1_413' title='bbox 1449 1527 1639 1567; x_wconf 87' lang='lat' dir='ltr'>abstineant,</span> <span class='ocrx_word' id='word_1_414' title='bbox 1655 1537 1809 1570; x_wconf 86' lang='lat' dir='ltr'>armaque</span> <span class='ocrx_word' id='word_1_415' title='bbox 1832 1527 1947 1560; x_wconf 86' lang='lat' dir='ltr'>bellic-a</span> 
     </span>
     <span class='ocr_line' id='line_1_81' title="bbox 1197 1579 1991 1620; baseline -0.003 -6"><span class='ocrx_word' id='word_1_416' title='bbox 1197 1581 1362 1615; x_wconf 83' lang='lat' dir='ltr'>christiani</span> <span class='ocrx_word' id='word_1_417' title='bbox 1376 1587 1487 1614; x_wconf 84' lang='lat' dir='ltr'>contra</span> <span class='ocrx_word' id='word_1_418' title='bbox 1503 1581 1705 1620; x_wconf 84' lang='lat' dir='ltr'>christianos,</span> <span class='ocrx_word' id='word_1_419' title='bbox 1716 1579 1801 1613; x_wconf 84' lang='lat' dir='ltr'>dicto</span> <span class='ocrx_word' id='word_1_420' title='bbox 1811 1580 1946 1613; x_wconf 87' lang='lat' dir='ltr'>durante</span> <span class='ocrx_word' id='word_1_421' title='bbox 1986 1582 1991 1591; x_wconf 38' lang='grc' dir='ltr'>ἲ</span> 
     </span>
     <span class='ocr_line' id='line_1_82' title="bbox 1197 1633 1946 1678; baseline -0.001 -11"><span class='ocrx_word' id='word_1_422' title='bbox 1197 1635 1349 1676; x_wconf 82' lang='lat' dir='ltr'>triennio,</span> <span class='ocrx_word' id='word_1_423' title='bbox 1359 1634 1497 1678; x_wconf 85' lang='lat' dir='ltr'>amplius</span> <span class='ocrx_word' id='word_1_424' title='bbox 1507 1645 1572 1667; x_wconf 90' lang='lat' dir='ltr'>non</span> <span class='ocrx_word' id='word_1_425' title='bbox 1581 1638 1760 1666; x_wconf 77' lang='lat' dir='ltr'>exerceant.</span> <span class='ocrx_word' id='word_1_426' title='bbox 1771 1633 1852 1666; x_wconf 87' lang='lat' dir='ltr'>Satis</span> <span class='ocrx_word' id='word_1_427' title='bbox 1861 1633 1946 1666; x_wconf 88' lang='lat' dir='ltr'>enim</span> 
     </span>
     <span class='ocr_line' id='line_1_83' title="bbox 1199 1686 1948 1732; baseline -0.004 -11"><span class='ocrx_word' id='word_1_428' title='bbox 1199 1700 1361 1732; x_wconf 77' lang='lat' dir='ltr'>superque</span> <span class='ocrx_word' id='word_1_429' title='bbox 1394 1688 1525 1721; x_wconf 84' lang='lat' dir='ltr'>fraterni</span> <span class='ocrx_word' id='word_1_430' title='bbox 1558 1687 1721 1730; x_wconf 77' lang='lat' dir='ltr'>sanguinis</span> <span class='ocrx_word' id='word_1_431' title='bbox 1751 1697 1809 1731; x_wconf 89' lang='lat' dir='ltr'>per</span> <span class='ocrx_word' id='word_1_432' title='bbox 1834 1686 1948 1719; x_wconf 84' lang='lat' dir='ltr'>fratres</span> 
     </span>
     <span class='ocr_line' id='line_1_84' title="bbox 1199 1739 1947 1784; baseline -0.005 -8"><span class='ocrx_word' id='word_1_433' title='bbox 1199 1743 1351 1781; x_wconf 69' lang='lat' dir='ltr'>ett&#39;usum3</span> <span class='ocrx_word' id='word_1_434' title='bbox 1364 1742 1451 1782; x_wconf 85' lang='lat' dir='ltr'>satis,</span> <span class='ocrx_word' id='word_1_435' title='bbox 1465 1752 1539 1774; x_wconf 89' lang='lat' dir='ltr'>cum</span> <span class='ocrx_word' id='word_1_436' title='bbox 1551 1740 1735 1784; x_wconf 84' lang='lat' dir='ltr'>gravissima</span> <span class='ocrx_word' id='word_1_437' title='bbox 1744 1739 1799 1773; x_wconf 85' lang='lat' dir='ltr'>Dei</span> <span class='ocrx_word' id='word_1_438' title='bbox 1814 1740 1947 1780; x_wconf 79' lang='lat' dir='ltr'>offensa,</span> 
     </span>
     <span class='ocr_line' id='line_1_85' title="bbox 1200 1792 1948 1837; baseline -0.005 -8"><span class='ocrx_word' id='word_1_439' title='bbox 1200 1798 1283 1829; x_wconf 92' lang='lat' dir='ltr'>inter</span> <span class='ocrx_word' id='word_1_440' title='bbox 1306 1808 1373 1836; x_wconf 70' lang='lat' dir='ltr'>vos,</span> <span class='ocrx_word' id='word_1_441' title='bbox 1396 1792 1561 1828; x_wconf 80' lang='lat' dir='ltr'>christiani</span> <span class='ocrx_word' id='word_1_442' title='bbox 1592 1804 1702 1836; x_wconf 85' lang='lat' dir='ltr'>reges,</span> <span class='ocrx_word' id='word_1_443' title='bbox 1738 1792 1901 1837; x_wconf 86' lang='lat' dir='ltr'>principes</span> <span class='ocrx_word' id='word_1_444' title='bbox 1919 1798 1948 1825; x_wconf 90' lang='lat' dir='ltr'>et</span> 
     </span>
     <span class='ocr_line' id='line_1_86' title="bbox 1201 1846 1953 1894; baseline -0.007 -11"><span class='ocrx_word' id='word_1_445' title='bbox 1201 1856 1397 1894; x_wconf 84' lang='lat' dir='ltr'>potentatus,</span> <span class='ocrx_word' id='word_1_446' title='bbox 1423 1847 1576 1881; x_wconf 71' lang='lat' dir='ltr'>saevitum</span> <span class='ocrx_word' id='word_1_447' title='bbox 1598 1852 1654 1880; x_wconf 88' lang='lat' dir='ltr'>est.</span> <span class='ocrx_word' id='word_1_448' title='bbox 1676 1847 1785 1880; x_wconf 66' lang='lat' dir='ltr'>Velitis</span> <span class='ocrx_word' id='word_1_449' title='bbox 1809 1857 1885 1889; x_wconf 84' lang='lat' dir='ltr'>ergo</span> <span class='ocrx_word' id='word_1_450' title='bbox 1905 1846 1953 1878; x_wconf 90' lang='lat' dir='ltr'>in-</span> 
     </span>
     <span class='ocr_line' id='line_1_87' title="bbox 1202 1899 1990 1945; baseline -0.005 -9"><span class='ocrx_word' id='word_1_451' title='bbox 1202 1903 1358 1936; x_wconf 83' lang='lat' dir='ltr'>iuriarum</span> <span class='ocrx_word' id='word_1_452' title='bbox 1372 1929 1379 1943; x_wconf 88' lang='lat'>,</span> <span class='ocrx_word' id='word_1_453' title='bbox 1401 1912 1484 1945; x_wconf 83' lang='lat' dir='ltr'>quae</span> <span class='ocrx_word' id='word_1_454' title='bbox 1504 1902 1587 1934; x_wconf 90' lang='lat' dir='ltr'>inter</span> <span class='ocrx_word' id='word_1_455' title='bbox 1612 1911 1668 1933; x_wconf 64' lang='lat' dir='ltr'>vos</span> <span class='ocrx_word' id='word_1_456' title='bbox 1690 1900 1827 1933; x_wconf 82' lang='lat' dir='ltr'>invicem</span> <span class='ocrx_word' id='word_1_457' title='bbox 1846 1899 1952 1932; x_wconf 87' lang='lat' dir='ltr'>illatae</span> <span class='ocrx_word' id='word_1_458' title='bbox 1987 1907 1990 1910; x_wconf 83' lang='lat'>·</span> 
     </span>
     <span class='ocr_line' id='line_1_88' title="bbox 1201 1952 1952 2000; baseline -0.005 -11"><span class='ocrx_word' id='word_1_459' title='bbox 1201 1962 1297 2000; x_wconf 88' lang='lat' dir='ltr'>atque</span> <span class='ocrx_word' id='word_1_460' title='bbox 1307 1962 1458 2000; x_wconf 76' lang='lat' dir='ltr'>acceptae</span> <span class='ocrx_word' id='word_1_461' title='bbox 1478 1955 1620 1996; x_wconf 82' lang='lat' dir='ltr'>suerunt,</span> <span class='ocrx_word' id='word_1_462' title='bbox 1644 1959 1777 1998; x_wconf 88' lang='lat' dir='ltr'>propter</span> <span class='ocrx_word' id='word_1_463' title='bbox 1791 1952 1952 1986; x_wconf 87' lang='lat' dir='ltr'>Christum</span> 
     </span>
     <span class='ocr_line' id='line_1_89' title="bbox 1202 2008 1954 2054; baseline -0.003 -11"><span class='ocrx_word' id='word_1_464' title='bbox 1202 2010 1451 2054; x_wconf 80' lang='lat' dir='ltr'>Redemptorem</span> <span class='ocrx_word' id='word_1_465' title='bbox 1471 2015 1624 2048; x_wconf 71' lang='lat' dir='ltr'>vestrum,</span> <span class='ocrx_word' id='word_1_466' title='bbox 1639 2008 1750 2041; x_wconf 87' lang='lat' dir='ltr'>saltem</span> <span class='ocrx_word' id='word_1_467' title='bbox 1771 2008 1809 2041; x_wconf 88' lang='lat' dir='ltr'>ad</span> <span class='ocrx_word' id='word_1_468' title='bbox 1826 2014 1954 2053; x_wconf 88' lang='lat' dir='ltr'>tempus</span> 
     </span>
     <span class='ocr_line' id='line_1_90' title="bbox 1204 2061 1953 2104; baseline -0.004 -7"><span class='ocrx_word' id='word_1_469' title='bbox 1204 2064 1346 2097; x_wconf 63' lang='lat' dir='ltr'>oblivisci</span> <span class='ocrx_word' id='word_1_470' title='bbox 1359 2090 1367 2104; x_wconf 88' lang='lat'>,</span> <span class='ocrx_word' id='word_1_471' title='bbox 1389 2068 1424 2096; x_wconf 89' lang='lat' dir='ltr'>ut</span> <span class='ocrx_word' id='word_1_472' title='bbox 1444 2062 1630 2095; x_wconf 76' lang='lat' dir='ltr'>manifestae</span> <span class='ocrx_word' id='word_1_473' title='bbox 1651 2061 1783 2102; x_wconf 87' lang='lat' dir='ltr'>ruinae,</span> <span class='ocrx_word' id='word_1_474' title='bbox 1810 2061 1903 2094; x_wconf 88' lang='lat' dir='ltr'>nobis</span> <span class='ocrx_word' id='word_1_475' title='bbox 1924 2067 1953 2095; x_wconf 90' lang='lat' dir='ltr'>et</span> 
     </span>
     <span class='ocr_line' id='line_1_91' title="bbox 1205 2114 1956 2151; baseline -0.004 -1"><span class='ocrx_word' id='word_1_476' title='bbox 1205 2118 1372 2151; x_wconf 65' lang='lat' dir='ltr'>universae</span> <span class='ocrx_word' id='word_1_477' title='bbox 1397 2115 1620 2149; x_wconf 84' lang='lat' dir='ltr'>christianitati</span> <span class='ocrx_word' id='word_1_478' title='bbox 1649 2115 1689 2147; x_wconf 88' lang='lat' dir='ltr'>ab</span> <span class='ocrx_word' id='word_1_479' title='bbox 1716 2114 1956 2148; x_wconf 84' lang='lat' dir='ltr'>immanissimis</span> 
     </span>
     <span class='ocr_line' id='line_1_92' title="bbox 1204 2168 1955 2208; baseline -0.001 -5"><span class='ocrx_word' id='word_1_480' title='bbox 1204 2172 1320 2205; x_wconf 76' lang='lat' dir='ltr'>Christi</span> <span class='ocrx_word' id='word_1_481' title='bbox 1336 2168 1685 2208; x_wconf 83' lang='lat' dir='ltr'>hostibusimminenti,</span> <span class='ocrx_word' id='word_1_482' title='bbox 1696 2168 1816 2201; x_wconf 89' lang='lat' dir='ltr'>unione</span> <span class='ocrx_word' id='word_1_483' title='bbox 1832 2173 1863 2202; x_wconf 87' lang='lat' dir='ltr'>et</span> <span class='ocrx_word' id='word_1_484' title='bbox 1877 2179 1955 2202; x_wconf 90' lang='lat' dir='ltr'>con-</span> 
     </span>
     <span class='ocr_line' id='line_1_93' title="bbox 1206 2221 1958 2265; baseline -0.005 -7"><span class='ocrx_word' id='word_1_485' title='bbox 1206 2225 1316 2258; x_wconf 82' lang='lat' dir='ltr'>cordia</span> <span class='ocrx_word' id='word_1_486' title='bbox 1335 2229 1437 2258; x_wconf 80' lang='lat' dir='ltr'>vestra</span> <span class='ocrx_word' id='word_1_487' title='bbox 1459 2233 1644 2261; x_wconf 85' lang='lat' dir='ltr'>occurrere,</span> <span class='ocrx_word' id='word_1_488' title='bbox 1661 2221 1823 2265; x_wconf 89' lang='lat' dir='ltr'>unitisque</span> <span class='ocrx_word' id='word_1_489' title='bbox 1842 2222 1958 2255; x_wconf 87' lang='lat' dir='ltr'>animis</span> 
     </span>
     <span class='ocr_line' id='line_1_94' title="bbox 1206 2275 1958 2319; baseline -0.005 -7"><span class='ocrx_word' id='word_1_490' title='bbox 1206 2285 1237 2312; x_wconf 90' lang='lat' dir='ltr'>ct</span> <span class='ocrx_word' id='word_1_491' title='bbox 1255 2278 1354 2311; x_wconf 81' lang='lat' dir='ltr'>armis</span> <span class='ocrx_word' id='word_1_492' title='bbox 1378 2278 1485 2310; x_wconf 88' lang='lat' dir='ltr'>hostes</span> <span class='ocrx_word' id='word_1_493' title='bbox 1508 2276 1613 2319; x_wconf 85' lang='lat' dir='ltr'>ipsos,</span> <span class='ocrx_word' id='word_1_494' title='bbox 1640 2285 1705 2308; x_wconf 88' lang='lat' dir='ltr'>non</span> <span class='ocrx_word' id='word_1_495' title='bbox 1730 2280 1794 2307; x_wconf 89' lang='lat' dir='ltr'>tam</span> <span class='ocrx_word' id='word_1_496' title='bbox 1815 2275 1958 2319; x_wconf 90' lang='lat' dir='ltr'>propriis</span> 
     </span>
     <span class='ocr_line' id='line_1_95' title="bbox 1206 2327 1960 2373; baseline -0.004 -9"><span class='ocrx_word' id='word_1_497' title='bbox 1206 2332 1328 2365; x_wconf 68' lang='lat' dir='ltr'>viribus</span> <span class='ocrx_word' id='word_1_498' title='bbox 1347 2330 1424 2371; x_wconf 89' lang='lat' dir='ltr'>suis,</span> <span class='ocrx_word' id='word_1_499' title='bbox 1436 2340 1533 2373; x_wconf 84' lang='lat' dir='ltr'>quam</span> <span class='ocrx_word' id='word_1_500' title='bbox 1546 2328 1658 2362; x_wconf 68' lang='lat' dir='ltr'>vestris</span> <span class='ocrx_word' id='word_1_501' title='bbox 1674 2327 1842 2361; x_wconf 86' lang='lat' dir='ltr'>discordiis</span> <span class='ocrx_word' id='word_1_502' title='bbox 1858 2332 1889 2360; x_wconf 87' lang='lat' dir='ltr'>et</span> <span class='ocrx_word' id='word_1_503' title='bbox 1897 2327 1960 2361; x_wconf 87' lang='lat' dir='ltr'>dis-</span> 
     </span>
     <span class='ocr_line' id='line_1_96' title="bbox 1208 2380 1958 2420; baseline -0.005 -3"><span class='ocrx_word' id='word_1_504' title='bbox 1208 2384 1407 2417; x_wconf 85' lang='lat' dir='ltr'>sentionibus</span> <span class='ocrx_word' id='word_1_505' title='bbox 1426 2382 1634 2420; x_wconf 86' lang='lat' dir='ltr'>confidentes,</span> <span class='ocrx_word' id='word_1_506' title='bbox 1656 2393 1673 2413; x_wconf 83' lang='lat' dir='ltr'>a</span> <span class='ocrx_word' id='word_1_507' title='bbox 1685 2381 1794 2414; x_wconf 75' lang='lat' dir='ltr'>vestris</span> <span class='ocrx_word' id='word_1_508' title='bbox 1803 2386 1833 2414; x_wconf 89' lang='lat' dir='ltr'>ct</span> <span class='ocrx_word' id='word_1_509' title='bbox 1848 2380 1958 2414; x_wconf 88' lang='lat' dir='ltr'>subdi-</span> 
     </span>
     <span class='ocr_line' id='line_1_97' title="bbox 1209 2433 1958 2478; baseline -0.005 -8"><span class='ocrx_word' id='word_1_510' title='bbox 1209 2446 1315 2470; x_wconf 87' lang='lat' dir='ltr'>torum</span> <span class='ocrx_word' id='word_1_511' title='bbox 1340 2442 1518 2469; x_wconf 79' lang='lat' dir='ltr'>vestrorum</span> <span class='ocrx_word' id='word_1_512' title='bbox 1540 2434 1749 2478; x_wconf 84' lang='lat' dir='ltr'>omniumque</span> <span class='ocrx_word' id='word_1_513' title='bbox 1769 2433 1958 2467; x_wconf 85' lang='lat' dir='ltr'>christiano-</span> 
     </span>
     <span class='ocr_line' id='line_1_98' title="bbox 1210 2487 1959 2532; baseline -0.004 -9"><span class='ocrx_word' id='word_1_514' title='bbox 1210 2502 1282 2523; x_wconf 86' lang='lat' dir='ltr'>rum</span> <span class='ocrx_word' id='word_1_515' title='bbox 1303 2489 1480 2522; x_wconf 64' lang='lat' dir='ltr'>cervicibus</span> <span class='ocrx_word' id='word_1_516' title='bbox 1494 2489 1800 2532; x_wconf 82' lang='lat' dir='ltr'>repellere,necnon</span> <span class='ocrx_word' id='word_1_517' title='bbox 1820 2493 1867 2521; x_wconf 88' lang='lat' dir='ltr'>tot</span> <span class='ocrx_word' id='word_1_518' title='bbox 1884 2487 1959 2521; x_wconf 89' lang='lat' dir='ltr'>civi-</span> 
     </span>
     <span class='ocr_line' id='line_1_99' title="bbox 1211 2535 1960 2582; baseline -0.003 -11"><span class='ocrx_word' id='word_1_519' title='bbox 1211 2539 1340 2578; x_wconf 84' lang='lat' dir='ltr'>tatibus,</span> <span class='ocrx_word' id='word_1_520' title='bbox 1371 2537 1543 2582; x_wconf 73' lang='lat' dir='ltr'>provinciis</span> <span class='ocrx_word' id='word_1_521' title='bbox 1558 2548 1594 2570; x_wconf 85' lang='lat' dir='ltr'>ae.</span> <span class='ocrx_word' id='word_1_522' title='bbox 1615 2537 1720 2580; x_wconf 84' lang='lat' dir='ltr'>regnis</span> <span class='ocrx_word' id='word_1_523' title='bbox 1740 2535 1896 2580; x_wconf 81' lang='lat' dir='ltr'>ademptis</span> <span class='ocrx_word' id='word_1_524' title='bbox 1909 2546 1960 2569; x_wconf 87' lang='lat' dir='ltr'>re-</span> 
     </span>
     <span class='ocr_line' id='line_1_100' title="bbox 1211 2583 1960 2630; baseline -0.005 -10"><span class='ocrx_word' id='word_1_525' title='bbox 1211 2586 1415 2630; x_wconf 79' lang='lat' dir='ltr'>cuperandis,</span> <span class='ocrx_word' id='word_1_526' title='bbox 1438 2585 1652 2628; x_wconf 78' lang='lat' dir='ltr'>sratriluisquc</span> <span class='ocrx_word' id='word_1_527' title='bbox 1661 2585 1783 2625; x_wconf 75' lang='lat' dir='ltr'>vestris,</span> <span class='ocrx_word' id='word_1_528' title='bbox 1806 2583 1960 2617; x_wconf 80' lang='lat' dir='ltr'>crudelis-</span> 
     </span>
     <span class='ocr_line' id='line_1_101' title="bbox 1212 2632 1957 2678; baseline -0.003 -10"><span class='ocrx_word' id='word_1_529' title='bbox 1212 2637 1292 2669; x_wconf 76' lang='lat' dir='ltr'>simo</span> <span class='ocrx_word' id='word_1_530' title='bbox 1326 2635 1485 2669; x_wconf 77' lang='lat' dir='ltr'>servitutis</span> <span class='ocrx_word' id='word_1_531' title='bbox 1518 2634 1592 2677; x_wconf 71' lang='lat' dir='ltr'>iugo</span> <span class='ocrx_word' id='word_1_532' title='bbox 1622 2635 1742 2667; x_wconf 86' lang='lat' dir='ltr'>tamdiu</span> <span class='ocrx_word' id='word_1_533' title='bbox 1778 2632 1957 2678; x_wconf 86' lang='lat' dir='ltr'>oppressis,</span> 
     </span>
     <span class='ocr_line' id='line_1_102' title="bbox 1213 2683 1960 2729; baseline 0 -13"><span class='ocrx_word' id='word_1_534' title='bbox 1213 2696 1372 2729; x_wconf 61' lang='lat' dir='ltr'>opt-mque</span> <span class='ocrx_word' id='word_1_535' title='bbox 1384 2693 1530 2725; x_wconf 58' lang='lat' dir='ltr'>instram,</span> <span class='ocrx_word' id='word_1_536' title='bbox 1543 2684 1674 2716; x_wconf 48' lang='lat' dir='ltr'>»uhtaus</span> <span class='ocrx_word' id='word_1_537' title='bbox 1690 2684 1728 2717; x_wconf 87' lang='lat' dir='ltr'>ad</span> <span class='ocrx_word' id='word_1_538' title='bbox 1749 2683 1874 2716; x_wconf 86' lang='lat' dir='ltr'>coclum</span> <span class='ocrx_word' id='word_1_539' title='bbox 1891 2692 1960 2716; x_wconf 78' lang='lat' dir='ltr'>ma·</span> 
     </span>
    </p>
   </div>
   <div class='ocr_carea' id='block_1_20' title="bbox 1953 783 2136 898">
    <p class='ocr_par' dir='ltr' id='par_1_23' title="bbox 1967 783 2135 804">
     <span class='ocr_line' id='line_1_103' title="bbox 1967 783 2135 804; baseline -0.006 -1"><span class='ocrx_word' id='word_1_540' title='bbox 1967 783 1996 804; x_wconf 70' lang='lat' dir='ltr'>Ab</span> <span class='ocrx_word' id='word_1_541' title='bbox 2011 783 2135 804; x_wconf 69' lang='lat' dir='ltr'>offensioni-</span> 
     </span>
    </p>

    <p class='ocr_par' dir='ltr' id='par_1_24' title="bbox 1953 814 2136 898">
     <span class='ocr_line' id='line_1_104' title="bbox 1953 814 2135 835; baseline -0.016 0"><span class='ocrx_word' id='word_1_542' title='bbox 1953 815 1991 835; x_wconf 77' lang='lat' dir='ltr'>bus</span> <span class='ocrx_word' id='word_1_543' title='bbox 2015 814 2054 834; x_wconf 74' lang='lat' dir='ltr'>line</span> <span class='ocrx_word' id='word_1_544' title='bbox 2080 815 2135 834; x_wconf 80' lang='lat' dir='ltr'>tem—</span> 
     </span>
     <span class='ocr_line' id='line_1_105' title="bbox 1953 844 2136 873; baseline -0.016 -7"><span class='ocrx_word' id='word_1_545' title='bbox 1953 851 2004 873; x_wconf 80' lang='lat' dir='ltr'>pore</span> <span class='ocrx_word' id='word_1_546' title='bbox 2032 844 2136 870; x_wconf 61' lang='lat' dir='ltr'>praeripit</span> 
     </span>
     <span class='ocr_line' id='line_1_106' title="bbox 1953 876 2064 898; baseline 0 0"><span class='ocrx_word' id='word_1_547' title='bbox 1953 876 2064 898; x_wconf 68' lang='lat' dir='ltr'>abstineri.</span> 
     </span>
    </p>
   </div>
  </div>
 </body>
</html>
