2227 3001
457 263 499 299 60

413 328 486 361 lecti
506 339 564 372 pro
585 329 728 371 quolibet
740 327 877 367 ruta-01,
896 326 991 360 modo
1012 331 1042 358 et
1061 326 1163 358 forma

412 381 606 424 praemissis,
629 382 824 425 respondere
835 380 982 418 debeant,
997 378 1041 410 sic
1057 382 1162 410 tamen

411 434 498 476 quod
518 434 577 467 sub
598 434 716 468 tenutis
740 439 768 466 et
790 431 1046 476 possessionibus
1072 441 1164 474 prae-

412 486 503 520 dictis
523 497 586 519 non
607 485 923 530 comprehendantur
938 494 997 517 nec
1018 494 1164 526 compre-

411 539 510 572 hensa
538 544 748 577 censeantur,
780 537 885 581 quoad
919 536 1162 581 responsionem

411 592 566 636 septimae
586 592 684 635 partis
705 592 882 629 fructuum,
905 594 1034 622 tenutae
1052 594 1163 632 etpos-

411 645 566 678 sessiones
577 644 607 677 in
619 644 706 676 Latio
727 649 755 675 et
776 642 951 686 Campania
962 653 997 675 ac
1008 641 1163 674 Maritima

412 697 631 735 consistentes,
654 706 712 739 pro
735 695 864 739 quibus,
888 699 1021 739 propter
1040 694 1162 728 facilio-

411 761 478 783 rem
511 760 622 782 earum
657 749 817 781 culturam
853 755 882 781 et
921 747 1162 780 multitudinem

410 803 649 841 laboratorum,
671 802 709 834 de
734 801 844 845 quinta
878 806 968 844 parte
996 800 1161 833 fructuum

408 854 632 898 respondetur,
645 859 674 886 et
689 853 721 886 in
737 854 855 897 quibus
871 853 1070 886 consuetudo
1086 854 1162 887 liac-

408 910 501 935 tenus
520 902 638 935 servari
659 902 752 936 solita
768 908 921 935 servetur.
945 903 981 935 Et
999 903 1024 936 si
1042 903 1164 936 eontin-

407 957 457 992 gat
479 952 549 984 illas
569 962 626 995 per
646 951 783 994 aliquos,
802 952 1020 995 praesentium
1041 953 1160 994 vigore,

406 1001 566 1040 laborari,
589 1001 778 1044 responderi
805 1001 917 1033 debeat
946 1002 1040 1034 modo
1068 1012 1162 1044 prae-

408 1049 526 1086 misso;
549 1060 584 1082 ac
612 1060 670 1092 pro
698 1049 816 1082 tenutis
845 1055 873 1082 et
907 1050 1163 1093 possessionibus

407 1098 490 1130 ultra
511 1097 595 1130 dicta
615 1107 665 1130 xvi
686 1097 837 1130 milliaria
857 1098 936 1130 citra
966 1103 995 1130 et
1011 1098 1162 1131 ubicum-

406 1157 469 1189 que
499 1146 748 1178 consistentibus
769 1146 968 1185 (dummodo
1002 1158 1067 1180 non
1101 1148 1164 1182 sint

407 1195 477 1227 loca
497 1194 599 1227 vicina
624 1195 797 1227 fluminum
819 1195 968 1237 T‘vberis,
992 1195 1024 1228 in
1044 1196 1163 1239 quibus

407 1243 607 1277 consuetudo
627 1243 701 1283 loci,
723 1243 830 1285 quoad
845 1243 1083 1286 responsiones,
1101 1256 1163 1278 ser-

407 1294 522 1334 vetur),
551 1292 692 1325 cultores
722 1292 852 1325 illarum
882 1292 1022 1326 dominis
1051 1304 1161 1326 earum

406 1341 566 1374 decimam
588 1346 710 1384 partem
732 1339 886 1373 frumenti
914 1346 942 1373 et
969 1341 1161 1381 bladorum,

407 1400 489 1433 quae
509 1390 541 1422 in
562 1390 625 1422 illis
650 1389 696 1422 sic
717 1389 874 1422 cultivatis
895 1396 925 1422 et
945 1389 1097 1423 laboratis
1113 1402 1164 1423 ex-

407 1438 581 1474 creverint,
620 1438 816 1481 respondere
855 1442 1043 1478 teneantur,
1075 1449 1164 1472 exce-

406 1486 468 1528 ptis
501 1485 642 1519 dominis
669 1485 799 1518 illarum
828 1497 881 1519 eas
901 1487 1008 1519 colere
1028 1487 1163 1520 volenti-

406 1534 488 1574 bus,
510 1535 567 1578 qui
602 1535 674 1568 aliis
711 1535 954 1578 praeferantur,
986 1535 1163 1569 dummodo

407 1583 501 1616 blada
521 1585 589 1627 ipsa
602 1610 609 1620 ,
633 1584 728 1617 etiam
753 1584 806 1617 illa
826 1585 865 1617 de
885 1585 1005 1628 quibus
1033 1585 1165 1618 daretur

406 1638 518 1673 tracta,
541 1633 580 1665 ad
601 1632 718 1666 Urbem
742 1633 938 1676 praedictam
964 1634 1161 1671 descrantur,

407 1691 443 1713 ac
465 1692 522 1724 per
542 1682 663 1714 llumen
689 1686 717 1713 et
743 1683 852 1714 lauces
871 1681 975 1715 Ostiae
996 1682 1164 1715 extrahan—

408 1735 472 1770 tur,
499 1729 688 1762 auctoritate
715 1730 911 1773 apostolica,
935 1736 1047 1763 tenore
1075 1742 1165 1774 prae-

407 1778 548 1810 sentium
582 1778 791 1817 innovamus,
815 1790 851 1811 ac
872 1779 932 1811 vim
964 1785 993 1811 et
1021 1779 1163 1822 vigorem

407 1831 565 1869 perpetuo
584 1826 716 1865 habere,
737 1826 923 1870 viribusque
944 1827 1118 1860 subsistere
1135 1834 1165 1861 et

407 1875 569 1907 observari
586 1875 702 1908 debere
719 1875 939 1908 decernin‘ius.

451 1923 512 1965 gt).
536 1923 806 1959 Etniliilominus,
820 1935 876 1966 pro
897 1923 1162 1967 potioricautela,

389 1971 582 2013 >praemissa
603 1972 711 2005 omnia
728 1972 766 2004 de
779 1983 871 2008 novo,
894 1973 990 2005 modo
1016 1973 1163 2015 supradi-

271 2035 282 2046 Δ
311 2033 320 2046 0
340 2033 394 2046 wa·
410 2020 681 2061 ctodeclaramus,
705 2032 740 2053 ac
761 2021 846 2064 quod
868 2021 1008 2053 cultores
1029 2021 1163 2064 praefati

231 2066 263 2109 [m
273 2095 303 2108 ,dc
330 2064 396 2108 ,fg
411 2069 695 2107 cumanimalilms,
706 2070 809 2102 bobus
822 2076 849 2102 et
862 2070 1008 2113 equabus
1020 2080 1165 2102 necessa-

213 2121 268 2161 ¹,¹¹²⁵f
286 2123 305 2154 [ῆι
317 2122 396 2139 tractas
411 2116 465 2148 riis
474 2117 513 2148 ab
525 2117 611 2149 omni
623 2118 806 2161 represaliei
822 2118 1004 2161 receptione
1018 2124 1047 2150 et
1060 2124 1165 2151 reten-

213 2152 318 2170 ²⁰‘¹m¹¹¹'
411 2165 1165 2209 tione,taminl'rbe(ptamextrmliberietexem-

413 2214 457 2256 pti
476 2213 625 2253 existant,
649 2225 708 2247 nec
728 2216 897 2248 occasione
914 2215 1051 2248 alicuius
1067 2216 1164 2248 debiti

413 2262 458 2294 vel
475 2262 690 2305 obligationis,
709 2263 803 2295 etiam
821 2263 852 2295 in
869 2264 968 2296 forma
987 2265 1090 2297 dictae
1107 2264 1164 2297 Ca-

413 2321 520 2343 merae
549 2316 579 2343 et
613 2311 710 2354 Ripae
739 2317 768 2343 et
788 2312 950 2354 Ripettae,
980 2313 1163 2352 molestari,

413 2359 504 2402 capi,
527 2359 711 2402 pignorari,
737 2371 793 2391 nec
816 2371 927 2392 eorum
949 2361 1097 2393 animalia
1119 2362 1165 2394 vel

415 2408 573 2440 frumenta
590 2407 670 2447 tolli,
692 2407 853 2450 pignorari
876 2419 930 2441 seu
952 2410 1070 2441 auferri
1092 2420 1165 2453 pos-

414 2456 485 2488 sint.
511 2456 546 2488 Et
570 2456 835 2499 quotiescumque
857 2457 1167 2499 preciumsrumenti

416 2504 448 2536 in
475 2506 616 2547 praelata
644 2505 726 2538 L'rbe
754 2515 818 2537 non
848 2506 977 2538 excedet
1005 2506 1114 2539 decem
1136 2513 1165 2539 et

455 2559 462 2582 1
483 2556 633 2591 Legendum
653 2558 757 2584 videtur
778 2560 853 2583 rubin
872 2558 912 2584 ve!
929 2561 1032 2590 ιἰώὺῐως
1055 2566 1164 2585 mensu-

413 2604 442 2622 ra
462 2597 562 2630 agraria
582 2601 606 2623 et
624 2596 703 2623 etiam
724 2596 895 2623 fruss‘teltlurtu
923 2597 948 2624 in
965 2597 1097 2632 pontificia
1122 2598 1164 2625 di-

415 2637 486 2662 tione
507 2636 544 2671 (rt.
565 2637 615 2672 T.).

214 275 265 301 An.
286 274 316 302 C.
334 274 396 301 {5911

1007 273 1184 297 Bt'LLARIt‘M
1210 270 1360 295 Romxmt

1965 266 2014 294 An.
2032 263 2060 293 C.
2081 264 2148 294 um

1181 326 1186 336 ⁸
1204 329 1275 357 octo
1306 324 1401 357 iulios
1431 335 1490 368 pro
1509 324 1652 368 quolibet
1670 323 1769 357 rubro
1803 323 1843 356 ad
1863 332 1954 357 men-

1203 387 1312 410 suram
1342 377 1518 418 maiorem,
1552 378 1630 420 pala
1648 378 1758 410 batum
1783 385 1954 419 nuncupa-

1202 434 1279 469 tam,
1306 430 1420 462 debeat
1435 430 1502 462 dari
1520 429 1650 463 cuilibet
1669 428 1840 462 mercatori
1855 432 1954 461 tracta

1203 482 1437 526 quinquaginta
1457 483 1633 516 rubrorum
1649 493 1708 527 pro
1728 481 1871 525 quolibet
1883 491 1954 514 ara-

1203 540 1265 575 tro,
1287 545 1361 567 cum
1383 535 1540 568 solutione
1565 540 1683 568 tractae
1704 535 1842 568 duorum
1862 533 1955 567 iulio-

1203 598 1275 620 rum
1285 598 1342 631 pro
1352 586 1463 627 rubro,
1476 592 1504 620 et
1515 598 1578 621 non
1586 589 1681 624 ultra;
1695 588 1733 620 de
1743 587 1860 631 quibus
1871 596 1955 619 unus

1203 640 1301 673 iulius
1313 651 1386 673 cum
1399 639 1530 673 dimidio
1543 640 1644 673 dictae
1655 640 1820 681 Gamerae,
1831 638 1956 672 medius

1202 703 1278 726 vero
1303 692 1400 725 iulius
1420 692 1647 736 pro-quolibet
1672 693 1772 726 rubro
1800 692 1956 725 militibus

1204 746 1234 779 S.
1258 746 1342 778 Petri
1363 746 1474 785 cedat3
1500 756 1582 789 quae
1607 745 1738 788 quidem
1762 750 1863 778 tracta
1887 745 1955 778 dari

1204 799 1315 831 debeat
1328 809 1385 842 pro
1396 809 1471 838 una,
1485 803 1630 841 tempore
1643 798 1880 831 recollectionis
1890 797 1955 831 fru-

1204 856 1400 887 mentorum,
1415 855 1445 884 et
1454 861 1513 895 pro
1525 850 1587 883 alia
1598 850 1821 883 medietatibus
1832 851 1864 883 in
1876 851 1954 884 festo

1202 903 1376 937 Nativitatis
1396 903 1522 937 Domini
1533 903 1631 936 nostri
1644 903 1852 943 lesuChristi3
1868 908 1898 936 et
1909 903 1955 936 in-

1203 957 1294 989 terim
1309 962 1426 990 tractae
1442 956 1509 989 dari
1531 966 1595 989 non
1613 956 1747 988 debeant
1759 956 1840 996 aliis,
1853 956 1954 989 donec

1203 1009 1261 1052 ipsi
1270 1020 1383 1042 eorum
1392 1010 1550 1042 frumenta
1558 1008 1755 1041 vendiderint
1763 1035 1769 1048 ,
1777 1009 1825 1041 vel
1832 1008 1955 1051 navigio

1203 1062 1242 1094 ad
1257 1062 1318 1094 alia
1338 1062 1409 1095 loca
1426 1062 1543 1094 deferri
1555 1061 1699 1094 fecerint.
1714 1061 1838 1094 Possint
1848 1065 1955 1094 tamen

1203 1114 1272 1147 dari
1293 1119 1411 1147 tractae
1428 1125 1485 1157 per
1496 1114 1535 1147 ad
1547 1114 1578 1147 id
1594 1114 1762 1158 deputatos
1773 1124 1831 1156 pro
1843 1113 1956 1147 maiori

1203 1177 1347 1207 summa,
1371 1167 1499 1210 quando
1521 1172 1601 1200 esset
1622 1166 1725 1200 maior
1745 1166 1952 1207 abundantia,

1203 1230 1316 1252 eorum
1327 1219 1471 1252 arbitrio:
1485 1219 1526 1252 ita
1542 1220 1627 1262 quod
1647 1219 1680 1252 in
1695 1219 1779 1253 Urbe
1799 1219 1868 1264 ipsa
1878 1230 1954 1264 pro-

1203 1277 1312 1315 pterea
1332 1271 1470 1316 penuria
1481 1282 1546 1304 non
1558 1272 1734 1315 proveniat,
1747 1272 1835 1305 iuxta
1844 1273 1956 1306 volun-

1204 1331 1300 1358 tatem
1320 1330 1463 1358 nostram
1484 1330 1514 1358 et
1529 1335 1753 1359 successorum
1770 1330 1954 1359 nostrorum

1203 1377 1424 1410 Romanorum
1441 1378 1632 1411 Pontificum
1648 1379 1712 1421 'pro
1731 1382 1877 1422 tempore
1893 1377 1957 1411 exi-

1203 1430 1367 1470 stentium,
1386 1435 1416 1463 et
1435 1429 1660 1463 discretionem
1681 1436 1890 1463 executorum
1910 1431 1956 1463 in-

1204 1482 1461 1526 srascriptorum.

1248 1535 1262 1577 ξ
1274 1535 1303 1568 7.
1319 1536 1362 1568 Ac.
1373 1534 1763 1578 quodliceatliabentibus
1781 1535 1957 1569 locationes
1970 1549 2119 1571 nommant
2129 1550 2154 1570 ,α

1204 1587 1378 1627 casalium,
1406 1588 1500 1620 etiam
1528 1588 1567 1620 ad
1590 1588 1722 1631 longum
1747 1593 1890 1632 tempus,
1916 1588 1955 1621 ab
1969 1582 2154 1637 {ffiffidffimgffi

1204 1640 1346 1673 ecclesiis
1362 1645 1391 1673 et
1411 1640 1613 1673 monasteriis
1632 1641 1725 1673 Urbis
1748 1641 1797 1673 vel
1816 1641 1956 1684 hospita·
1970 1647 2019 1666 ¹⁰⁵¹·

1204 1692 1288 1726 libus
1299 1693 1498 1733 huiusmodi,
1521 1693 1713 1726 renunciare
1721 1693 1753 1726 in
1764 1701 1956 1738 perpetuum

1205 1745 1297 1778 dictis
1307 1745 1533 1789 locationibus,
1543 1746 1661 1789 quasin
1671 1745 1856 1779 huiusmodi
1867 1756 1958 1779 even-

1204 1803 1272 1830 tum
1294 1808 1472 1837 cassamus,
1499 1798 1663 1831 irritamus
1688 1804 1716 1831 et
1737 1799 1954 1838 annullamus,

1205 1850 1243 1882 ad
1257 1851 1406 1883 effectum
1429 1851 1654 1894 praemissunn
1668 1851 1956 1884 necteneanturad

1205 1902 1397 1935 solutionem
1419 1903 1554 1936 alieuius
1570 1914 1715 1936 summae
1726 1903 1810 1936 ultra
1830 1909 1958 1947 tempus

1205 1966 1269 1999 quo
1282 1960 1418 1994 tenutas,
1434 1955 1652 1998 possessiones
1671 1961 1701 1988 et
1721 1955 1837 1988 casalia
1848 1955 1959 1988 huius-

1205 2007 1290 2040 modi
1311 2013 1497 2047 tenuerunt,
1517 2013 1546 2041 et
1559 2008 1689 2041 illorum
1710 2008 1833 2041 fructus
1849 2017 1959 2052 perce-

1205 2066 1332 2103 perunt.
1348 2061 1409 2093 Nec
1422 2061 1512 2094 liceat
1527 2061 1623 2094 alicui
1639 2061 1757 2094 habere
1777 2065 1958 2094 armentum

1204 2122 1374 2144 vaccarum
1396 2112 1572 2145 rubearum
1593 2113 1625 2144 in
1645 2112 1730 2145 dicto
1752 2112 1844 2146 Urbis
1864 2112 1958 2145 terri-

1205 2164 1287 2196 torio
1304 2164 1387 2197 infra
1407 2165 1518 2197 decem
1540 2165 1701 2205 milliaria,
1719 2165 1876 2198 excedens
1887 2175 1960 2198 cen-

1206 2222 1273 2249 tum
1296 2222 1323 2249 et
1344 2217 1599 2260 vigintiquinque
1619 2228 1731 2251 vaccas
1751 2217 1790 2250 ad
1809 2218 1895 2262 plus.

1250 2271 1264 2312 ,ξ
1284 2271 1314 2302 8.
1334 2269 1488 2313 Quodque
1509 2270 1540 2302 in
1556 2271 1686 2310 tenutis,
1705 2269 1960 2314 possessionibus
1987 2289 2115 2316 Romanique
2134 2292 2157 2310 ο,

1207 2327 1235 2354 et
1249 2322 1407 2354 casalibus
1418 2321 1534 2354 civium
1546 2322 1765 2356 Romanorum
1786 2323 1957 2361 laicorum,
1972 2320 2056 2371 ζῗζζζθθ
2070 2320 2156 2377 Ρῐξζεῇζζ

1206 2373 1276 2406 illas
1286 2375 1391 2406 colere
1411 2380 1441 2407 et
1452 2374 1683 2417 agriculturam
1694 2386 1842 2409 exercere
1853 2376 1959 2409 volen-
1973 2384 2054 2403 tumut-

1207 2425 1285 2458 tium
1298 2452 1307 2465 ‚
1333 2437 1396 2459 non
1422 2426 1542 2469 possint
1563 2428 1615 2460 alii
1637 2429 1779 2462 forenses
1799 2429 1956 2469 laborare,

1207 2478 1261 2511 scd
1282 2478 1385 2510 solum
1402 2484 1432 2510 et
1451 2478 1612 2512 dumtaxat
1633 2481 1687 2513 alii
1707 2481 1790 2514 cives
1809 2481 1957 2520 Romani,

1207 2531 1246 2563 de
1261 2531 1380 2574 quibus
1399 2531 1521 2564 domini
1537 2532 1667 2565 illorum
1678 2538 1916 2573 contentantur,
1930 2537 1961 2566 et

1208 2579 1262 2611 alii
1282 2579 1504 2612 habitantesin
1525 2580 1608 2614 dicta
1629 2582 1722 2622 urbe,
1743 2586 1845 2615 artem
1864 2591 1959 2625 prae-

1208 2628 1326 2660 dictam
1333 2638 1481 2661 exercere
1491 2630 1643 2671 volentes,
1655 2630 1832 2663 dummodo
1842 2634 1960 2663 tenutae
