2227 3001
243 253 295 281 Au.
313 255 340 281 C.
357 256 422 283 ¹536

248 737 359 757 Continuat
379 744 410 756 nm

236 770 268 788 nia
280 769 388 794 privilegia
399 774 418 789 rt

235 800 362 825 exeri-plion,
382 807 418 820 ca-

235 831 346 850 ttiecnmen
358 838 380 850 w.
398 834 417 851 et

234 863 396 890 neophytoiuiu,

252 2405 361 2425 tilausulae
379 2405 415 2425 tle-

230 2438 357 2462 rogaturi-ic.

413 738 515 771 ·soris
534 737 741 777 huiusmodi,
764 747 891 770 necnon
925 737 1034 770 onmia
1067 744 1097 770 et
1126 738 1190 771 sin-

483 246 546 279 511³.

436 309 579 342 bendum
595 309 707 350 suerit,
732 309 908 349 inhibendi,
923 309 1017 342 etiam
1035 311 1093 342 sub
1115 322 1191 343 cen—

437 363 520 397 suris
540 369 571 397 et
595 364 706 409 poenis
727 363 962 403 ecelesiasticis,
983 369 1078 407 atque
1095 364 1190 397 etiam

436 417 651 461 pecuniariis,
683 417 829 449 invocato
864 416 958 449 etiam
994 417 1033 450 ad
1057 418 1138 458 hoc,
1166 418 1191 450 si

436 482 517 514 opus
537 470 644 511 fuerit,
671 469 789 502 auxilio
809 469 933 502 brachii
954 470 1141 512 saecularis,
1162 477 1192 504 et

436 535 533 568 super
543 524 661 567 quibus
672 523 801 565 plenam
816 528 846 555 et
862 523 996 556 liberam
1007 524 1190 557 facultatem

436 584 464 611 et
487 577 710 611 auctoritatem
737 576 840 609 eidem
873 577 1047 621 protectori
1073 589 1190 611 conce-

436 631 553 664 dimus.
1185 673 1187 675 v

479 686 493 725 ,ξ
513 684 542 717 8.
571 684 608 716 Et
628 683 760 728 insuper
779 683 889 717 literas
908 684 979 717 Iulii
1002 684 1190 728 praedeces-

433 791 508 834 gula
532 789 714 834 privilegia,
737 791 972 834 exemptiones,
990 791 1188 835 praerogati-

434 854 505 883 vas,
528 843 711 885 libertates,
740 844 885 883 indulta,
914 844 1130 886 indulgentias
1160 850 1190 877 et.

432 898 510 931 alias
525 897 643 940 gratias
658 897 809 940 hospitali
826 908 881 930 seu
899 897 1022 938 domui,
1037 897 1188 941 illiusque

431 951 586 984 eeclesiae
611 962 647 984 ac
676 951 922 991 cathecuminis,
942 952 1189 995 neophytis‚ad-

431 1006 704 1039 ministratoribus
720 1005 883 1049 praefatis,
902 1006 1099 1050 illorumque
1117 1018 1189 1050 per-

430 1060 515 1093 sonis
540 1066 570 1093 et
594 1060 686 1093 bonis
711 1071 768 1104 per
796 1060 917 1093 dietum
949 1060 1066 1093 lulium
1087 1062 1126 1094 ΙΙΙ
1151 1072 1187 1095 ac

429 1126 653 1158 quoscumque
663 1114 744 1147 alios
751 1114 914 1148 Romanos
925 1114 1096 1148 Pontifices
1108 1127 1187 1159 prte—

429 1169 614 1201 deeessores
627 1159 765 1208 nostros,
779 1179 815 1200 ac
833 1168 929 1201 etiam
951 1179 1010 1201 nos
1025 1173 1055 1201 et
1072 1168 1186 1201 Sedem

428 1221 658 1266 Apostolicam,
681 1227 711 1254 et
731 1232 805 1254 eum
828 1221 980 1254 omnibus
1001 1227 1029 1254 et
1052 1221 1187 1264 singulis

429 1275 461 1307 in
486 1275 531 1307 eis
561 1274 719 1308 contentis
744 1274 898 1307 clausulis
923 1275 1186 1318 desuperconse-

429 1334 494 1362 etas
518 1329 636 1365 literas,
658 1328 716 1361 sub
737 1328 999 1371 quibuscumque
1020 1329 1187 1361 tenoribus

429 1394 609 1421 concessas,
639 1383 883 1421 confirmamus,
912 1382 1133 1426 approbamus
1157 1388 1185 1415 et

429 1438 635 1475 innovamus,
663 1436 782 1478 illaque
817 1440 993 1479 perpetuae
1026 1435 1187 1468 firmitatis

429 1491 530 1523 robur
549 1490 693 1523 obtinere
715 1496 742 1522 et
764 1488 990 1522 inviolabiliter
1010 1489 1183 1530 observari,

429 1554 464 1576 ae
485 1543 636 1587 hospitali
657 1548 687 1576 et
712 1542 971 1582 cathecumenis,
995 1543 1183 1587 neophytis,

428 1597 744 1630 administratoribus
768 1601 795 1628 et
824 1596 893 1629 aliis
919 1596 1103 1639 praemissis
1123 1598 1186 1629 sus·
1207 1612 1208 1616 ¹

429 1651 546 1693 frag-ari
566 1651 696 1684 debere⁴
733 1650 851 1694 Sicque
878 1661 935 1693 per
959 1661 1186 1695 quoscumque

429 1705 562 1745 iudices,
585 1705 681 1738 etiam
702 1710 830 1738 sanctae
851 1704 1013 1738 Romanae
1034 1704 1186 1738 Ecclesiae

429 1758 608 1792 cardinales
628 1765 656 1792 et
683 1769 856 1791 causarum
876 1758 987 1791 Palatii
1009 1758 1185 1802 Apostolici

428 1812 602 1852 auditores,
626 1811 750 1845 sublata
776 1812 820 1844 eis
854 1818 884 1844 et
917 1821 1030 1844 eorum
1053 1811 1186 1844 cuilibet

428 1866 538 1909 quavis
572 1865 664 1898 aliter
699 1864 862 1898 iudicandi
891 1871 918 1897 et
951 1864 1209 1909 interpretandi¹

429 1919 578 1952 facultate
600 1926 629 1952 et
649 1919 853 1959 auctoritate,
875 1918 1010 1952 iudicari
1032 1924 1062 1951 et
1086 1919 1185 1952 inter-

429 1974 549 2017 pretari
568 1973 696 2007 debere.
733 1973 865 2006 Necnon
899 1972 1057 2017 quidquid
1094 1983 1186 2006 secus

430 2037 526 2070 vsuper
546 2027 595 2060 liis
616 2038 632 2060 a
653 2037 831 2071 quoquam,
849 2026 960 2069 quavis
980 2026 1183 2066 auctoritate,

430 2081 568 2113 scienter
590 2081 636 2114 rel
657 2080 856 2123 ignoranter,
885 2079 1052 2123 contigerit
1083 2085 1184 2112 atten-

429 2135 501 2172 tari,
521 2134 647 2167 irritum
665 2139 695 2167 et
714 2134 809 2167 inane
830 2134 1048 2173 decernimus,
1068 2134 1185 2177 illaque

431 2189 537 2220 omnia
572 2195 598 2220 et
632 2188 758 2231 singula
784 2189 829 2220 eis
850 2194 878 2220 et
900 2197 1013 2220 eorum
1036 2187 1182 2227 cuilibety

432 2249 524 2286 prout
552 2253 704 2275 concessa
734 2247 764 2275 et
794 2241 939 2275 ordinata
976 2245 1124 2278 suerunt,
1148 2242 1186 2275 de

431 2306 512 2328 novo
534 2296 753 2328 concedimus.

476 2350 490 2390 ξ
505 2349 536 2382 9.
562 2350 631 2382 Non
654 2349 855 2382 obstantibus
872 2349 1056 2393 praemissis
1072 2359 1108 2381 ac
1125 2348 1185 2392 piae

432 2403 607 2436 memoriae
626 2402 780 2435 Bonifacii
791 2403 895 2446 Papae
905 2402 980 2441 Ylll,
996 2402 1091 2435 etiam
1105 2413 1185 2446 prze-

432 2457 609 2489 decessoris
629 2456 741 2495 nostri,
769 2456 807 2488 de
828 2467 911 2495 una,
934 2462 961 2489 et
990 2455 1119 2489 concilii
1135 2466 1186 2498 ge-

432 2506 550 2540 neralis
570 2507 608 2540 de
629 2506 754 2539 duabus
774 2505 898 2545 diaetis,
921 2506 1097 2539 dummodo
1120 2516 1186 2539 non
1207 2517 1209 2525 s

431 2556 514 2589 ultra
536 2561 617 2595 tres,
642 2561 672 2588 et
696 2554 861 2599 quibusvis
885 2554 955 2587 aliis
980 2555 1184 2588 constitutio-

431 2603 527 2637 nibus
570 2610 601 2637 et
633 2602 892 2638 ordinationibus
924 2602 1108 2646 apostolicis
1149 2614 1208 2636 ae*

431 2653 556 2687 statutis
589 2659 620 2687 et
644 2651 951 2692 consuetudinibus,
973 2651 1069 2685 etiam
1096 2652 1184 2686 iura·
1205 2665 1209 2692 i

1035 258 1215 281 artemisii
1241 256 1392 280 nonixxrn

1212 312 1213 319 ¹
1235 315 1355 350 mento,
1378 308 1621 342 confirmatione
1642 307 1817 352 apostolica
1837 307 1885 340 vel
1906 318 1985 352 qua—

1233 364 1278 396 vis
1298 363 1358 396 alia
1374 362 1525 395 firmitate
1540 361 1709 402 roboratis,
1721 360 1894 405 privilegiis
1909 372 1989 405 quo-

1233 428 1313 460 que,
1337 415 1468 449 indultis
1488 420 1519 447 et
1542 415 1642 448 literis
1662 414 1846 459 apostolicis
1866 415 1987 448 eisdem

1234 470 1394 504 iutHcibus
1411 475 1441 502 et
1460 469 1625 512 quibusvis
1640 469 1799 512 personis,
1818 468 1914 502 etiam
1926 469 1985 502 suh

1233 525 1494 567 1‘1uibuseumque
1514 523 1681 556 tenoribus
1697 528 1727 556 et
1746 523 1858 556 formis
1887 534 1923 556 ac
1940 523 1984 555 ir-

1234 576 1404 610 ritantibus
1419 576 1568 616 decretis,
1586 575 1758 617 concessis,
1785 575 1986 609 confirmatis

1233 636 1260 663 et
1283 630 1441 663 innovatis
1460 630 1599 673 (quibus
1632 629 1796 671 omnibus,
1832 629 1927 662 etiam
1948 628 1985 670 si,

1233 695 1291 728 pro
1308 683 1438 716 illorum
1455 682 1627 716 sufficienti
1643 682 1861 726 derogatione,
1870 682 1909 716 de
1925 682 1988 715 illis

1233 748 1412 781 eorumque
1441 736 1514 769 totis
1539 736 1705 769 tenoribus
1730 736 1889 780 specialis,
1916 747 1987 779 spe-

1233 791 1336 831 eitiea,
1360 801 1508 834 expressa
1529 795 1559 822 et
1578 789 1741 822 individua
1768 800 1805 822 ac
1832 789 1871 822 de
1890 790 1988 823 verbo

1232 845 1270 877 ad
1290 845 1436 884 verbum,
1459 854 1524 877 non
1544 849 1653 876 autem
1673 854 1730 887 per
1751 843 1912 877 clausulas
1931 854 1987 887 ge-

1232 899 1357 931 nerales
1390 898 1475 930 idem
1509 898 1737 941 importantes,
1774 897 1894 930 mentio
1929 908 1986 931 seu

1231 952 1360 995 quaevis
1379 951 1440 985 alia
1460 951 1622 995 expressio
1638 951 1795 992 habenda,
1807 956 1863 984 aut
1879 951 1988 996 aliqua

1231 1006 1292 1039 alia
1312 1005 1468 1050 exquisita
1491 1004 1595 1038 forma
1615 1004 1654 1037 ad
1675 1005 1736 1037 hoc
1762 1005 1916 1038 servanda
1935 1005 1984 1039 fo-

1231 1066 1300 1099 ret,
1323 1060 1455 1093 illorum
1480 1059 1627 1092 onmium
1661 1064 1807 1099 tenores,
1828 1069 1865 1092 ac
1892 1059 1917 1092 si
1947 1059 1986 1093 de

1230 1114 1325 1146 verbo
1355 1113 1393 1146 ad
1422 1112 1556 1146 verbum
1579 1112 1812 1151 insererentur,
1834 1122 1988 1155 praesen-

1231 1167 1315 1200 tibus
1335 1178 1393 1211 pro
1414 1166 1612 1200 sufficienter
1632 1165 1790 1210 expressis
1813 1166 1983 1207 habentes,

1230 1221 1291 1254 illis
1311 1221 1388 1254 alias
1404 1221 1436 1253 in
1457 1231 1515 1254 suo
1536 1221 1653 1253 robore
1674 1219 1908 1264 permansuris,
1925 1219 1987 1253 hac

1229 1274 1296 1307 rice
1317 1274 1492 1313 dumtaxat,
1514 1273 1632 1306 harum
1653 1273 1735 1305 serie
1756 1272 1940 1316 specialiter
1956 1277 1987 1306 et

1229 1338 1378 1371 expresse
1411 1327 1636 1370 deroganms),
1672 1336 1800 1359 necnon
1834 1325 1987 1359 omnibus

1230 1381 1307 1418 illis,
1340 1391 1423 1424 quae
1450 1380 1612 1424 praefatus
1636 1379 1737 1412 Iulius
1757 1379 1988 1423 praedecessor

1230 1435 1262 1468 in
1283 1434 1349 1466 suis
1368 1433 1469 1467 literis
1490 1433 1591 1466 voluit
1610 1443 1676 1465 non
1696 1432 1835 1473 obstare,
1858 1433 1986 1466 ceteris-

1229 1499 1292 1532 que
1309 1487 1480 1521 contrariis
1494 1486 1767 1530 quibuscumque.

1272 1542 1387 1575 Datum
1407 1541 1528 1574 Romae
1549 1540 1634 1583 apud
1660 1540 1813 1590 Sanctum
1833 1539 1983 1581 Petrum,

1230 1595 1287 1629 sub
1306 1595 1427 1628 annulo
1452 1593 1643 1633 Piscatori&
1667 1593 1718 1626 die
1737 1592 1986 1636 vigesimatertia

1230 1649 1345 1690 martii,
1362 1649 1533 1681 millesimo
1555 1647 1813 1691 quingentesimo
1826 1646 1986 1691 quinqua-

1228 1704 1454 1747 gesimosexto,
1471 1701 1678 1746 pontificatus
1694 1701 1794 1734 nostri
1815 1711 1900 1734 anno
1914 1711 1936 1734 1.

1278 1760 1338 1790 Dat.
1358 1761 1404 1791 die
1424 1760 1461 1790 23
1478 1760 1575 1789 martii
1591 1760 1678 1796 1550,
1695 1759 1798 1798 pontif.
1820 1768 1896 1789 anuo
1913 1768 1932 1788 1.

1528 1913 1533 1915 ⁸
1574 1920 1637 1954 xll.

1227 1997 1402 2031 Advocatio
1423 2007 1592 2030 causarum
1617 1996 1790 2039 spolior-mn
1815 2008 1832 2029 a
1855 1997 1983 2040 quibus-

1272 2062 1403 2095 cumque
1436 2051 1606 2089 iudicibus,
1639 2061 1811 2093 earumque
1836 2051 1985 2083 remissio

1272 2106 1314 2137 art
1331 2105 1573 2137 tlzesam·‹·m·ium
1587 2104 1766 2147 ymeralem
1790 2104 1916 2148 eiusque
1925 2105 1986 2137 mi-

1274 2169 1290 2191 n
1298 2160 1392 2191 istros
1411 2158 1584 2201 privative,
1603 2168 1673 2190 cum
1693 2157 1893 2190 inhibitione
1908 2157 1984 2191 aliis

1272 2212 1394 2244 similes
1414 2222 1525 2244 causas
1542 2212 1777 2249 committendi,
1795 2212 1863 2244 nisi
1875 2212 1981 2244 eodem

1274 2266 1477 2298 thesaurario
1499 2266 1596 2298 citato
1621 2265 1642 2296 ¹.

1263 2338 1363 2367 Paulus
1379 2337 1450 2374 Papa
1470 2337 1511 2370 tv,
1536 2337 1568 2365 ad
1589 2336 1712 2366 futuram
1727 2337 1766 2365 rei
1781 2337 1948 2367 memoriam.

1272 2402 1286 2443 ,ξ
1307 2402 1336 2434 1.
1366 2401 1401 2433 t't
1425 2400 1547 2433 exactio
1568 2401 1747 2443 spoliorum
1761 2427 1768 2441 ‚
1791 2406 1855 2434 tam
1876 2400 1984 2435 Status

1207 2451 1209 2458 ⁸
1229 2460 1356 2488 sanetae
1373 2454 1535 2488 Romanae
1552 2454 1713 2487 Ecclesiae
1734 2465 1832 2498 quam
1845 2455 1982 2489 aliarum

1228 2504 1369 2548 partium
1394 2503 1521 2543 Italiae,
1545 2503 1683 2537 celerius
1707 2508 1738 2537 et
1761 2503 1888 2537 facilius
1907 2504 1979 2545 fiat,

1227 2563 1286 2586 nee
1315 2552 1536 2585 ministrorum
1566 2552 1773 2586 multitudine
1803 2553 1982 2588 confunda·

1228 2607 1291 2634 tur.

1266 2661 1273 2686 ¹
1295 2659 1333 2686 Ex
1352 2659 1456 2694 aegest.
1476 2660 1499 2687 iu
1521 2660 1626 2688 Art-hir.
1648 2660 1730 2690 t'tutir.

2002 253 2052 281 An.
2073 253 2102 281 C.
2122 251 2187 280 ¹556

2011 2404 2091 2425 (husae
2107 2405 2182 2426 eth-nidi

1999 2436 2080 2456 det-teu
