2227 3001
79 273 128 300 Λη.
147 273 175 300 C.
190 273 256 300 ¹525

70 324 190 346 nectar-nio
201 326 255 352 quod

67 356 177 382 praedicta
202 361 254 382 pro-

903 272 1041 303 omum&
1067 272 1104 294 i'tt
1132 272 1176 293 [Ψ.

1722 257 1761 288 70

269 326 470 369 buscnmque
500 326 594 357 rebus
627 331 652 356 et
689 325 791 364 bonis,
828 325 863 356 ad
899 324 1013 357 dietam
1057 321 1203 364 gravibus
1224 327 1250 353 ot
1278 320 1475 359 enormibus,
1502 319 1595 351 etiam
1624 317 1696 351 Sedi
1721 318 1804 361 ,ipo-

66 387 143 407 ccdant
158 387 221 407 etiam
237 387 254 407 si
268 379 420 412 fabricam
459 378 698 421 quomodolibet
738 377 954 420 spes-lantibus
987 381 1017 408 et
1057 375 1185 408 stolicae
1203 373 1366 407 reservatis
1387 372 1512 406 casibus
1533 383 1567 404 ac
1590 370 1733 404 censuris
1753 382 1805 404 ec-

68 420 132 441 super
148 415 180 436 his
196 419 217 436 et
232 422 252 436 a·

66 444 99 466 ins
134 445 159 466 ns
184 447 252 467 ubivis
267 432 512 475 pertinentibus,
548 432 630 463 inter
662 431 761 474 ipsam
798 431 947 463 stibricam
987 435 1015 462 et
1036 465 1037 468 Ἰ

265 485 392 528 quosvis
413 485 503 524 alios,
526 495 633 517 coram
654 484 729 516 olim
748 483 915 527 praesectis
927 489 952 515 ct
974 484 1017 515 ol*—
1035 473 1037 536 l

67 476 166 503 pendeat.

1058 428 1252 465 clesiasticis,
1282 428 1375 460 etiam
1401 426 1439 459 ab
1459 425 1590 458 homine
1611 425 1647 457 ad
1670 425 1807 458 alicuius

1058 473 1805 522 instantiamlatis,«leconsensupartium,etiam

267 537 423 571 licialibus
455 537 597 570 eiusdem
632 536 771 569 fabricae
810 542 860 568 aut
895 537 1017 569 dilectis
1035 557 1037 586 k
1058 535 1180 568 ratione
1197 534 1369 574 interdicti,
1382 532 1530 573 incursis,
1549 538 1579 564 ct
1599 542 1737 575 quorum
1754 531 1807 564 ab-

264 590 338 624 siliis
371 591 573 634 supradictae
608 589 758 622 Gamerae
793 589 918 622 clericis
960 601 1015 622 ⁴<cu
1035 589 1036 626 Ξ
1058 588 1174 622 solutio
1194 589 1295 621 dietae
1316 587 1387 620 Sodi
1409 592 1490 620 esset
1516 591 1673 619 reservata
1697 585 1808 629 (prae-

264 644 378 677 Curiae
399 655 568 677 causarum
591 643 741 677 Camerae
763 643 905 675 eiusdem
923 654 1016 682 aene-
1035 631 1037 666 l
1059 650 1202 686 terquam
1216 639 1806 684 machinationisinpersonamSummi

263 697 322 730 rali
343 697 500 736 auditore,
521 697 568 729 rel
594 696 853 739 quibuscumque
879 696 947 728 aliis
968 696 1016 729 iu-

264 750 389 783 dicibus
404 755 434 783 et
450 749 689 789 commissariis,
703 749 812 793 quavis
827 750 1016 785 auctoritate

264 804 482 846 fungentibus,
505 804 599 836 etiam
618 803 641 835 si
659 803 874 836 sardinalatus
893 803 1016 835 honore

263 859 496 901 praefulgeant,
519 858 551 890 in
573 858 714 890 Romana
741 857 837 890 Curia
856 858 902 889 vel
929 862 1017 889 extra

264 921 347 951 eam,
368 911 407 944 lis
427 911 521 944 etiam
544 911 574 943 iu
591 911 731 943 secunda
742 911 788 942 rel
806 909 950 943 ulteriori
968 910 1016 942 in-

264 966 376 999 stantia
402 966 543 999 indecisa
569 966 716 1009 pendeat,
738 966 775 998 ad
799 965 898 1009 ipsam
921 965 1017 998 sabri-

264 1031 334 1054 cam
355 1021 568 1065 applicamus.

307 1075 322 1116 ,ξ
338 1075 390 1108 16.
406 1074 449 1107 Ac
465 1084 577 1107 omnes
592 1078 622 1106 et
637 1072 778 1116 singulas
794 1083 918 1113 causas,
933 1084 1018 1105 ‹nnn-

78 1125 200 1146 C⁰m¹⁷¹³⁵⁵³⁰
223 1129 248 1145 ⁰·
263 1128 335 1161 dem
356 1127 508 1160 fabricam
526 1131 770 1165 concernentes,
790 1126 820 1158 in
837 1126 947 1169 quavis
969 1126 1017 1158 in-

66 1157 145 1177 mnium
174 1161 251 1176 causa-

65 1191 252 1238 ἷίυὲηεοῖξξζίιὲᾞ
264 1180 389 1220 stantia,
403 1185 439 1213 ut
454 1179 681 1223 praemittitur,
700 1179 885 1222 pendentes⁷
904 1190 1016 1213 earum

65 1249 146 1275 ipsam,
194 1248 252 1268 ium
263 1234 408 1267 omnium
425 1238 542 1266 statum
555 1239 585 1265 et
597 1232 709 1265 merita
722 1233 944 1276 praesentibus
960 1244 1018 1278 pro

65 1278 252 1330 ἓξὲζθςξζξζξξζζ
264 1287 419 1331 expressis
448 1287 613 1328 habentes,
646 1297 664 1320 a
683 1286 775 1319 dictis
805 1286 965 1320 iudicibus
990 1292 1018 1320 et

67 1342 124 1363 “³³¹-
265 1339 492 1374 coinmissariis
519 1341 635 1373 harum
663 1339 745 1373 serie
769 1350 959 1377 avocamus:
982 1341 1020 1373 il-

264 1394 375 1438 lasque
400 1393 433 1426 in
462 1404 499 1426 eo
524 1398 619 1433 statu,
648 1392 681 1426 in
708 1404 772 1436 quo
798 1393 1019 1437 reperiuntur,

264 1446 414 1491 praefatis
439 1446 587 1489 collegio,
617 1446 703 1479 iuxta
730 1447 895 1479 facultates
920 1447 965 1480 eis
990 1447 1022 1480 in

266 1500 358 1534 dictis
374 1499 537 1544 prioribus
553 1499 654 1532 literis
670 1499 786 1532 nostris
803 1510 860 1543 per
875 1511 933 1533 nos
949 1511 1023 1534 con-

266 1564 382 1594 cessas,
396 1553 532 1586 ulterius
555 1553 594 1585 ad
618 1553 805 1593 audiendas,
825 1564 1023 1597 cognoscen-

268 1608 335 1648 das,
357 1607 550 1641 decidendas
574 1612 605 1640 et
632 1606 696 1640 fine
721 1607 826 1640 debito
846 1608 1023 1641 terminan—

269 1661 336 1701 das,
360 1660 602 1694 committimus.

315 1714 329 1757 ξ
353 1713 406 1746 17.
433 1713 538 1756 Super
561 1712 762 1746 restitutione
787 1713 948 1747 bonorum
971 1727 1024 1749 ec-

74 1771 197 1822 Aiictofjtads
208 1769 258 1790 ‘¹³⁰⁸
272 1766 454 1807 elesiarum‚
468 1767 737 1800 monasteriorum
750 1772 780 1799 et
790 1768 1023 1803 beneficiorum

74 1802 259 1861 ssssiissfiliimfii'ii
272 1820 470 1860 huiusmodi,
483 1820 675 1863 competenti
686 1825 813 1863 recepta
824 1822 970 1864 portione
980 1823 1025 1855 wt

75 1862 260 1916 ξξξζξοξὲῗζὲἶ
273 1873 460 1916 quantitate,
475 1884 532 1916 pro
552 1872 596 1905 eis
616 1872 646 1905 in
666 1872 818 1905 fabricam
840 1874 1025 1907 huiusmodi

76 1927 260 1986 {iffiffils’fflu‘
273 1926 485 1959 convertenda
502 1925 648 1959 similiter
659 1937 868 1970 c01nponere3
882 1934 910 1960 et
928 1928 1025 1972 ipsos,

275 1979 318 2013 sic
339 1991 376 2013 ea
396 1984 552 2021 tenentes,
574 1980 613 2013 ab
634 1980 779 2013 ulteriori
801 1992 914 2014 eorum
936 1983 1027 2015 resti-

275 2033 396 2066 tutione
412 2032 512 2066 libere
528 2033 703 2073 absolvere,
721 2038 751 2066 et
766 2034 852 2077 quod
870 2034 921 2067 illa
952 2036 1028 2068 reti-

276 2096 353 2118 nere
376 2085 477 2118 libere
503 2090 533 2118 et
552 2085 637 2119 licite
663 2085 782 2128 possint
812 2086 842 2119 in
863 2093 1028 2131 posterum

278 2138 322 2171 eis
343 2139 531 2172 concedere.

323 2192 413 2233 §18
442 2193 483 2225 Ac
518 2192 636 2225 eisdem
670 2193 943 2235 christifidelibus,
975 2195 1028 2238 qui

91 2254 264 2280 Eieetionemque
280 2257 352 2279 cum
387 2246 536 2289 praefatis
574 2246 709 2290 collegio
746 2257 801 2280 seu
839 2247 1030 2291 deputandis

97 2285 243 2307 contessorum
576 2299 580 2304 .
699 2300 704 2304 .
847 2300 852 2305 .

77 2317 139 2338 dm„
170 2316 262 2338 eieemo-
278 2300 324 2332 rel
355 2299 600 2341 subdelegandis
619 2300 657 2332 ab
678 2310 722 2332 eis
748 2301 786 2332 dc
813 2301 918 2344 aliqua
946 2302 1029 2334 elee-

77 2346 409 2401 ⁸{22‘sffagssffiu'fffinosyna
443 2359 500 2392 pro
535 2349 615 2381 dicta
652 2349 771 2382 fabrica
805 2351 1027 2392 convenerint,

77 2386 89 2407 Ρ
281 2404 313 2432 ut
354 2399 504 2431 idoneum
546 2398 665 2441 possint
709 2399 826 2441 eligere
868 2402 1029 2434 consesso-

279 2458 346 2480 rem
396 2447 592 2480 saecularem
628 2448 675 2480 vel
712 2448 851 2482 cuiusvis
884 2448 1028 2490 Ordinis,

279 2497 373 2530 etiam
402 2497 660 2537 Mendieantium,
683 2499 877 2542 regularem,
901 2501 1032 2543 qui,eo-

279 2556 351 2578 rum
385 2545 583 2578 confessione
617 2545 785 2589 diligenter
813 2548 935 2585 audita,
973 2560 1031 2593 pro

280 2594 458 2627 commissis
479 2605 534 2638 per
549 2594 718 2638 eligentem
741 2596 863 2629 delictis
884 2602 913 2630 et
929 2608 1033 2631 exces—

280 2643 369 2677 sibus
384 2654 421 2677 ac
432 2643 570 2688 peccatis
586 2644 792 2687 quibuslibet,
810 2651 1031 2691 quantumque

1058 695 1240 735 pontilicis,
1281 694 1450 727 oct-taonis
1489 694 1713 737 cpiscoporum
1754 697 1806 725 aut

1059 748 1195 781 aliorum
1232 749 1459 790 pra‹‘=latormu,
1483 752 1510 779 ct
1538 745 1715 779 iniectionis
1741 757 1808 778 ma-

1059 813 1159 834 nuum
1179 801 1390 833 violentarum
1414 801 1442 833 in
1466 801 1535 833 illos
1562 805 1589 834 et
1616 800 1695 833 alios
1716 811 1808 843 prac-

1058 856 1149 891 latos,
1173 854 1400 887 falsificationis
1420 855 1581 888 bullarum
1599 860 1629 887 et
1643 854 1807 887 literarum

1059 908 1320 951 apostolicarum,
1335 907 1501 940 delationis
1513 918 1677 940 armorum
1691 912 1720 940 et
1736 906 1811 940 alio-

1060 973 1131 996 rum
1159 962 1396 1006 prohibitorum
1430 962 1467 993 ad
1496 967 1600 1005 partes
1616 960 1808 1000 infidelium,

1060 1028 1096 1049 ac
1112 1016 1339 1049 sententiarum
1358 1021 1384 1048 et
1404 1026 1625 1055 censurarum,
1643 1014 1811 1048 occasione

1060 1070 1239 1103 aluminum
1261 1070 1404 1112 Tulpliae
1429 1073 1568 1108 nostrae,
1598 1079 1634 1101 ac
1654 1068 1692 1100 de
1713 1068 1811 1112 parti-

1060 1125 1119 1156 bus
1139 1123 1318 1156 infidelium
1339 1123 1375 1155 ad
1400 1122 1519 1163 fideles,
1541 1126 1652 1155 contra
1667 1122 1812 1166 prohibi-

1061 1178 1179 1211 tionem
1201 1182 1354 1217 nostram,
1372 1176 1563 1216 delatorum,
1582 1175 1810 1218 incursarum),

1062 1231 1160 1264 semel
1180 1230 1212 1263 in
1231 1231 1293 1263 vita
1313 1235 1341 1263 et
1368 1229 1399 1262 in
1421 1229 1532 1261 mortis
1560 1227 1709 1267 articulo;
1732 1233 1762 1261 et
1782 1228 1813 1261 in

1063 1295 1126 1317 non
1148 1284 1312 1317 reservatis
1334 1283 1470 1323 ensibus,
1490 1281 1606 1315 totiens
1620 1281 1768 1325 quotiens
1784 1281 1812 1313 id

1063 1339 1224 1382 petierint,
1246 1348 1300 1371 eos
1320 1337 1495 1375 absolvere3
1517 1346 1552 1369 ac
1573 1335 1629 1375 eis,
1651 1334 1683 1368 in
1704 1335 1814 1368 mortis

1063 1392 1210 1432 articulo,
1234 1389 1410 1434 plenariam
1437 1388 1582 1422 omnium
1607 1393 1814 1432 peccatorum

1065 1444 1297 1488 indulgentiam
1319 1450 1347 1478 et
1369 1442 1590 1477 remissionem
1611 1441 1813 1486 impendere,

1064 1511 1100 1532 ac
1122 1499 1351 1544 poenitentiam
1370 1498 1543 1530 salutarem
1560 1496 1740 1539 iniungere3
1756 1507 1814 1530 nec

1066 1565 1129 1586 non
1151 1553 1264 1587 emissa
1286 1563 1342 1596 per
1362 1563 1416 1585 eos
1434 1556 1504 1584 vota
1520 1553 1816 1595 quaecumque‚ul-

1068 1607 1254 1647 tramarino,
1269 1606 1429 1649 ingressus
1441 1604 1614 1647 Religionis
1626 1610 1655 1637 et
1666 1604 1817 1638 castitatis

1066 1661 1144 1694 votis
1183 1661 1346 1694 dumtaxat
1379 1659 1518 1704 exceptis
1534 1687 1541 1699 ,
1578 1658 1610 1691 in
1648 1658 1816 1691 utilitatem

1068 1715 1168 1748 dictae
1190 1714 1339 1753 fabricae,
1363 1714 1386 1746 si
1408 1713 1588 1746 confitentis
1604 1712 1641 1745 ad
1662 1711 1693 1745 id
1713 1723 1818 1745 acces-

1069 1768 1165 1802 serint
1188 1767 1363 1804 facultates,
1382 1767 1428 1799 sin
1446 1771 1551 1799 autem
1569 1765 1599 1798 in
1617 1764 1678 1798 alia
1693 1765 1818 1809 pietatis

1068 1832 1165 1864 opera
1195 1825 1411 1859 comnmtare,
1442 1830 1478 1851 ac
1507 1819 1686 1851 iuramenta
1719 1831 1818 1863 quae-

1069 1885 1221 1917 cumque,
1244 1873 1311 1906 sine.
1331 1872 1468 1905 alicuius
1503 1871 1713 1916 praeiudicio,
1735 1874 1818 1905 rela-

1068 1939 1155 1967 xaref,
1177 1938 1212 1960 ac
1235 1926 1401 1967 simoniae,
1417 1926 1448 1958 in
1460 1925 1628 1959 ordinibus
1639 1926 1685 1958 vel
1701 1926 1821 1959 benefi-

1070 1982 1125 2015 ciis
1137 1980 1359 2015 cmxlesiasticis
1372 1980 1572 2020 commissae,
1583 1980 1654 2013 labe
1666 1981 1818 2023 pollutos,

1070 2036 1108 2068 ad
1128 2036 1232 2079 ipsum
1250 2046 1331 2079 opus
1348 2034 1597 2075 contribuentes,
1612 2033 1757 2067 similiter
1767 2036 1822 2068 ab-

1070 2090 1203 2126 solvere,
1226 2094 1252 2121 et
1276 2100 1348 2121 cum
1379 2088 1424 2121 eis
1453 2099 1549 2130 super
1574 2087 1820 2131 irregularitate,

1071 2141 1095 2174 si
1115 2153 1223 2186 quani,
1239 2143 1382 2175 censuris
1398 2141 1582 2174 huiusmodi
1598 2141 1696 2184 ligati,
1712 2143 1822 2176 missas

1071 2201 1098 2227 et
1120 2196 1178 2229 alia
1208 2195 1312 2228 divina
1338 2195 1452 2234 officia,
1476 2206 1538 2227 non
1569 2201 1675 2228 tamen
1694 2195 1727 2229 in
1748 2208 1823 2230 con-

1073 2254 1227 2293 temptum
1244 2249 1391 2288 clavium,
1406 2249 1609 2290 celebrando,
1628 2254 1682 2282 aut
1697 2249 1774 2283 alias
1791 2250 1821 2282 in

1072 2302 1183 2336 (lirinis
1208 2314 1239 2336 se
1269 2303 1490 2343 immiscendo,
1513 2313 1568 2335 seu
1589 2303 1666 2336 alias
1685 2314 1822 2346 quomo-

1072 2352 1202 2393 dolibet,
1217 2353 1312 2386 etiam
1323 2352 1476 2385 beneficia
1493 2352 1719 2392 ecclesiastica,
1733 2364 1824 2396 prae-

1072 2401 1244 2435 missorum
1283 2401 1449 2435 occasione
1484 2401 1530 2434 vel
1559 2401 1656 2442 alias,
1684 2401 1823 2436 indebite

1073 2450 1274 2495 occupando,
1311 2456 1535 2495 praeterquam
1570 2450 1693 2483 ratione
1717 2450 1823 2484 homi-

1074 2499 1147 2531 cidii
1167 2499 1336 2532 voluntarii
1357 2505 1385 2532 et
1400 2499 1570 2543 bigamiae,
1594 2499 1822 2541 contraxerint,

1073 2553 1101 2580 et
1119 2553 1153 2580 ut
1168 2548 1200 2580 in
1217 2549 1371 2592 susceptis
1391 2549 1557 2582 ordinibus
1577 2547 1769 2589 ministrare,
1787 2559 1824 2582 ac

1074 2597 1117 2629 sic
1129 2598 1271 2641 quaesita
1281 2598 1436 2631 beneficia
1452 2597 1678 2637 ecclesiastica,
1690 2608 1772 2642 quae
1788 2608 1826 2631 ex

1074 2652 1150 2679 tunc
1169 2647 1214 2679 eis
1234 2647 1271 2679 de
1292 2657 1372 2680 novo
1393 2646 1507 2680 collata
1524 2651 1726 2685 censeantur,
1747 2645 1824 2679 reti-

1824 260 1874 287 Αη.
1891 259 1919 285 C.
1938 260 2002 286 1525
