2227 3001
39 269 85 294 An.
105 268 122 294 C
155 267 217 295 155'1

82 1508 195 1535 Exeqnnim
203 1515 225 1528 es

41 1540 157 1560 huiusmodi
175 1541 212 1560 lite
219 1552 225 1554 -

41 1578 108 1591 [annm
120 1572 213 1595 deputat.

54 2661 216 2683 filistatitiuintlc

42 2697 129 2719 {ossiu-

887 266 988 290 IL'LIL'S
1014 266 1047 290 111
1074 265 1120 289 Pr.

233 319 385 353 loannem
410 318 610 359 Michaelem,
630 318 711 352 tituli
732 319 856 352 Sancta}
883 319 988 352 Marise

234 374 266 406 in
292 374 435 407 Aracaeli
448 374 681 417 presbyterum,
700 379 730 406 et
750 374 985 410 lnnocmitium,

235 427 342 460 Sancti
374 427 557 470 Honuplirii
583 427 769 466 diaconum,
795 428 985 467 cardinales,

235 480 407 513 modernos
423 486 450 514 et
464 491 523 524 pro
540 486 684 525 tempore
697 481 866 514 existentes
880 481 989 524 bospi-

235 533 305 566 talis
322 545 378 567 seu
399 534 515 567 domus
535 534 721 567 liuiusi‘nodi
746 540 944 579 proi‹;›e101·es
961 540 987 567 et

235 589 382 621 locorum
403 587 584 621 ordinarios
604 600 640 622 ac
661 589 740 622 alios
766 600 989 632 quoscumque

236 642 358 675 iudices
378 647 407 675 et
419 653 574 686 personas
595 643 740 676 censuris
761 649 790 676 et
812 643 935 687 poenis,
953 654 989 675 ac

235 696 414 735 bonorum,
444 697 627 730 reddituum
661 703 689 730 et
720 698 867 730 locorum
896 708 989 741 prae-

235 749 407 790 dictorum,
436 750 623 793 privationis
648 762 683 783 ac
711 750 920 783 inhabilitatis
952 751 988 782 ad

237 803 300 844 illa,
321 803 537 847 omnibusque
560 804 628 836 aliis
643 804 721 837 iuris
742 809 771 837 et
792 803 863 837 facti
886 815 990 837 reme—

236 857 295 890 diis
316 858 386 900 cogi
407 863 437 891 et
457 858 607 902 compelli
629 869 734 903 posse3
756 869 881 891 necnon
901 869 992 903 prae-

236 917 341 945 sentes
360 912 468 945 literas
488 918 684 957 perpetuum
705 912 863 945 firmitatis
890 913 992 945 robur

236 965 381 998 obtinere
398 971 428 998 et
448 965 674 998 inviolabiliter
689 965 863 1005 observari,
882 965 991 1009 sicque

236 1030 294 1062 per
313 1030 550 1063 quoscumque,
574 1019 684 1062 quavis
709 1018 897 1052 auctoritate
918 1020 991 1051 sun-

236 1078 358 1115 gentes,
373 1073 495 1105 iudices
516 1078 545 1105 et
566 1083 730 1116 personas,
749 1072 872 1104 sublata
893 1072 938 1104 eis
962 1078 990 1105 et

237 1136 350 1158 eorum
377 1126 505 1159 cuilibet
532 1126 642 1169 quavis
661 1126 754 1158 aliter
777 1125 939 1158 iudicandi
962 1131 990 1158 et

238 1178 470 1223 interpretandi
492 1180 641 1212 facultate
658 1184 688 1211 et
708 1179 897 1211 auctoritato
911 1207 918 1219 ‚
942 1179 991 1212 iu-

238 1232 355 1273 dicari,
376 1232 581 1276 interpretari
607 1239 703 1275 atque
729 1232 832 1265 decidi
858 1233 990 1269 debere:

239 1286 363 1319 irritum
386 1297 516 1330 quoque
546 1292 573 1319 et
605 1287 716 1327 inane,
738 1287 760 1319 si
783 1298 875 1320 secus
895 1299 994 1332 super

239 1340 314 1373 bisa
329 1351 507 1384 quoquam,
520 1340 629 1383 «quavis
645 1341 844 1377 auctoritate,
858 1342 994 1375 scienter

239 1394 284 1426 vel
306 1394 503 1436 ignoranter,
527 1394 693 1437 contigerit
715 1395 874 1428 attentari.

285 1448 342 1492 53.
360 1448 546 1482 Mandantcs
561 1449 775 1481 nibilominus
791 1450 909 1482 eisdem
922 1462 994 1495 pro-

242 1503 418 1536 tectoribus
439 1508 467 1535 et
488 1504 635 1536 locorum
658 1503 844 1544 ordinariis,
867 1516 994 1537 eorum-

242 1568 304 1600 que
324 1557 449 1590 vicariis
473 1563 503 1590 et
523 1557 714 1590 officialibus
740 1569 774 1590 ac
793 1569 907 1591 eorum
933 1559 994 1591 sin-

241 1610 344 1653 gulis,
367 1615 526 1654 quatenus
555 1611 674 1643 eisdem
701 1611 943 1645 catt=‹1·cuumnis
965 1613 994 1644 in

243 1663 423 1707 praemissis
449 1663 587 1697 elliracis
612 1664 807 1697 detensionis
836 1665 994 1709 praesidio

240 1717 433 1757 assistentes,
452 1724 483 1750 ut
498 1723 682 1762 praesentes
697 1718 805 1751 literas
827 1718 857 1751 in
874 1720 992 1752 eisdem

240 1770 438 1811 civitatibus,
457 1771 552 1804 terris
565 1799 572 1812 ,
597 1771 768 1815 provinciis
793 1778 822 1804 et
843 1773 922 1805 locis
936 1785 994 1817 pu—

240 1824 356 1858 blicent
379 1831 405 1857 et
424 1826 603 1863 observent,
624 1837 658 1858 ae
676 1826 735 1859 sub
748 1826 905 1859 similibus
922 1839 995 1860 een—

239 1879 323 1911 snris
344 1884 373 1911 et
394 1880 507 1922 poenis
528 1880 694 1923 publicare
713 1886 741 1913 et
763 1881 930 1914 observare
948 1882 992 1914 sa-

240 1931 334 1964 ciant.
358 1932 489 1965 Necnon
515 1933 754 1966 universitaleni
777 1946 830 1967 sen
862 1946 993 1977 tongre-

239 1986 401 2029 gationem
418 1987 611 2021 iudaeorum
630 1999 684 2020 sen
702 1988 918 2021 hebraeorum
936 1990 993 2022 lm-

241 2039 377 2073 iusmodi
410 2041 449 2073 ad
483 2042 676 2074 solutionem
708 2042 925 2085 praedictam,
961 2049 990 2075 ut

238 2094 431 2137 praefertur,
454 2095 636 2128 faciendum
663 2102 776 2138 rogant
797 2102 827 2128 et
849 2098 992 2140 compel—

240 2147 316 2187 lant,
340 2149 592 2182 contradictores
616 2149 775 2192 quoslibet
803 2156 828 2183 et
858 2150 993 2183 rebelles

239 2212 297 2244 per
316 2212 469 2235 censuras
485 2208 514 2235 et
534 2214 654 2247 poenas
670 2204 826 2247 praefatas
841 2215 876 2236 ae
898 2204 992 2237 etiam

240 2254 462 2297 pecuniarias,
486 2256 612 2299 aliaque
638 2262 820 2301 opportuna
847 2257 924 2289 iuris
947 2270 992 2290 re-

240 2308 361 2349 media,
384 2309 600 2353 appellatione
630 2310 825 2354 postposita,
862 2322 992 2354 compe-

240 2363 371 2404 scendo;
403 2374 439 2396 ac
465 2364 615 2407 legitimis
636 2375 734 2408 super
763 2365 812 2396 bis
840 2365 993 2397 babendis

239 2416 368 2449 servatis
390 2417 613 2460 processibus,
641 2429 793 2450 censuras·
819 2424 845 2450 et
876 2428 993 2461 poenas

241 2470 420 2513 praedictas
450 2471 544 2503 etiarn
580 2471 699 2504 iteratis
728 2471 850 2504 vicibus
880 2482 992 2514 agg-ra-

240 2520 361 2560 vando,
390 2520 534 2553 invocato
562 2521 656 2553 etiam
684 2521 721 2554 ad
753 2522 830 2561 boe,
860 2521 883 2552 si
912 2532 994 2564 opus

241 2569 346 2609 suerit,
374 2570 491 2602 anxilio
512 2570 633 2602 bras-bii
654 2570 838 2603 saecularis.

287 2621 300 2660 ,ξ
324 2619 351 2651 si.
375 2620 441 2651 Non
463 2620 663 2652 obstantibus·
684 2621 866 2663 praemissis
891 2632 925 2653 as·
949 2621 992 2653 se-

242 2667 310 2702 li‹·is
342 2669 571 2703 recordationis
600 2669 751 2704 Bonil'aeii
780 2671 882 2716 Papae
916 2671 991 2711 Vlll,

1674 257 1738 290 4823

1032 318 1288 364 praedecessoris
1300 317 1408 358 nostri,
1421 317 1458 349 de
1473 327 1545 358 una,
1562 317 1632 350 etin
1643 318 1781 351 concilio

1031 373 1170 415 generali
1188 373 1226 405 de
1242 372 1366 405 duabus
1376 371 1477 404 ditetis
1493 371 1589 411 edita,
1607 372 1783 404 dummodo

1033 428 1114 460 ultra
1128 433 1191 460 tres
1207 427 1317 459 diaetas
1332 426 1448 470 aliquis
1458 426 1566 469 vigore.
1576 425 1783 470 praesentum

1032 481 1070 513 ad
1106 480 1260 513 iudicium
1293 491 1356 513 non
1378 480 1538 519 trabatur,
1564 490 1600 512 ac
1621 478 1785 522 quibusvis

1033 534 1101 566 :diis
1113 534 1396 568 constitutionibus
1407 539 1434 567 et
1446 532 1702 567 ordinationibus
1712 543 1786 576 apo-

1033 588 1168 628 stolicis,
1192 599 1319 621 necnon
1341 588 1465 621 statutis
1489 592 1518 620 et
1544 585 1785 620 consuetudini-

1033 642 1091 674 bus
1107 653 1142 675 ae
1161 642 1455 683 reformationibus,
1477 641 1573 675 etiam
1591 641 1784 678 iuramento,

1032 695 1277 728 confirmatione
1298 696 1475 739 apostolica
1490 695 1538 728 vel
1558 694 1668 739 quavis
1689 694 1787 727 tirmi-

1034 755 1094 781 tate
1113 749 1173 781 alia
1194 750 1364 789 roboratis;
1383 749 1557 793 privilegiis
1572 759 1715 792 quoque,
1738 748 1786 781 in-

1033 803 1140 844 dultis,
1159 804 1414 847 exemptionibus
1430 808 1459 835 et
1474 803 1575 835 literis
1591 802 1785 847 apostolicis,

1033 868 1068 889 ae
1090 857 1183 889 etiam
1211 857 1425 890 eameralibus
1445 856 1564 890 eisdem
1590 856 1788 889 universitati

1033 915 1063 943 et
1078 910 1200 943 iudaeis
1220 922 1255 943 ac
1273 909 1438 954 quibusvis
1454 910 1533 950 aliis,
1547 909 1641 943 etiam
1658 921 1693 943 ex
1710 921 1787 943 one-

1034 964 1113 997 rosis
1129 970 1157 997 et
1174 964 1244 997 aliis
1260 964 1376 1005 causis,
1391 965 1449 997 snb
1465 964 1726 1007 quibuscumspie
1743 969 1788 996 te-

1034 1018 1167 1050 noribus
1183 1024 1213 1051 et
1233 1018 1344 1052 formis
1360 1030 1396 1051 ac
1418 1029 1491 1051 eum
1504 1018 1679 1061 quibusvis,
1694 1018 1787 1051 etiam

1033 1071 1310 1114 derogatoriarum
1331 1071 1553 1115 derogatoriis‚
1577 1071 1711 1115 aliisque
1728 1072 1789 1104 sor-

1033 1125 1188 1166 tioribus,
1220 1126 1458 1159 efficacioribus
1483 1131 1514 1158 ct.
1538 1125 1675 1159 insolitis
1704 1126 1790 1158 elau-

1034 1179 1129 1219 sulis,
1152 1180 1418 1223 irritantibusque
1444 1185 1474 1213 et
1502 1180 1572 1213 aliis
1596 1180 1733 1213 decretis
1760 1186 1788 1213 ct

1034 1233 1112 1266 alias
1132 1234 1373 1276 quomodolibet
1401 1233 1573 1273 concessis,
1591 1233 1789 1267 confirmatis

1035 1293 1063 1320 et
1077 1287 1245 1328 innovatis,
1264 1289 1383 1332 quibus
1399 1288 1560 1328 omnihus,
1572 1288 1667 1320 etiam
1679 1288 1714 1329 si,
1730 1300 1789 1332 pro

1037 1341 1165 1375 illorum
1179 1342 1350 1376 sufficienti
1371 1343 1589 1386 derogatione,
1609 1343 1646 1375 de
1663 1342 1724 1375 illis
1740 1353 1789 1375 eo-

1035 1406 1173 1439 rumque
1185 1395 1256 1429 totis
1270 1396 1438 1429 tenoribus
1454 1396 1613 1438 specialis,
1627 1396 1788 1440 specifica,

1036 1460 1183 1492 expressa
1204 1454 1234 1483 et
1254 1450 1417 1482 individua
1438 1461 1473 1482 ac
1494 1450 1532 1483 de
1547 1450 1644 1483 verbo
1660 1450 1698 1483 ad
1721 1462 1790 1484 ver-

1035 1503 1125 1543 bum,
1148 1513 1213 1536 non
1233 1508 1342 1536 autem
1363 1514 1420 1547 per
1440 1503 1602 1537 clausulas
1625 1505 1791 1547 generales

1038 1557 1121 1589 idem
1139 1557 1360 1601 importantes,
1380 1557 1500 1591 mentio
1513 1568 1569 1591 seu
1585 1558 1714 1601 quaevis
1730 1559 1790 1591 alia

1036 1611 1198 1653 expressio
1220 1611 1378 1649 lnibenda,
1397 1617 1449 1643 aut
1471 1611 1578 1654 aliqua
1602 1612 1663 1644 alia
1684 1613 1791 1656 exqui-

1037 1664 1094 1696 sita
1120 1666 1220 1697 l'oima
1242 1666 1280 1697 ad
1302 1666 1361 1698 boii·
1384 1666 1537 1698 servanda
1554 1666 1645 1706 soret,
1665 1671 1791 1699 tenores

1035 1717 1221 1750 huiusmodi
1235 1730 1269 1751 ae
1287 1718 1311 1750 si
1328 1719 1365 1750 de
1383 1720 1478 1752 verbo
1495 1720 1533 1752 ad
1549 1720 1693 1761 verbum,
1711 1721 1789 1753 nibil

1036 1771 1165 1814 penitus
1186 1772 1315 1812 omisso,
1342 1778 1369 1805 et
1402 1774 1503 1805 forma
1534 1773 1564 1805 in
1595 1773 1657 1806 illis
1678 1774 1790 1807 tradita

1036 1825 1212 1865 observata,
1233 1825 1341 1858 inserti
1358 1827 1474 1865 forent,
1493 1827 1715 1870 liraosissniibus
1732 1839 1789 1871 pro

1036 1879 1233 1911 sufficienter
1253 1881 1409 1924 expressis·
1426 1887 1452 1913 et
1474 1881 1600 1913 insertis
1623 1882 1787 1918 babentes,

1036 1932 1098 1965 illis
1118 1933 1196 1965 alia's
1221 1934 1251 1966 in
1274 1946 1331 1967 suo
1349 1935 1463 1967 robore
1487 1936 1713 1978 permansuris,
1730 1937 1789 1969 bae

1035 1987 1100 2020 viee
1121 1987 1283 2020 dumtaxat
1303 1988 1418 2020 harum
1440 1989 1521 2020 serie
1544 1988 1609 2032 pari
1631 1995 1720 2022 motu
1739 1990 1790 2022 ‹le-

1036 2052 1197 2083 rogamus,
1221 2041 1338 2085 illaque
1360 2043 1511 2075 adversus
1526 2043 1703 2086 praemissa
1719 2045 1789 2077 nul-

1036 2096 1160 2128 latenus
1181 2096 1348 2139 sussrugaii
1370 2108 1462 2140 posse
1478 2097 1695 2135 decernimus,
1714 2110 1789 2131 con-

1037 2149 1140 2181 trariis
1165 2150 1451 2193 quibusi:umque3
1484 2162 1539 2184 seu
1560 2152 1585 2185 si
1615 2152 1787 2195 aliquibna

1036 2203 1252 2236 connnunitffl‘
1271 2205 1318 2236 vel
1339 2204 1474 2245 divisim,
1498 2206 1536 2238 ab
1552 2206 1734 2250 Apostoliea
1751 2207 1784 2239 sit

1036 2257 1114 2289 Sede
1137 2256 1296 2290 indultum
1323 2259 1409 2302 quod
1441 2259 1606 2300 interdici,
1636 2261 1787 2304 suspendi

1034 2311 1080 2342 vel
1098 2312 1371 2344 exeoumtunicari
1388 2324 1451 2346 non
1468 2314 1587 2358 possint
1604 2326 1662 2359 per
1682 2315 1788 2347 literas

1035 2365 1226 2407 apostolicas
1236 2377 1299 2398 nou
1310 2367 1462 2400 facientes
1479 2369 1606 2411 plenam
1623 2373 1650 2401 et
1662 2380 1788 2412 expres-

1035 2429 1100 2450 sam
1127 2430 1161 2451 a<-
1191 2420 1228 2452 de
1254 2421 1350 2454 verbo
1375 2421 1413 2454 ad
1440 2422 1570 2455 verbum
1599 2423 1637 2455 de
1664 2422 1787 2455 indulto

1035 2471 1221 2505 huiusmodi
1239 2474 1446 2508 mentionem.

1079 2522 1093 2563 ξ
1114 2522 1144 2554 5».
1168 2523 1204 2555 Et
1223 2523 1299 2567 quia
1319 2524 1448 2558 difficile
1474 2525 1553 2558 soret
1573 2530 1628 2559 etc.

1078 2571 1162 2604 Nulli
1183 2584 1258 2615 ergo
1281 2578 1337 2607 ete.

1081 2621 1192 2655 Datum
1224 2623 1342 2657 Romae
1371 2626 1457 2669 apud
1483 2626 1513 2658 S.
1545 2626 1672 2659 Petrum
1703 2637 1787 2659 annu

1036 2672 1268 2706 {min-nationis
1293 2674 1471 2708 dominicae
1499 2675 1669 2709 millesimo
1697 2676 1789 2722 quin-

1798 268 1845 291 An.
1866 264 1892 290 (ἶ.
1915 263 1978 290 1ἶὶὅᾶ

1836 2523 1986 2552 Transmnpto-

1802 2561 1845 2576 runi
1861 2558 1920 2577 nde..
