2227 3001
154 260 204 287 An.
227 261 336 288 015110

173 2577 304 2600 mmmmm.
348 2575 465 2613 carius,
488 2576 701 2620 praecipuum
721 2588 738 2608 a
758 2576 895 2609 Domino
913 2588 1010 2620 super
1026 2588 1102 2621 gen·
1122 2595 1123 2609 t

395 248 458 283 298

350 313 375 345 si
400 313 479 345 haec
503 311 661 356 impedire
681 321 745 344 non
768 315 899 353 potero,
924 309 1104 352 procurabo

351 363 435 395 hona
468 362 531 395 fide
556 362 587 394 id
621 361 660 393 ad
691 359 834 391 notitiam
864 357 899 389 D.
935 357 970 388 N.
1001 357 1104 399 Papae

351 411 504 454 perferre.
537 410 692 454 Papatum
721 408 919 443 Romanum,
937 410 964 437 et
987 405 1104 447 regalia

351 460 381 493 S.
405 459 489 493 Petri
510 470 546 492 ac
567 459 637 491 iura
657 456 758 499 ipsius
791 454 958 494 ecclesiae,
988 454 1013 486 si
1041 464 1103 497 qua

351 509 463 541 cadem
493 506 628 540 ecclesia
654 505 685 537 in
706 504 829 536 civitate
857 504 905 535 vel
930 508 1033 543 terra,
1065 503 1103 535 de

351 568 414 601 qua
433 567 505 589 sum
518 554 686 590 oriundus,
699 552 827 591 habeat,
841 552 969 584 adiutor
988 552 1033 584 eis
1049 563 1103 584 ero

349 606 389 639 ad
410 603 647 638 defendendum
664 607 694 634 et
714 600 975 642 recuperandum
993 606 1103 633 contra

350 665 462 687 omnes
495 652 652 685 homines.
689 649 927 683 Tabellionatus
960 649 1102 683 officium

350 702 486 735 fideliter
506 700 672 734 exercebo.
701 699 901 737 Contractus,
930 698 961 729 in
986 699 1103 741 quilius

349 751 485 792 exigitur
513 758 690 782 consensus
718 747 877 791 partium,
902 745 1038 779 fideliter
1057 747 1102 779 fa—

351 799 452 839 ciam,
483 798 527 830 nil
561 797 707 830 addendo
736 796 784 828 vel
819 795 1013 832 minuendo,
1035 795 1102 829 sine

348 848 509 880 voluntate
528 846 679 889 partium,
706 845 792 887 quod
807 843 1016 876 substantiam
1042 845 1102 876 im-

350 901 460 928 mutet.
483 896 602 928 Verum
624 895 656 926 in
676 893 877 926 eonticiendo
902 892 1032 935 aliquod
1053 893 1102 925 in-

349 944 688 983 strumentum,unius
707 942 807 975 solius
826 941 926 984 partis
947 941 971 973 si
993 942 1029 974 sit
1052 954 1102 975 re-

349 993 506 1036 quirenda
537 993 699 1028 voluntas„
735 991 795 1023 lioc
831 990 936 1033 ipsum
972 992 1098 1024 faciam.

348 1043 601 1074 lustramentum
635 1051 700 1073 non
735 1038 905 1072 conficiam
930 1039 968 1071 de
994 1039 1102 1083 aliquo

348 1095 526 1126 contractu,
546 1100 610 1132 quo
632 1089 729 1121 sciam
752 1087 942 1120 intervenire
969 1088 1030 1120 vim
1055 1090 1101 1121 vel

348 1139 505 1171 fraudem.
533 1139 722 1172 Contractus
751 1136 783 1168 in
810 1136 1025 1179 protocollum
1051 1148 1102 1169 re-

347 1187 464 1230 digam,
499 1192 527 1219 et
548 1192 719 1230 postquam
753 1185 923 1226 redegero,
946 1184 1102 1218 malitiose

348 1247 413 1269 non
433 1236 588 1273 deseram,
618 1235 696 1268 citra
727 1234 923 1266 voluntatem
957 1233 1100 1274 illorum,

348 1295 488 1327 quorum
517 1289 564 1316 est
584 1288 786 1321 contractus,
811 1293 908 1325 super
938 1292 975 1314 eo
1001 1282 1102 1314 conti-

349 1334 431 1366 ciam
459 1333 624 1376 publicum
653 1332 923 1369 instrumentum,
950 1341 985 1362 ac
1011 1330 1103 1363 solito

351 1393 421 1414 meo
454 1381 536 1414 iusto
567 1387 594 1413 et
625 1385 778 1413 consueto
809 1379 935 1411 salario.
969 1379 1019 1411 Sic
1053 1390 1102 1412 me

349 1431 431 1463 Deus
445 1430 569 1463 adiuret
587 1436 614 1462 et
633 1430 711 1462 liaeo
729 1433 837 1461 sancta
852 1428 905 1460 Dei
921 1428 1099 1470 Evangelia.

393 1480 407 1522 ξ
427 1478 479 1511 31.
503 1479 658 1511 Yolumus
678 1483 785 1510 autem
807 1477 893 1519 quod
915 1476 933 1508 ii
957 1488 992 1509 ex
1009 1488 1102 1520 prae-

947 256 1127 281 Bt'Lthnlmt

162 1535 334 1570 Materuiovri-
349 1527 534 1565 nominatis,
557 1527 611 1570 qui
637 1538 673 1558 ex
694 1526 801 1569 aliqua
822 1536 918 1557 causa
937 1526 1102 1569 privilegio

147 1566 333 1617 animm&

348 1576 535 1608 extrahendi
556 1575 665 1617 gratis,
688 1581 721 1607 ut
744 1573 970 1617 praemittitur,
993 1574 1102 1608 vinum

349 1635 386 1656 ex
406 1624 485 1668 Ripa
501 1629 529 1656 et
550 1623 717 1666 Ripetibus
737 1628 885 1661 utuntur,
903 1622 1039 1658 indulto,
1058 1624 1102 1656 ri-

348 1682 424 1713 gere
454 1672 692 1716 praesentium,
725 1671 770 1703 eis
791 1681 888 1714 super
908 1672 1102 1705 extractione

347 1732 401 1752 sex
426 1727 574 1763 vegetum
594 1721 657 1753 vini
687 1730 859 1759 concesso,
882 1720 928 1751 uti
958 1731 1022 1752 non
1047 1721 1102 1753 de-

347 1770 440 1802 beant
463 1780 567 1812 neque
588 1769 720 1813 possint.

390 1817 505 1850 Datum
532 1818 650 1851 Romae
676 1817 762 1860 apiul
789 1817 819 1850 S.
853 1817 1012 1855 Marcum,
1044 1818 1102 1849 sul)

347 1867 467 1898 annulo
484 1866 664 1905 Piscatoris,
684 1866 734 1898 die
749 1865 912 1908 trigesima
933 1865 1015 1901 iulii,
1030 1867 1101 1898 mil-

347 1914 459 1947 lesimo
475 1914 733 1958 quingentesimo
746 1915 1005 1958 quadragesimo,
1026 1926 1102 1959 pon-

349 1964 488 1996 tificatus
508 1964 607 1996 nostri
627 1975 711 1996 anno
732 1974 772 1996 vi.

404 2012 463 2042 Dat.
484 2014 529 2041 die
547 2013 584 2042 30
603 2014 666 2042 iulii
691 2014 774 2045 1540,
792 2013 893 2052 pontis.
911 2022 987 2042 anno
1004 2022 1039 2043 vi.

345 2169 505 2201 Militibus
533 2170 569 2201 de
600 2169 774 2202 Culutrurtt
801 2173 829 2201 c!
850 2169 886 2201 (Ie
905 2170 1099 2204 Alcanluru.

390 2222 435 2254 ut,
459 2222 526 2249 vota
545 2218 650 2260 aliquo
667 2219 900 2250 castitatixnon
920 2219 1045 2258 emisso,
1061 2219 1102 2251 ml

392 2267 646 2299 instarmilttiac
659 2266 693 2299 S.
709 2267 816 2299 lambi
831 2268 868 2299 ‹le-
883 2266 1020 2309 Spatlm,
1032 2279 1100 2299 mn-

393 2317 548 2348 trimonia
567 2317 768 2353 contrahere,
782 2320 876 2357 atque
896 2317 927 2348 in
946 2317 1098 2348 militiam

392 2365 519 2407 iuyrecli
536 2365 674 2407 pos-siut.
696 2366 881 2406 fucultatem
900 2365 1057 2407 elurgyi'tur
1076 2365 1098 2398 ¹.

403 2428 501 2456 Paulus
525 2429 668 2463 episcopus
695 2436 790 2456 servus
816 2436 955 2457 servorum
977 2428 1038 2462 Dei,

482 2474 515 2501 ad
548 2475 712 2509 perpetuam
731 2474 773 2501 ret
796 2474 965 2501 memoriam.

392 2527 557 2560 Romanus
576 2527 730 2563 Pontifex,
751 2527 865 2560 Christi
887 2528 918 2559 in
947 2528 1039 2560 terris
1060 2528 1102 2560 vi·
1122 2542 1124 2548 ⁴

385 2634 395 2659 ¹
419 2633 456 2659 Ex
475 2633 579 2668 Regest.
598 2635 623 2660 in
645 2634 753 2661 Archiv.
772 2634 855 2663 Vatic.

1149 256 1299 279 ROMANUM

1147 313 1193 340 tes
1218 313 1247 340 et
1268 318 1366 350 regna
1387 307 1535 340 obtinens
1560 306 1794 350 principatum.
1817 305 1903 340 cirea

1148 366 1287 397 statum,
1323 360 1533 393 directionem
1562 366 1592 393 et
1625 359 1903 393 conservationem

1149 413 1370 456 religiosarum
1409 424 1621 457 personarum
1661 412 1900 456 quarumlibet,

1149 467 1335 510 praesertim
1370 467 1429 499 sub
1458 467 1663 509 regularibus
1692 466 1814 499 militiis
1842 477 1903 510 pro

1148 520 1220 552 tidei
1246 520 1423 552 catholicae
1456 519 1641 552 defensione
1667 525 1697 552 et
1722 519 1902 552 infidelium

1147 573 1353 616 depressione
1381 572 1533 605 continue
1564 572 1803 611 insudantium,
1830 572 1903 604 dili—

1146 632 1258 663 genter
1291 625 1478 665 intendens,
1501 625 1629 657 illarum
1651 625 1732 657 ritus
1756 631 1785 658 et
1807 635 1903 668 regu-

1147 679 1224 711 laria
1244 678 1387 712 instituta
1408 677 1569 710 interdum
1598 678 1745 710 immutat
1759 705 1768 717 ,
1791 678 1903 711 mode-

1147 738 1235 764 ratur
1255 738 1285 764 et
1310 730 1454 774 ampliat,
1473 736 1503 763 et
1518 736 1551 763 ut
1569 741 1725 774 personae
1742 731 1828 774 ipsae
1848 742 1904 764 vo-

1148 785 1215 817 tivis
1235 785 1446 828 perfruantur
1475 784 1660 820 eventibus,
1688 783 1905 817 meditationis

1146 849 1222 871 suae
1258 849 1352 870 curas
1390 837 1539 870 diffusius
1572 836 1771 879 interponit,
1806 842 1903 880 prout

1146 891 1290 924 eiusdem
1312 890 1386 923 fidei
1403 891 1579 929 cultorum,
1598 889 1834 923 catholicorum
1856 900 1905 922 re-

1145 955 1221 986 gum
1236 950 1265 976 et
1281 943 1465 987 principum
1481 948 1550 976 vota
1564 947 1710 985 poscunt,
1728 947 1757 974 et
1773 942 1817 982 id,
1829 953 1903 986 per-

1146 1007 1299 1029 sonarum
1321 996 1509 1029 earumdem
1545 995 1730 1028 conditione
1757 1005 1794 1027 ac
1814 995 1903 1028 loco-

1146 1060 1218 1082 rum
1239 1056 1267 1082 et
1290 1056 1474 1092 temporum
1496 1048 1649 1091 qualitate
1665 1048 1905 1091 pensatis,con-

1145 1102 1237 1145 ¹<picit
1258 1103 1290 1135 in
1310 1102 1446 1135 Domino
1468 1101 1640 1134 salubriter
1661 1101 1822 1144 expedire.

1189 1156 1203 1198 ξ
1224 1156 1254 1187 l.
1292 1155 1374 1188 Sane
1404 1154 1590 1187 carissimus
1615 1153 1647 1186 in
1673 1153 1798 1186 Christo
1818 1153 1904 1186 filius

1146 1208 1403 1242 mosim-Carolus,
1418 1209 1628 1240 {omanorum
1638 1207 1815 1250 imperator
1822 1217 1905 1239 sem-

1147 1272 1203 1304 per
1214 1266 1381 1303 augustus,
1400 1261 1455 1304 qui
1472 1260 1566 1293 etiam
1583 1260 1737 1293 Castellae
1753 1265 1783 1292 et
1795 1260 1905 1303 Legio-

1146 1316 1194 1349 nis
1214 1327 1280 1352 rex,
1304 1327 1339 1348 ac
1362 1316 1468 1349 Sancti
1496 1315 1602 1348 Iacohi
1627 1316 1665 1348 de
1696 1316 1815 1358 Spatha
1844 1316 1904 1349 sub

1145 1370 1267 1411 [tegula
1287 1369 1394 1402 Sancti
1410 1369 1591 1411 Augustini,
1611 1379 1737 1401 necnon
1758 1368 1796 1401 de
1817 1368 1905 1401 Cala-

1146 1428 1231 1454 trava
1243 1427 1273 1454 et
1285 1422 1322 1454 de
1339 1422 1520 1460 Alcantara,
1531 1420 1750 1454 Cisterciensis
1762 1421 1901 1461 Ordinis,

1146 1474 1334 1507 militiarum
1357 1474 1388 1506 in
1409 1474 1563 1507 Castellae
1584 1479 1613 1506 et
1629 1473 1776 1517 Legionis
1797 1474 1905 1517 regnis

1146 1527 1363 1560 institutarum
1397 1532 1573 1570 perpetuus
1607 1526 1848 1560 administrator
1871 1528 1904 1560 in

1146 1580 1368 1624 spiritualibus
1397 1586 1424 1613 et
1451 1580 1696 1623 temporalibus,
1710 1591 1769 1624 per
1788 1581 1903 1614 Sedem

1146 1634 1363 1677 :lpostolicam
1384 1634 1566 1677 deputatus,
1593 1634 1709 1672 existit,
1731 1634 1825 1666 nobis
1840 1645 1902 1667 nu-

1146 1698 1203 1731 per
1224 1687 1340 1730 exponi
1362 1687 1433 1719 secit
1455 1687 1541 1730 quod
1564 1687 1588 1719 si
1623 1687 1900 1730 praeceptoribus,

1146 1740 1466 1773 commendatoribus
1485 1741 1698 1784 nuncupatis,
1729 1751 1765 1773 ac
1796 1740 1903 1774 militi-

1145 1793 1204 1825 bus
1225 1798 1253 1825 et
1276 1793 1428 1826 fratribus
1448 1793 1608 1825 dictarum
1629 1793 1667 1825 de
1687 1792 1851 1826 calatrava
1871 1799 1902 1826 et

1146 1846 1183 1878 de
1206 1847 1376 1879 Alcantara
1403 1846 1603 1885 militiarum,
1630 1846 1696 1889 qui,
1722 1846 1754 1878 in
1779 1847 1902 1889 profes-

1145 1899 1243 1932 sionis
1280 1899 1438 1942 regularis
1480 1897 1668 1932 earumdem
1713 1899 1901 1933 militiarum

1145 1953 1327 1990 emissione,
1354 1963 1411 1995 per
1432 1953 1575 1995 singulos
1596 1964 1710 1985 eorum
1736 1964 1795 1996 pro
1820 1959 1900 1987 tem-

1122 2006 1124 2012 “
1145 2017 1222 2049 pore
1244 2007 1335 2043 sacta,
1349 2006 1557 2045 intercetera,
1574 2012 1750 2050 perpetuae
1773 2007 1900 2041 castita-

1144 2060 1183 2091 tis
1203 2066 1230 2092 et
1254 2060 1470 2093 continentiae
1485 2066 1605 2099 votum,
1626 2060 1712 2093 iuxta
1739 2061 1901 2103 regularia

1144 2112 1289 2145 instituta
1315 2118 1343 2145 et
1371 2112 1580 2145 diffinitiones
1606 2123 1662 2145 seu
1683 2113 1901 2146 stabilimenta

1145 2164 1333 2197 militiarum
1355 2170 1383 2198 et
1405 2164 1622 2198 Cisterciensis
1639 2164 1767 2198 Ordinis
1786 2166 1900 2200 huius—

1145 2218 1242 2253 modi.
1259 2218 1414 2254 emittere,
1431 2224 1459 2250 et
1481 2218 1519 2250 ad
1532 2218 1619 2250 illam
1637 2224 1794 2262 perpetuo
1810 2225 1839 2253 et
1854 2219 1900 2252 in-

1143 2270 1333 2303 violabiliter
1359 2271 1589 2304 observandam
1617 2271 1789 2315 specialem
1823 2283 1899 2316 pro-

1145 2324 1329 2357 missionem
1350 2324 1454 2357 facere
1472 2331 1719 2362 consueverunt,
1745 2327 1900 2360 concede-

1144 2383 1233 2410 retur
1267 2378 1365 2421 quod,
1396 2383 1467 2410 voto
1493 2378 1602 2420 aliquo
1630 2389 1729 2422 super
1757 2379 1900 2413 castitate

1122 2437 1123 2448 ¹
1144 2441 1209 2463 non
1230 2430 1364 2467 emisso,
1388 2431 1426 2463 de
1454 2436 1562 2463 cetero
1592 2433 1835 2465 matrimonium
1860 2433 1900 2466 ad

1144 2479 1245 2512 instar
1264 2486 1525 2523 praeceptorum,
1549 2481 1688 2514 militum
1714 2487 1744 2514 et
1763 2482 1899 2515 fratrum

1144 2528 1245 2561 dictae
1263 2528 1393 2561 militiae
1410 2529 1440 2561 S.
1460 2529 1565 2561 lacobi
1586 2529 1624 2562 de
1645 2529 1780 2573 Spatha,
1801 2541 1898 2573 quam

1143 2577 1266 2617 ingredi
1288 2578 1439 2612 volentes,
1467 2578 1562 2610 etiam
1592 2584 1762 2621 postquam
1788 2579 1899 2612 coniu-

1144 2626 1206 2668 gati
1235 2626 1366 2662 suerint,
1390 2632 1417 2659 et
1439 2628 1564 2670 prolem
1590 2628 1764 2670 legitimam
1792 2638 1898 2661 susce-

1919 251 1968 280 Ᾱη.
1991 253 2101 281 015110

1933 1169 2012 1190 Causae
2028 1175 2106 1190 conce-

1920 1201 1982 1221 dcudi
1991 1201 2104 1228 privilegii,

1920 1232 1946 1252 do
1961 1238 2002 1258 quo
2017 1234 2037 1253 iu
2051 1239 2108 1253 sum-

1921 1264 1986 1284 mario
