2227 3001
245 286 296 312 An.
316 285 346 312 C.
362 283 427 312 1553

269 561 428 587 ἔωχηκῑῑθπὶες

241 599 292 612 ’.το
308 597 330 613 ot
351 595 386 613 atii
402 594 427 613 de

242 629 355 644 releroerr

242 662 322 682 paenas
334 656 427 682 relapso-

241 692 285 706 rum
297 690 412 707 incurrant..

372 629 426 647 11185,

488 274 552 310 5οΞ

442 341 506 374 sive
529 345 652 381 notam,
671 338 757 373 circa
776 348 842 378 eos,
865 337 1117 382 praemissorum
1142 347 1194 370 oc-

442 395 583 435 casione,
599 393 842 437 quomodolibet
856 392 1077 435 insurgentem
1093 391 1133 425 ab
1149 392 1194 425 eis
1214 426 1215 442 ζ

1214 455 1215 463 ’
1236 446 1324 486 chas,
1344 445 1605 489 archiepiscopos
1621 449 1652 477 et
1666 443 1836 488 episcopos
1856 453 1893 475 ac
1913 442 1993 474 alios

443 448 571 491 penitus
597 453 627 481 et
651 447 784 480 omnino
807 445 988 479 abolemus.

487 502 502 545 ξ
526 500 557 535 3.
585 501 621 534 Et
650 501 784 543 insuper
817 510 892 533 cum
927 509 1074 540 errores,
1111 510 1215 545 quos

443 565 542 598 supra
569 553 787 593 narravimus,
810 552 853 585 ita
872 563 982 596 graves
1010 558 1041 586 et
1066 553 1194 587 nefandi

443 607 516 647 sint,
538 612 573 639 ut
596 606 641 638 illi
667 606 722 649 qui
743 606 775 638 in
796 616 850 639 eos
869 606 1038 646 decidunt,
1066 617 1196 639 excusa-

443 661 564 694 tionem
589 670 656 693 non
677 660 826 700 habeant,
847 660 902 693 sed
926 660 1069 694 subversi
1089 661 1196 704 potius
1216 673 1217 676 ¹

443 720 538 758 atque
575 714 735 747 immanes
767 725 864 757 quam
898 714 1052 747 haeretici
1080 715 1196 748 merito
1216 742 1217 751 ,

442 767 504 801 dici
523 767 656 812 possint,
680 768 740 800 hac
760 774 870 801 nostra
888 774 1048 812 perpetuo
1060 768 1197 801 valitura

443 821 670 855 constitutione
695 821 858 855 sancimus
873 821 960 865 quod
980 828 1044 855 tam
1064 822 1122 863 illi,
1141 822 1196 865 qui
1216 834 1217 840 ¹

442 875 598 909 hactenus
616 875 648 908 in
670 875 754 919 ipsos
773 886 912 916 errores,
934 876 982 909 vel
1003 887 1117 909 eorum
1138 876 1196 909 ali-

441 939 539 973 quem
558 929 639 973 lapsi
660 934 733 962 sunt
753 934 783 961 et
799 929 880 962 infra
896 929 1119 973 supradictum
1135 935 1198 963 ter-

1041 282 1219 308 Brumnmr
1243 279 1396 308 nomnen

1212 339 1215 346 '
1234 337 1364 372 Curiam
1387 347 1463 370 vero
1480 333 1690 380 praedictam,
1717 333 1813 369 modo
1833 339 1866 368 et
1887 333 1993 367 forma

1236 403 1295 436 per
1325 391 1525 425 venerabiles
1557 390 1672 423 fratres
1695 394 1823 423 nostros
1849 387 1988 433 patriar-

1236 499 1447 532 ecclesiarum
1476 498 1656 541 praelatos,
1678 497 1796 540 quibus
1822 496 1856 529 in
1874 495 1992 529 virtute

1236 558 1365 586 sanctae
1379 551 1581 585 obedientiae
1595 562 1655 596 per
1669 551 1797 585 easdem
1808 555 1994 594 praesentes

1237 606 1430 639 mandamus
1460 611 1496 638 ut
1520 605 1628 638 literas
1656 604 1720 638 sive
1751 608 1992 647 transumptum

1237 660 1424 693 huiusmodi
1445 659 1567 704 ubique
1588 669 1648 703 per
1667 669 1781 692 eorum
1797 657 1990 702 proxincias,

1238 713 1401 747 dioeceses
1417 718 1448 746 et
1467 712 1620 746 ecclesias
1638 712 1765 746 sincera
1784 712 1915 745 caritate
1929 722 1991 756 pu-

1238 767 1356 801 blicent
1390 772 1422 800 et
1448 767 1608 811 publicari
1636 766 1769 807 saciant,
1795 766 1990 807 statuendis,

1238 822 1458 865 publicentur,
1486 831 1599 854 earum
1627 821 1775 863 exemplo
1797 820 1831 854 in
1859 820 1994 864 singulis

1238 876 1328 916 locis,
1344 876 1376 909 in
1399 875 1518 919 quibus
1537 875 1716 920 publicatio
1736 875 1804 920 ipsa
1819 874 1884 916 fiet,
1898 875 1992 908 affixo

1238 935 1270 962 et
1292 930 1437 963 dimisso.

2005 276 2058 304 An.
2074 276 2103 304 C.
2123 272 2190 305 {555

442 982 566 1015 minum
588 993 653 1016 non
670 982 865 1026 resipuerint
885 989 915 1016 et
931 994 968 1016 ea
987 994 1070 1027 quae
1085 995 1198 1028 supra-
1283 984 1368 1017 Nulli
1390 995 1467 1027 ergo
1486 988 1544 1017 etc.

442 1035 580 1069 diximus
604 1047 669 1070 non
695 1036 951 1081 adimpleverint,
972 1048 1069 1080 quam
1085 1048 1198 1071 omnes
1216 1026 1219 1054 ³
1282 1037 1397 1070 Datum
1417 1037 1538 1070 Romae
1558 1037 1646 1081 apud
1664 1037 1818 1070 Sanctum
1834 1038 1990 1079 Marcum,

442 1094 473 1122 et
492 1089 611 1133 singuli
640 1090 713 1131 alii,
737 1091 792 1134 [lui
823 1091 854 1123 in
883 1091 1030 1124 futurum
1064 1091 1098 1123 in
1127 1091 1198 1124 illos
1216 1130 1219 1143 1
1239 1101 1324 1123 anno
1349 1090 1582 1124 incarnationis
1614 1091 1796 1124 dominicae
1819 1091 1993 1125 millesimo

440 1143 490 1175 vel
510 1143 643 1176 illorum
669 1144 809 1187 aliquem
829 1144 1074 1188 quomodolibet
1088 1145 1197 1189 prola·
1216 1151 1217 1183 ζ
1239 1145 1499 1188 quingentesimo
1520 1145 1789 1189 quinquagesimo
1808 1145 1935 1189 quinto,
1949 1155 1994 1179 vu

441 1196 577 1239 bentur,
610 1198 846 1242 cuiuscumque
872 1198 1053 1242 dignitatis,
1076 1204 1194 1239 status,
1216 1194 1218 1268 ἱ
1238 1197 1310 1230 idus
1330 1198 1470 1242 augusti,
1488 1198 1695 1241 pontificatus
1713 1199 1815 1232 nostri
1834 1210 1921 1233 anno
1938 1210 1961 1233 1.

441 1251 572 1294 gradus,
605 1252 727 1286 ordinis
745 1253 795 1286 vel
823 1252 1016 1286 conditionis
1042 1252 1194 1294 existant,
1216 1271 1218 1287 ,ι
1282 1254 1374 1286 Anno
1400 1263 1418 1285 a
1441 1252 1608 1286 Nativitate
1631 1252 1758 1285 Domini
1777 1263 1887 1294 mmm,
1908 1253 1993 1287 indi-

441 1315 502 1349 pro
522 1306 682 1340 subversis
703 1312 733 1340 et
757 1307 892 1351 relapsis
911 1307 944 1340 in
962 1307 1122 1340 haeresim
1142 1307 1198 1340 ha-
1239 1306 1345 1340 ctione
1363 1315 1425 1346 xlv,
1441 1306 1492 1339 die
1508 1316 1584 1339 vero
1602 1316 1666 1339 xm
1683 1307 1803 1340 mensis
1816 1307 1899 1350 iulii,
1916 1318 1995 1353 pon-

440 1359 523 1400 beri,
542 1366 573 1393 et
592 1366 627 1393 ut
647 1361 764 1404 relapsi
785 1361 894 1394 curiae
919 1360 1077 1393 saeculari
1101 1361 1194 1401 tradi,
1217 1352 1219 1390 s
1238 1361 1378 1393 titicatus
1407 1360 1599 1394 sanctissimi
1628 1361 1662 1394 in
1686 1360 1812 1395 Christo
1839 1362 1940 1406 patris
1963 1369 1995 1397 et

441 1419 473 1446 et
492 1425 551 1458 per
569 1416 671 1458 ipsam
688 1414 811 1447 curiam
832 1414 947 1447 debitis
966 1415 1079 1459 poenis
1095 1415 1128 1447 in
1149 1426 1199 1448 re-
1217 1415 1218 1458 l
1239 1415 1369 1448 D.N.D.
1387 1414 1478 1448 Pauli
1496 1415 1602 1448 divina
1618 1415 1819 1460 proxidentia
1837 1417 1943 1461 Papae
1957 1417 1994 1451 lv

441 1467 548 1512 lapsos
572 1467 696 1501 statutis
715 1467 824 1512 puniri
845 1468 978 1512 possint,
997 1468 1029 1501 in
1047 1469 1197 1502 omnibus
1218 1466 1219 1469 ’
1239 1479 1324 1502 anno
1345 1468 1415 1502 eius
1434 1479 1467 1509 n,
1489 1474 1673 1512 praesentes
1687 1470 1914 1515 retroscriptae
1924 1471 1994 1505 lite-

444 1527 475 1554 et
494 1532 553 1566 per
572 1522 694 1561 omnia,
716 1521 850 1566 perinde
874 1533 910 1555 ac
936 1522 961 1555 si
982 1533 1055 1555 vere
1075 1527 1106 1555 et
1126 1533 1197 1556 rea·
1215 1538 1219 1563 1
1239 1533 1294 1556 rae
1313 1523 1509 1566 apostolicae
1534 1523 1646 1556 affixae
1670 1529 1701 1556 et
1720 1524 1904 1568 publicatae
1922 1525 1993 1560 sue-

442 1575 516 1608 liter
534 1575 567 1608 in
586 1575 746 1609 haeresim
762 1576 880 1621 relapsi
896 1581 1012 1617 essent,
1031 1582 1062 1610 et
1076 1587 1130 1610 eos
1146 1588 1197 1610 re·
1238 1581 1315 1610 runt
1333 1577 1374 1610 ad
1402 1577 1506 1610 valvas
1521 1588 1578 1611 seu
1595 1583 1703 1622 portas
1718 1578 1924 1612 basilicarum
1944 1591 1995 1614 eo-

443 1628 550 1672 lapsos
574 1639 643 1662 esse
669 1634 841 1662 constaret.
1240 1631 1411 1664 elesiarum
1430 1632 1652 1666 Lateranensis
1676 1637 1707 1666 et
1726 1633 1885 1678 Principis
1906 1635 1993 1680 Apo-

487 1682 502 1725 ξ
526 1682 558 1715 4.
586 1683 656 1715 Non
684 1683 886 1717 obstantibus
914 1684 1197 1718 constitutionibus
1216 1688 1219 1723 ξ
1239 1685 1396 1718 stolorum
1416 1685 1456 1718 de
1475 1685 1560 1719 Urbe
1580 1686 1838 1721 etCancellariae
1855 1688 1992 1732 Aposto-
2222 1688 2227 1714 ⁴-

443 1741 475 1768 et
502 1735 759 1770 ordinationibus
787 1737 989 1781 apostolicis,
1017 1738 1196 1782 ceterisque
1216 1742 1219 1756 ⁵
1239 1739 1332 1780 licae,
1358 1750 1395 1773 ac
1424 1739 1456 1772 in
1483 1740 1552 1773 acie
1572 1740 1683 1784 Campi
1702 1741 1834 1783 Florae,
1853 1742 1994 1778 dimissis

444 1790 612 1823 contrariis
632 1790 904 1835 quibuscumque..
927 1791 966 1824 L't
983 1796 1090 1825 autem
1106 1803 1197 1836 prae·
1216 1805 1219 1846 ο
1239 1793 1341 1837 copiis
1360 1794 1473 1833 affixis,
1494 1800 1530 1827 ut
1546 1795 1644 1828 moris
1663 1800 1726 1837 est,
1752 1807 1811 1840 per
1834 1807 1886 1831 me
1907 1797 1992 1832 Tho-

439 1843 536 1876 missa
555 1844 665 1876 omnia
683 1844 723 1877 ad
742 1855 868 1885 eorum,
890 1855 1029 1888 quorum
1052 1845 1193 1886 interest,
1216 1851 1219 1887 t
1240 1853 1325 1875 mam
1355 1843 1471 1886 Roger,
1493 1844 1626 1888 praefati
1659 1846 1852 1879 sanctissimi
1885 1847 1921 1880 D.
1952 1848 1989 1881 N.

441 1897 588 1929 notitiam
621 1897 826 1930 deducantur
840 1925 847 1937 ,
868 1898 1044 1942 nullusque
1069 1898 1109 1932 de
1136 1899 1197 1932 illis
1216 1893 1218 1915 '
1238 1892 1342 1936 Papae
1367 1904 1548 1927 cursorem-

443 1950 657 1994 ignorantiam
682 1952 906 1995 praetendere,
933 1963 970 1985 ac
995 1963 1028 1986 se
1054 1953 1196 1997 legitime
1371 1942 1482 1998 p'ssfflls
1502 1943 1792 1999 G0mf35³ffl³gisstssr
1805 1957 1988 1981 0¹11'801'um·

444 2015 596 2038 excusare
617 2006 726 2049 possit·
1291 1991 1353 2023 Dat.
1369 1993 1416 2023 die
1433 1994 1449 2024 't'
1468 1999 1587 2032 augusti
1603 1995 1688 2031 1555,
1709 1995 1811 2034 pontis.
1824 2005 1903 2027 anno
1917 2005 1937 2027 ι.

487 2059 502 2102 {3
525 2059 558 2092 5.
584 2059 740 2093 Volumus
763 2064 794 2092 et
817 2059 903 2093 dicta
926 2060 1115 2094 auctoritate
1140 2061 1195 2094 de-

270 2123 342 2144 rme.
359 2124 428 2150 ,aam-
443 2112 608 2146 cernimus
647 2113 734 2157 quod
771 2119 955 2157 praesentes
990 2113 1101 2148 literae
1139 2125 1195 2148 seu

243 2157 430 2206 }[,‡2}{,{‚“‚¹2‡„?⁰”'
443 2177 555 2199 earum
572 2172 823 2211 transumptum,
841 2168 904 2208 cui,
925 2168 950 2201 si
966 2179 1063 2201 manu
1078 2168 1194 2202 notarii

444 2219 564 2262 publici
581 2221 798 2264 subscriptum
815 2226 846 2255 et
860 2221 965 2264 sigillo
976 2222 1112 2255 alicuius
1125 2234 1195 2267 per-

442 2283 540 2306 sonae
557 2272 589 2306 in
604 2273 755 2316 dignitate
772 2275 988 2309 ecclesiastica
1004 2276 1195 2310 constitutae

442 2326 603 2359 munitum
631 2327 741 2367 suerit,
764 2339 834 2361 eam
864 2340 996 2373 prorsus
1026 2329 1135 2370 fidem,
1163 2330 1194 2362 in

442 2379 561 2414 iudicio
581 2386 612 2413 et
631 2386 730 2421 extra,
743 2382 886 2415 adhiberi
908 2383 1090 2424 statuimus,
1111 2394 1194 2428 quae

443 2434 520 2478 ipsis
552 2435 653 2469 literis
685 2435 894 2469 adhiberetur
907 2465 914 2477 ,
937 2438 961 2469 si
996 2438 1195 2481 originaliter

442 2489 682 2530 exhiberentur,
700 2489 732 2521 in
745 2491 854 2523 eadem
871 2491 978 2529 Curia,
997 2502 1055 2535 per
1069 2492 1194 2536 aliquos

442 2549 591 2572 cursores
624 2544 761 2578 nostros,
788 2539 820 2571 in
852 2539 1003 2574 basilicae
1037 2541 1194 2585 Principis

442 2589 669 2632 Apostolorum
685 2594 715 2622 et
739 2588 894 2622 ecclcsiae
917 2590 1138 2624 Lateranensis
1154 2591 1192 2625 de

443 2637 528 2671 lsrhe
548 2649 584 2671 ac
603 2637 818 2672 Cancellariae
834 2639 1035 2682 Apostolicac
1049 2640 1143 2672 valvis
1163 2645 1193 2673 et
1263 2679 1269 2681 ⁴
1930 2680 1936 2686 .

445 2686 514 2721 acie
533 2687 644 2734 Campi
669 2687 791 2729 Florae,
822 2692 855 2721 ut
876 2687 975 2721 moris
1007 2693 1070 2729 est,
1106 2694 1192 2722 extra
1234 2687 1396 2722 Romanae
1415 2687 1577 2722 Ecclesiae
1604 2687 1782 2723 cardinales
1806 2688 1840 2722 in
1859 2694 1984 2734 partem

2039 1260 2163 1283 Public-uo.

268 1733 377 1754 clm-ufai·
393 1734 429 1754 de-

243 1769 302 1791 tegit
311 1772 346 1785 ,ιλ
363 1778 369 1785 .

1590 2117 1637 2151 Π.

1236 2173 1421 2207 Decanatns
1443 2175 1568 2218 colla-[sii
1580 2174 1614 2208 S.
1637 2175 1676 2208 R.
1690 2175 1732 2208 Ε.
1755 2176 1986 2217 cardinalium,

1281 2234 1352 2256 cnm
1371 2225 1559 2257 omnimoda
1571 2225 1797 2268 praecedentia
1811 2231 1932 2270 spectat
1947 2228 1991 2260 ad

1281 2274 1461 2317 episcopum
1480 2273 1682 2307 cardinalem
1701 2275 1931 2319 antiquiorem,
1951 2277 1990 2309 in

1281 2322 1383 2356 Curia
1407 2331 1544 2367 tempore
1568 2324 1748 2357 vacationis
1771 2329 1986 2368 praesentem,

1279 2376 1336 2404 caut
1355 2383 1394 2405 ex
1420 2383 1515 2405 causa
1538 2373 1667 2415 publica
1694 2373 1858 2406 absentem
1875 2377 1906 2407 et
1928 2384 1989 2417 per

1278 2420 1450 2454 Summum
1474 2421 1666 2464 Pontificem
1681 2425 1774 2455 extra
1794 2432 1867 2455 eam
1889 2421 1987 2456 desti-

1280 2475 1405 2504 nalum.

1303 2532 1402 2562 Paulus
1421 2533 1564 2570 episcopus
1586 2541 1682 2568 servus
1699 2541 1840 2564 servorum
1862 2534 1925 2570 nei.

1378 2584 1412 2612 ad
1436 2585 1599 2620 perpetuam
1614 2584 1655 2613 rei
1671 2585 1843 2614 memoriam.

1259 2638 1296 2679 §l
1307 2665 1313 2670 .
1323 2638 1404 2672 Cum
1413 2638 1611 2672 venerabiles
1620 2638 1734 2673 fratres
1748 2639 1850 2673 nostri
1865 2645 1985 2674 sanctae
1997 2642 2184 2699 ffffgssoffi
