2227 3001
275 278 295 305 A
303 284 328 304 u.
349 276 377 304 C.
394 277 458 304 ¹525

282 1075 422 1103 Ordinemque
431 1075 452 1096 S.

269 1108 355 1128 Antonii
391 1112 453 1133 super

269 1138 383 1164 praedictis
407 1143 453 1157 uio-

269 1167 344 1190 lentat-t
362 1169 452 1190 tuter-ti-

269 1199 308 1226 ¹1²·

519 268 561 302 46

472 329 684 370 annexiones,
707 328 996 373 incorporationes,
1019 327 1220 371 suppressio-

471 394 527 416 nes
549 409 556 422 ‚
584 382 815 427 applicationes
842 386 872 414 et
896 380 1155 424 approbationes,
1184 391 1220 413 ac

471 435 687 469 oratoriorum
701 440 729 468 et
742 435 974 478 eappellarum,
993 433 1168 476 imaginum
1190 439 1217 466 et

470 488 697 532 hospitalium,
719 487 777 521 sul)
798 487 995 520 invocatione
1016 486 1093 519 dicti
1119 487 1218 520 sancti

469 541 610 582 Antonii,
633 541 822 580 erectiones,
836 539 930 572 ctiam
944 539 976 572 in
988 540 1071 572 Urbe
1083 545 1111 573 et
1124 541 1219 574 Curia

468 594 655 628 ¹iuiusmodi
668 620 676 635 ‚
697 595 817 637 absque
850 593 973 625 abbatis
993 598 1023 626 et
1044 599 1219 628 conventus

470 659 506 681 ac
531 647 661 692 capituli
687 646 926 691 praedictorum
951 657 1126 688 consensu,
1162 659 1219 691 per

471 700 607 733 Leonem
624 701 905 744 praedecessorem
919 705 947 733 et
968 701 1037 733 eius
1052 712 1217 735 suecesso-

469 764 519 786 res
538 754 714 797 praefatos,
737 765 793 786 scu
818 764 930 786 eorum
952 759 983 787 et
1002 754 1103 787 (lictae
1129 755 1218 788 Sedis

468 807 588 849 legatos
601 812 654 839 aut
670 807 815 840 locorum
826 807 1006 840 ordinarios
1017 808 1214 849 huiusmodi,

467 859 537 892 fieri
556 871 620 892 non
642 870 733 903 posse
767 871 871 904 neque
893 861 1022 901 deberc3
1044 866 1075 894 et
1094 861 1216 906 siquae

466 913 685 954 fierent,‘'illas
709 924 877 947 concessas
894 914 921 955 1,
944 914 1050 947 irritas
1061 920 1091 948 et
1106 915 1216 948 inanes

467 965 601 999 existere
617 966 712 999 etiam
742 967 891 1000 decrevit.

510 1019 525 1061 ξ
545 1019 598 1052 ⁶22.
620 1019 802 1053 Districtius
835 1020 983 1053 inhibens
1016 1021 1166 1054 omnibus
1187 1028 1213 1055 et

467 1071 601 1115 singulis
624 1073 870 1114 commissariis‚
893 1073 988 1106 etiam
1010 1074 1147 1107 fabricae
1168 1075 1215 1108 di-

468 1131 536 1158 ctae
560 1126 728 1166 basilicae,
751 1138 787 1159 ac
811 1127 975 1171 quibusvis
1000 1128 1069 1160 aliis
1091 1129 1217 1162 nunciis

466 1179 650 1222 apostolicis
661 1185 692 1212 et.
702 1180 784 1220 aliis,
798 1180 1031 1223 cuiuscumque
1042 1181 1214 1224 dignitatis,

465 1238 577 1273 status,
588 1233 717 1276 gradus,
729 1233 862 1273 ordinis,
873 1234 1066 1267 conditionis
1073 1240 1101 1268 et
1115 1247 1216 1279 puce-

466 1285 638 1319 tuineutiae
647 1287 853 1320 existentibus
860 1292 888 1320 et
897 1298 1101 1331 quacumque
1109 1295 1217 1322 aucto-

465 1334 572 1376 ritate,
584 1335 679 1368 etiam
692 1336 867 1379 apostolica
879 1337 925 1368 vel
937 1337 1111 1377 mundana,
1120 1338 1215 1370 etiam

469 1388 578 1416 contra
594 1391 758 1429 exemptos
770 1391 797 1418 et
811 1396 924 1417 corum
942 1385 1118 1429 privilegia,
1141 1392 1216 1419 tuuc

468 1432 672 1475 fungentibus
693 1439 723 1466 et,
743 1433 916 1474 t'uncturis;
938 1445 1063 1467 nei-uon
1084 1436 1216 1478 quibus-

464 1481 511 1514 vis
530 1483 750 1516 saecularibus
770 1489 800 1516 et
821 1494 1105 1527 quorumcumque
1126 1484 1217 1517 Ordi-

465 1541 563 1571 num,
590 1531 684 1564 ctiam
705 1531 968 1571 ltlemlicantium,
986 1532 1080 1564 etiam
1098 1533 1135 1565 de
1156 1533 1217 1566 Ob-

466 1579 623 1612 servantia
640 1586 915 1623 nuncupatorum,
934 1581 1136 1622 regularibus
1150 1593 1219 1625 per-

465 1629 564 1670 sonis,
587 1629 682 1662 etiam
704 1629 735 1662 iu
763 1630 845 1663 [rbe
863 1635 891 1662 et
916 1629 1012 1663 Curia
1032 1631 1218 1664 huiusmodi

466 1683 543 1711 tunc
556 1684 585 1711 et
606 1690 663 1722 pro
685 1684 829 1722 tempore
846 1679 1218 1720 existentibus,neabba-

468 1733 531 1760 tem
551 1733 582 1760 et
610 1734 801 1761 conventum
824 1728 1009 1761 monasterii
1031 1739 1067 1761 ac
1087 1740 1218 1773 praece—

467 1782 576 1820 ptores
596 1782 625 1810 et
651 1788 803 1820 personas
819 1777 994 1820 Religionis
1018 1777 1217 1818 luliust‘uodi,

469 1825 589 1859 directe
609 1827 655 1858 vel
677 1826 845 1865 indirecte,
867 1826 979 1869 qitovis
999 1826 1144 1868 quaesito
1165 1838 1218 1859 co-

469 1875 537 1907 lore
558 1876 603 1907 vel
626 1875 765 1918 ingenio,
785 1875 843 1907 sul»
864 1875 947 1907 dicta
959 1877 1219 1909 excon‘imuuica—

470 1924 565 1956 tionis
578 1924 658 1956 latae
677 1924 851 1956 sentcntiae
864 1929 894 1956 et
914 1924 996 1963 aliis,
1015 1925 1108 1957 etiam
1123 1936 1220 1968 pceu-

471 1972 592 2013 niariis,
622 1972 767 2005 censuris
791 1978 819 2005 et
850 1973 982 2015 poems,
1009 1973 1142 2006 arbitrio
1164 1985 1221 2017 pro

470 2027 615 2064 tempore
627 2021 788 2054 existentis
807 2021 883 2053 dicti
903 2022 1086 2054 monasterii
1100 2022 1222 2054 abbatis

472 2070 697 2109 moderandis,
728 2076 754 2102 ct
782 2071 933 2103 (latuerae
959 2071 1159 2114 Apostolicae
1186 2082 1223 2103 ac

472 2119 1221 2163 Religionipraedictisapplicaudis,rationecu-

475 2167 570 2200 iusris
590 2168 733 2200 decimae.
753 2174 805 2200 aut
833 2168 1058 2211 impositionis,
1077 2169 1108 2201 iu
1132 2168 1224 2201 dictis

475 2217 639 2259 quaestuis
659 2223 686 2249 ct
711 2217 820 2257 bouis,
839 2217 934 2249 etiam
959 2223 1122 2261 praetextu
1144 2229 1223 2261 qua-

475 2276 691 2308 rumcumque
712 2265 972 2308 suspensioiuuu,
996 2268 1222 2306 molestarent,

476 2314 662 2354 turbarent,
695 2314 929 2357 inquietarent,
956 2327 1010 2347 ‚seu
1042 2315 1222 2355 niele-stari,

479 2363 619 2404 turbari,
655 2363 824 2406 inquietari
848 2364 984 2396 taceri-ut
1023 2370 1074 2396 :tut
1094 2364 1224 2407 permit-

477 2418 576 2445 terent
586 2423 592 2452 ;
602 2423 728 2445 necnon
736 2412 885 2444 omuibus
899 2413 1042 2445 locorum
1056 2413 1227 2445 ordinariis

477 2467 506 2494 et
528 2472 640 2494 eorum
661 2461 825 2493 officiariis
845 2467 872 2494 ct
890 2462 960 2494 aliis
975 2462 1138 2504 quibusvis
1155 2463 1225 2494 ubi-

477 2511 565 2551 libet,
587 2510 682 2545 etiam
703 2509 736 2544 in
756 2510 837 2543 L'rbc
863 2516 891 2543 et
912 2511 1005 2543 Curia
1028 2511 1224 2551 huiusmodi,

477 2560 658 2594 constitutis
670 2560 828 2606 personis,
844 2571 1061 2603 quacumque,
1081 2560 1175 2593 ctiam
1192 2572 1226 2592 a-

514 2621 525 2645 1
554 2619 733 2647 Cherubinius
761 2618 802 2646 hic
828 2618 888 2654 legit
908 2627 990 2645 cassas
1011 2618 1067 2645 loco
1096 2627 1226 2646 concessas

476 2659 515 2695 (n.
535 2660 587 2695 T.).

1070 275 1168 299 Bl'LLA
1173 276 1201 299 ul
1207 274 1247 298 [M
1271 274 1421 299 ROMANUM

1263 326 1431 370 postolica,
1440 327 1629 361 auctoritate
1641 326 1848 371 fungentibus
1856 326 2013 360 neliteras

1262 380 1473 422 quaestuandi
1494 391 1567 414 cum
1589 380 1797 424 campanellis
1825 380 2013 423 quorumvis

1261 431 1416 465 Ordinuin
1432 434 1578 477 personis
1597 434 1635 467 de
1657 439 1763 467 cetero
1784 433 2010 473 concederent3

1261 496 1297 518 ac
1317 485 1494 520 decernens
1513 498 1550 519 ex
1567 492 1644 520 tunc
1664 486 1793 519 irritum
1815 491 1846 519 et
1866 486 1972 527 inane,
1986 487 2011 519 si

1260 549 1352 571 secus
1372 550 1469 582 super
1488 540 1538 573 his
1557 551 1574 573 a
1594 539 1891 584 quoquam,quavis
1901 545 2012 574 aucto-

1259 592 1370 633 ritate,
1397 592 1534 626 scienter
1557 594 1606 626 vel
1631 593 1818 637 ignoranter
1843 592 2013 636 contigerit

1259 646 1419 679 attentari.

1302 700 1316 742 g
1339 699 1391 732 ⁹23.
1415 700 1483 733 Non
1504 699 1703 733 obstantibus
1727 700 2010 733 constitutionibus

2031 263 2080 291 An.
2100 263 2130 291 c.
2144 246 2211 290 ¹523

2037 707 2206 734 Quibnseunique

1258 758 1285 785 et
1300 753 1555 786 ordinationibus
1567 753 1750 796 apostolicis
1768 765 1804 786 ac
1823 753 2008 787 monasterii
2021 744 2076 796 {2:123
2103 737 2209 758 ‘'bam'-

1258 811 1285 838 et
1303 806 1430 839 Ordinis
1442 806 1610 850 praedicti,
1624 806 1817 847 iuramento,
1836 806 2009 840 confirma-

1258 855 1344 888 tione
1364 855 1540 899 apostolica
1568 855 1616 888 vel
1642 855 1753 899 quavis
1772 855 1924 889 firmitate
1947 856 2010 889 alia

1258 904 1428 945 roboratis,
1442 904 1567 937 statutis
1583 909 1613 937 et
1633 904 1932 945 consuetudinibus,
1949 916 2009 938 nec

1258 963 1321 985 nou
1337 953 1524 997 privilegiis,
1550 952 1681 985 indultis
1701 957 1732 985 et
1755 953 1857 986 literis
1879 959 2009 997 aposto-

1258 1001 1338 1041 licis,
1361 1013 1419 1045 per
1439 1001 1620 1045 praedictos
1640 1006 1670 1034 et
1689 1012 1911 1045 quoscumque
1931 1003 2011 1037 alios

1256 1049 2008 1093 RomanosPontificespraedecessoresnostros,

1257 1103 1334 1131 tunc
1354 1110 1440 1139 suos,
1463 1110 1499 1132 ac
1520 1099 1615 1132 etiam
1636 1099 1741 1142 ipsum
1763 1100 1900 1132 Leonem
1916 1111 2009 1144 prae-

1258 1148 1458 1181 decessorem
1471 1154 1501 1181 et
1518 1149 1632 1181 Sedem
1652 1149 1809 1189 eamdem,
1824 1149 1919 1182 etiam
1931 1160 2009 1183 con-

1257 1198 1458 1231 sistorialiter
1471 1225 1478 1237 ,
1501 1198 1596 1231 etiam
1618 1208 1675 1241 per
1693 1198 1775 1230 viam
1796 1198 1874 1241 legis
1894 1204 1925 1232 et
1944 1204 2007 1233 sta-

1259 1247 1315 1279 tuti
1329 1247 1477 1290 perpetui
1498 1258 1533 1280 ac
1549 1247 1691 1290 stipulati
1703 1252 1898 1289 contractus,
1911 1248 2006 1282 etiam

1258 1295 1439 1330 iuramento
1459 1297 1576 1337 vallati,
1604 1297 1700 1330 etiam
1720 1296 1753 1329 in
1772 1297 1911 1331 savorem
1932 1309 2007 1332 cru-

1258 1344 1358 1378 ciatae
1383 1351 1413 1378 et
1437 1345 1586 1378 basilicae
1612 1345 1851 1389 praedictarum
1876 1351 1907 1379 et
1933 1347 2007 1381 fidei

1259 1395 1446 1435 catholicae,
1460 1406 1496 1428 ac
1509 1400 1598 1427 motu
1611 1394 1706 1427 simili
1719 1400 1795 1428 etex
1806 1400 1893 1428 certa
1904 1396 2008 1430 scien-

1258 1445 1300 1477 tia
1331 1456 1367 1477 ac
1401 1445 1438 1477 de
1464 1443 1658 1488 apostolicae
1683 1445 1848 1487 potestatis
1867 1445 2008 1489 plenitu-

1259 1493 1350 1533 diue,
1377 1504 1414 1526 ac
1442 1504 1515 1526 cuin
1540 1493 1705 1535 quibusvis
1725 1493 1955 1528 efficacissimis
1978 1500 2009 1528 et

1260 1541 1409 1581 insolitis,
1428 1541 1523 1574 etiam
1541 1541 1702 1574 irritativis
1721 1547 1751 1574 et
1771 1542 1943 1583 cassativis,
1956 1554 2008 1576 re-

1258 1590 1420 1631 vocativis,
1430 1590 1681 1634 praeservativis,
1699 1591 1815 1624 mentis
1826 1592 2009 1625 attestativis

1260 1650 1295 1671 :ic
1314 1639 1591 1681 derogatoriarum
1613 1639 1823 1682 derogatoriis
1843 1640 2007 1681 clausulis,

1260 1688 1524 1732 irritantibusque
1545 1694 1576 1720 et
1595 1688 1666 1721 aliis
1681 1688 1818 1722 decretis
1829 1689 1861 1722 in
1881 1695 2010 1723 contra-

1261 1739 1344 1770 rium
1356 1737 1609 1781 quomodolibet,
1626 1737 1722 1770 etiam
1742 1738 1864 1781 pluries
1879 1749 2011 1773 conces-

1261 1788 1314 1827 sis,
1331 1787 1528 1820 ‹;·‹‘›ufirmatis
1544 1793 1570 1819 ct
1589 1787 1754 1820 innovatis.
1772 1788 1894 1827 Quibus
1910 1789 2013 1822 omni-

1261 1836 1331 1875 bus,
1341 1842 1367 1868 et
1375 1836 1434 1868 iam
1445 1835 1482 1875 si,
1493 1847 1551 1879 pro
1562 1836 1690 1869 illorum
1699 1837 2011 1881 sufficientideroga-

1261 1885 1359 1923 tione,
1370 1885 1407 1917 de
1420 1885 1483 1917 illis
1494 1896 1673 1928 eorumque
1685 1885 1758 1918 totis
1767 1886 1931 1920 tenoribus
1942 1898 2012 1931 spe-

1263 1934 1350 1967 cialis
1371 1940 1401 1966 et
1422 1934 1582 1966 individua
1594 1946 1630 1966 ac
1643 1934 1679 1967 de
1690 1935 1786 1967 verbo
1806 1935 1845 1967 ad
1864 1936 2010 1976 verbum,

1263 1994 1325 2015 uon
1347 1988 1453 2015 autem
1471 1994 1528 2027 per
1548 1983 1708 2015 clausulas
1732 1983 1816 2016 idem
1836 1983 2013 2027 importan-

1265 2036 1320 2071 tes,
1343 2032 1462 2065 mentio
1481 2043 1537 2065 seu
1555 2032 1684 2076 quaevis
1704 2032 1765 2064 alia
1783 2033 1944 2076 expressio
1954 2033 2013 2066 ha-

1263 2081 1377 2121 benda,
1390 2086 1443 2113 aut
1458 2081 1564 2124 aliqua
1582 2080 1737 2125 exquisita
1751 2081 1853 2114 forma
1862 2082 2014 2116 servanda

1264 2130 1341 2161 soret
1359 2157 1365 2166 ,
1395 2136 1422 2162 et
1454 2130 1484 2162 in
1505 2130 1550 2163 eis
1575 2135 1742 2163 caveretur
1761 2141 1908 2174 expresse
1927 2131 2015 2175 quod

1266 2179 1326 2211 illis
1351 2180 1534 2211 nullatcnus
1558 2178 1705 2221 derogari
1736 2184 1861 2221 posset,
1889 2185 2016 2213 tenores

1265 2227 1468 2264 huiusmodi,
1493 2239 1529 2260 ac
1549 2228 1573 2259 si
1595 2228 1632 2260 de
1653 2228 1749 2260 verbo
1773 2228 1810 2260 ad
1835 2229 1969 2262 verbum
1985 2234 2018 2262 et

1266 2277 1367 2308 forma
1381 2276 1411 2308 iu
1425 2276 1486 2309 illis
1503 2276 1616 2309 tradita
1628 2276 1790 2309 observata
1812 2277 1922 2310 inserti
1938 2277 2017 2311 suis-

1267 2330 1346 2365 sent,
1370 2324 1473 2357 eidem
1494 2325 1590 2357 Leoni
1613 2325 1852 2368 praedecessori
1873 2337 1930 2369 pro
1951 2328 2017 2360 sus-

1268 2374 1413 2407 tlcicuter
1433 2374 1589 2417 expressis
1609 2374 1801 2414 habentes-¹,
1820 2374 1881 2406 iltis
1892 2374 1971 2408 alias
1984 2375 2018 2408 in

1268 2433 1325 2455 suo
1346 2423 1462 2455 robore
1472 2423 1704 2467 permansuris,
1719 2434 1755 2456 ea
1765 2423 1831 2456 vice
1841 2423 2015 2464 dumtaxat,

1270 2471 1452 2514 specialiter
1472 2477 1499 2503 et
1517 2482 1663 2514 expresse
1693 2470 1867 2515 derogavit,
1889 2477 2018 2505 contra-

1269 2520 1324 2552 riis
1345 2520 1617 2563 quilmscumque,
1639 2526 1691 2553 aut
1713 2521 1738 2553 si
1758 2521 1905 2554 locorum
1930 2521 2018 2554 ordi-

1306 2578 1316 2603 1
1340 2577 1489 2611 Legendurn
1507 2578 1608 2604 forsan:
1634 2578 1755 2612 fuissent,
1779 2581 1844 2604 idem
1866 2579 1913 2604 Leo
1937 2587 2019 2611 prae-

1269 2619 1443 2649 decessor-pro
1458 2617 1620 2651 sufficienter
1637 2621 1763 2651 eapressis
1775 2620 1882 2651 liabens,
1900 2620 1949 2646 illis
1966 2622 2019 2647 etc.

1270 2658 1309 2693 (n.
1326 2656 1375 2692 aa).
