2227 3001
167 225 218 259 An.
236 229 263 259 c.
285 226 352 260 isto

1000 234 1118 258 patritus
1139 235 1172 258 111
1192 228 1239 258 1³1³.

365 296 479 319 eorum
500 283 660 329 quolibet,
679 295 753 318 cum
769 286 1003 327 resewationis‚
1034 287 1119 320 inhi-

363 339 493 372 bitionis
519 345 549 372 et
574 339 695 372 decreti
721 350 759 372 ac
783 339 854 372 aliis
879 341 1033 373 clausulis
1060 352 1118 384 op-

364 393 523 437 portunis,
546 392 709 436 expedire,
727 404 764 425 ac
780 392 812 425 in
828 399 858 426 et
874 394 932 426 sub
949 394 1010 426 illis
1031 405 1117 427 com-

363 446 600 490 prehensorum
621 456 919 490 quorumcumque,
942 458 1015 479 cum
1040 458 1118 480 cura

363 505 392 533 et
412 499 480 532 sine
506 511 604 540 cura,
628 499 843 532 saecularium
860 507 889 533 et
904 501 1115 543 regularium,

362 553 598 597 cuiuscumque
615 552 777 596 qualitatis
790 553 1004 595 existentium,
1020 555 1117 587 bene-

361 606 512 639 ficiorum
555 606 847 640 ecclesiasticorum
891 609 1115 647 assecutione,

361 660 623 702 quibuscumque
643 659 725 699 aliis,
748 660 844 693 nullis
866 671 998 704 prorsus
1013 661 1117 703 (prae-

360 717 507 755 terquam
530 713 560 746 S.
581 712 616 745 R.
641 713 676 745 E.
701 713 936 755 cardinalibus)
963 713 1114 756 exceptis,

359 765 492 798 omnino
513 766 668 809 praeferri
686 766 806 810 pariter
831 772 861 799 et
880 766 1031 799 anteferri
1047 777 1117 810 pos-

360 818 421 851 sint
447 823 478 851 et
498 818 645 851 debeant.
676 819 712 851 Et
737 819 867 861 quaevis
892 819 1113 858 antelationes,

359 871 611 915 praerogativae,
635 871 774 911 decreta,
793 871 1116 911 declarationes,sus-

358 924 530 967 pensiones
541 929 570 957 et
587 925 763 965 clausulae,
782 925 876 957 etiam
890 924 1113 967 derogatorize,

358 976 620 1021 quibuscumque
650 977 719 1010 aliis
757 988 941 1017 concessae,
964 977 1059 1010 etiam
1091 977 1115 1010 si

359 1029 391 1062 in
411 1030 457 1063 eis
482 1035 650 1063 caveretur
677 1041 825 1073 expresse
857 1031 945 1073 quod
971 1030 1033 1063 illis
1059 1041 1116 1073 per

358 1083 420 1115 alia
441 1083 617 1126 privilegia,
641 1083 748 1116 literas
768 1088 798 1115 et
818 1083 942 1115 indulta
968 1082 1115 1126 derogari

358 1136 406 1168 vel
422 1135 553 1168 illorum
571 1136 704 1168 effectus
721 1136 873 1178 suspendi
889 1146 953 1167 non
971 1141 1112 1178 possent,

357 1194 388 1222 et
403 1188 435 1221 in
451 1188 654 1221 assecutione
667 1199 724 1231 per
740 1199 794 1221 eos
811 1188 968 1227 facienda,
981 1188 1115 1231 singulis

357 1240 427 1274 aliis
448 1241 604 1285 personis,
622 1240 717 1274 etiam
739 1240 859 1274 similes
884 1246 939 1274 aut
963 1241 1025 1274 illis
1049 1252 1114 1273 ma-

356 1295 441 1327 iores
467 1294 704 1338 praerogativas
733 1305 792 1338 pro
826 1300 973 1339 tempore
1002 1305 1113 1337 prose—

356 1347 541 1392 quentibus,
580 1348 712 1380 omnino
748 1353 878 1392 possent
905 1353 935 1380 et
960 1348 1111 1381 deberent

356 1400 526 1441 anteferri,
556 1402 731 1445 quominus
756 1401 816 1444 ipsi
846 1401 1055 1433 referendarii
1082 1401 1112 1433 in

354 1453 544 1488 huiusmodi
577 1465 635 1498 per
661 1466 714 1488 eos
740 1455 886 1487 facienda
912 1455 1112 1487 assecutione

355 1507 498 1552 potiores
524 1508 670 1549 existant,
701 1509 853 1552 cuiquam
881 1509 1110 1551 suffragentur,

356 1561 478 1604 absque
511 1567 619 1595 tamen
659 1562 859 1606 praeiudicio
904 1562 1110 1594 familiarium

356 1614 586 1648 continuorum
622 1615 891 1648 commensalium
926 1620 1110 1648 nostrorum

356 1667 605 1711 descriptorum,
638 1667 768 1712 illorum
796 1667 943 1700 videlicet
972 1667 1027 1710 qui
1053 1678 1111 1710 pro

355 1726 502 1764 tempore
529 1721 758 1764 assumptionis
784 1726 912 1753 nostrae
933 1721 971 1753 ad
993 1721 1110 1753 summi

356 1773 554 1817 apostolatus
573 1774 697 1818 apicem
721 1774 821 1807 nostri
839 1773 1012 1806 familiares
1038 1784 1112 1806 eon-

356 1826 437 1859 tinui
476 1828 709 1860 commensales
747 1827 946 1867 extiterunt,
985 1837 1109 1860 necnon

355 1879 589 1923 quinquaginta
623 1880 761 1913 aliorum
795 1886 866 1923 post
898 1879 1049 1912 ultimum
1075 1891 1111 1913 ex

355 1933 547 1977 supradictis
567 1933 707 1977 antiquis
727 1933 938 1966 familiaribus
968 1933 1110 1978 descrip-

353 1985 393 2018 tis
413 1987 652 2020 adnotatorum.
676 1986 804 2031 Ipsique
833 1987 1043 2020 referendarii
1072 1988 1110 2020 ad

355 2038 614 2072 satisfaciendum
637 2039 859 2072 constitutioni
880 2040 918 2072 de
945 2040 1111 2083 publican-

354 2090 402 2124 dis
428 2092 704 2136 acceptationilms
743 2097 772 2125 et
804 2092 1041 2135 provisionibus
1074 2104 1110 2126 ac

353 2144 416 2178 illis
458 2144 642 2178 intimandis
684 2144 924 2189 possessoribus
970 2157 1025 2179 scu
1066 2146 1111 2179 eis

354 2197 393 2231 ad
431 2197 588 2231 iudicium
628 2199 822 2239 evocandis,
859 2210 919 2243 pro
963 2205 1109 2244 tempore.

354 2251 505 2293 edendis,
542 2252 674 2286 minime
716 2258 906 2293 teneantur,
943 2254 997 2286 sed
1039 2258 1109 2286 tan-

353 2309 421 2337 tum
457 2315 572 2338 novam
607 2305 822 2349 prfwisionem
847 2318 865 2339 a
894 2306 944 2339 die
979 2307 1109 2340 notitiae

353 2358 528 2392 vacationis
555 2359 685 2392 illorum
712 2359 832 2393 habere
854 2361 1002 2401 debeant,
1026 2372 1108 2403 quae

352 2411 431 2444 alias
452 2412 631 2456 diligentias
653 2413 722 2446 fieri
751 2414 948 2447 necessarias
968 2425 1005 2447 ac
1025 2414 1109 2448 defe-

354 2465 424 2494 ctus
458 2462 606 2505 suppleat
635 2462 851 2506 indulgemus.
889 2464 926 2496 Et
966 2464 1108 2507 insuper,

354 2520 429 2542 cum
455 2510 590 2553 singulis
616 2512 842 2545 referendariis
862 2524 899 2545 ac
920 2512 989 2546 aliis
1014 2523 1108 2557 prae-

353 2557 446 2591 dictis
464 2586 471 2599 ,
500 2564 535 2592 ut
564 2571 791 2603 quaecumque
825 2566 966 2604 quatuor
998 2567 1108 2594 curata

353 2616 409 2643 seu
431 2607 508 2642 alias
529 2607 662 2642 invicem
696 2609 949 2655 incompatibilia
979 2616 1009 2644 et
1039 2621 1108 2644 sae-

1808 224 1867 261 0291

1164 288 1285 320 cularia
1304 314 1311 327 ‚
1347 293 1403 320 aut
1432 297 1506 321 cum
1532 297 1598 320 uno
1634 288 1682 320 vel
1710 288 1837 321 duobus
1864 296 1919 322 ant

1164 341 1265 374 tribus
1285 352 1321 374 ex
1341 341 1398 381 eis,
1422 352 1477 374 seu
1493 342 1615 384 absque
1631 341 1704 381 illis,
1724 353 1826 375 unum
1844 354 1919 375 cuin

1163 406 1241 427 cura
1257 395 1303 427 vel
1329 394 1396 427 sine
1418 406 1508 435 cura,
1532 394 1562 428 S.
1586 395 1749 428 Benedicti
1770 397 1817 429 vel
1841 396 1919 429 San-

1162 447 1202 479 cti
1223 447 1392 490 Augustini
1413 453 1468 480 aut
1488 447 1628 480 cuiusvis
1648 448 1792 488 alterius,
1822 449 1919 482 etiam

1161 501 1397 541 Cluniacensis,
1421 501 1653 542 Cisterciensis,
1677 502 1918 535 Praemonstra-

1161 554 1258 586 tensis
1277 555 1324 586 vel
1346 554 1643 587 Grandimontensis
1672 553 1800 587 Ordinis
1824 566 1918 599 regu-

1162 606 1247 645 laris,
1264 617 1390 639 necnon
1406 618 1633 651 quaecumque
1649 607 1710 640 alia
1727 607 1786 640 tria
1802 608 1918 641 similia

1160 659 1207 691 vel
1239 659 1414 699 dissimilia,
1443 661 1502 693 sul)
1531 660 1666 703 singulis
1696 661 1798 694 tribus
1828 661 1918 694 tectis

1160 722 1443 756 quarumcumque
1474 714 1571 746 trium
1600 714 1811 747 ecclesiarum
1842 725 1917 748 con-

1160 765 1320 805 sistentia,
1349 767 1505 799 beneficia
1532 767 1769 808 ecclesiastica,
1792 768 1916 801 etiamsi

1159 818 1219 850 sub
1248 817 1368 851 eisdem
1403 819 1493 851 tectis
1527 819 1752 860 consistentia,
1782 821 1917 854 canoni-

1159 876 1249 903 catus
1277 877 1307 904 et
1340 872 1549 915 praebendas,
1572 884 1608 905 ac
1637 878 1700 905 tam
1734 874 1789 906 illa
1818 885 1916 917 quam

1159 923 1413 967 incompatibilia
1433 925 1623 965 saecularia,
1641 926 1822 968 dignitates,
1845 937 1917 970 per-

1158 982 1306 1017 sonatus,
1339 977 1631 1010 administrationes
1663 979 1710 1011 vel
1744 979 1850 1012 officia
1884 979 1916 1012 in

1158 1030 1408 1070 cathedralibus,
1433 1030 1528 1063 etiam
1560 1031 1816 1075 metropolitanis
1845 1038 1917 1077 post

1158 1083 1360 1125 pontificales
1381 1083 1535 1124 maiores,
1568 1095 1623 1117 seu
1651 1085 1827 1128 collegiatis
1861 1097 1914 1120 ec-

1158 1136 1263 1169 clesiis
1279 1137 1466 1169 huiusmodi
1494 1138 1707 1181 principales,
1731 1143 1786 1171 aut
1805 1137 1865 1171 tria
1877 1149 1914 1172 ex

1158 1188 1234 1232 ipsis
1257 1189 1554 1234 incompatibilibus
1574 1191 1794 1224 saecularibus
1814 1192 1913 1225 bene-

1157 1242 1238 1275 ficiis
1258 1244 1460 1286 parochiales
1476 1244 1630 1277 ecclesiae
1650 1245 1698 1277 vel
1719 1255 1831 1277 earum
1842 1255 1913 1289 per-

1157 1301 1273 1337 petuae
1293 1296 1447 1337 vicariae;
1475 1296 1636 1339 regularia
1661 1307 1736 1330 vero
1756 1297 1913 1330 beneficia

1157 1348 1355 1390 huiusmodi,
1374 1350 1549 1393 prioratus,
1568 1350 1804 1394 praepositura,
1829 1361 1913 1394 prae-

1158 1400 1330 1443 positatus,
1359 1402 1513 1445 dignitas,
1543 1407 1750 1445 personatus,
1779 1402 1915 1436 admini-

1156 1454 1265 1487 stratio
1285 1455 1333 1488 vel
1355 1457 1498 1489 ossicium
1519 1467 1575 1489 seu
1595 1456 1670 1489 talia
1700 1456 1821 1489 mixtim
1843 1457 1914 1490 fue-

1157 1506 1230 1539 rint.
1270 1508 1307 1540 Et
1340 1509 1379 1541 ad
1414 1509 1607 1552 prioratum,
1639 1509 1911 1553 praeposituram,

1156 1561 1410 1603 praepositatum
1427 1589 1433 1602 ,
1470 1563 1640 1605 dignitates
1655 1589 1663 1603 ,
1698 1568 1890 1606 personatus
1903 1590 1910 1603 ,

1155 1613 1450 1649 administrationes
1491 1617 1539 1649 vel
1578 1616 1683 1649 officia
1725 1616 1912 1649 huiusmodi

1156 1669 1383 1702 consueverint
1409 1670 1464 1713 qui
1485 1680 1544 1714 per
1563 1670 1754 1703 electionem
1776 1669 1909 1711 assumi,

1155 1720 1265 1763 eisque
1293 1733 1371 1755 cura
1396 1722 1563 1755 immineat
1591 1722 1787 1763 animarum,
1815 1722 1840 1755 si
1867 1724 1912 1756 eis

1154 1773 1232 1807 alias
1253 1775 1408 1809 canonice
1429 1777 1639 1809 conferantur
1663 1782 1718 1809 aut
1738 1777 1909 1820 eligantur,

1154 1833 1402 1869 praesententur
1421 1830 1469 1862 vel
1485 1830 1562 1862 alias
1578 1835 1785 1863 assumantur
1803 1830 1842 1863 ad
1858 1829 1913 1862 illa

1154 1885 1185 1911 et
1204 1879 1413 1915 instituantur
1432 1882 1464 1914 in
1485 1883 1542 1923 eis,
1566 1882 1722 1926 recipere.
1741 1883 1778 1915 Et
1798 1894 1912 1916 saecu-

1154 1932 1233 1966 laria
1258 1934 1289 1967 in
1311 1934 1453 1975 titulum,
1472 1946 1509 1968 ac
1530 1936 1678 1978 regulare
1695 1936 1726 1968 in
1743 1946 1911 1970 commen-

1154 1985 1227 2018 dam
1247 1987 1306 2020 sub
1327 1987 1447 2020 eisdem
1469 1988 1561 2021 tectis
1582 1988 1799 2030 consistentia,
1822 1989 1910 2022 vide-

1153 2038 1238 2079 licet,
1272 2040 1297 2073 si
1326 2041 1453 2083 singula
1482 2041 1614 2074 illorum
1648 2041 1858 2075 canonicatus
1882 2047 1913 2075 et

1153 2093 1356 2134 praebendae
1382 2099 1437 2126 aut
1470 2094 1602 2127 totidem
1628 2094 1814 2137 dignitates,
1837 2105 1911 2139 per-

1154 2151 1308 2187 sonatus,
1337 2146 1630 2180 administrationes
1663 2148 1710 2180 vel
1731 2147 1845 2188 officia,
1871 2148 1911 2180 ad

1152 2209 1274 2231 annum
1300 2210 1317 2232 a
1338 2200 1388 2232 die
1409 2199 1535 2233 habitae
1557 2211 1614 2244 per
1633 2211 1688 2233 eos
1708 2200 1839 2234 illorum
1856 2212 1911 2245 pa*

1153 2252 1263 2285 citicae
1289 2254 1501 2297 possessionis
1535 2256 1791 2298 computandum
1814 2256 1910 2288 dum-

1153 2310 1248 2346 taxat;
1271 2307 1296 2339 si
1316 2318 1391 2340 vero
1417 2308 1478 2341 alia
1498 2308 1629 2349 fuerint,
1658 2308 1711 2342 illa
1731 2320 1767 2342 ac
1789 2308 1910 2343 incom-

1152 2359 1296 2403 patibilia
1339 2362 1542 2404 saecularia,
1583 2374 1709 2397 necnon
1748 2363 1909 2407 regularia

1152 2413 1309 2447 beneficia
1329 2415 1530 2456 huiusmodi,
1554 2416 1660 2459 quoad
1685 2417 1829 2458 vixerint,
1857 2428 1908 2450 re-

1152 2462 1266 2503 tinete,
1282 2463 1399 2507 illaque
1415 2464 1525 2498 omnia
1541 2465 1635 2498 simul
1650 2467 1696 2498 vel
1715 2467 1906 2507 ascensam

1152 2510 1343 2556 simpliciter
1373 2514 1422 2546 vel
1448 2525 1483 2547 ex
1511 2526 1607 2548 causa
1632 2515 1880 2558 permutationis
1897 2541 1905 2557 ,

1151 2561 1276 2604 quoties
1305 2563 1350 2596 eis
1375 2564 1546 2608 placuerit,
1560 2564 1720 2598 dimittere
1746 2570 1777 2597 et
1802 2564 1907 2598 eidem

1152 2612 1362 2646 commendae
1379 2613 1505 2656 cedere,
1528 2624 1575 2656 ae,
1597 2614 1668 2647 loco
1689 2612 1838 2649 dimissae
1858 2614 1908 2654 vel

1933 233 1982 264 An.
2001 235 2029 264 C.
2053 227 2121 273 ³500
