2227 3001
238 297 289 323 An.
303 295 332 323 C.
352 297 418 325 ¹595

248 1246 297 1267 laet·
315 1253 324 1273 p
329 1253 376 1267 ‹‹‹‹‹
380 1253 400 1267 s—

312 1279 404 1303 desuper

221 1309 253 1328 fic·
261 1310 264 1328 i
291 1309 402 1330 ccmmastt.

428 352 581 386 ecclesiae
593 352 806 394 Florentinae,
824 358 1061 386 considerantes
1076 353 1176 396 ipsius

427 406 578 438 Antonini
593 406 825 450 archiepiscopi
838 407 916 439 vitae
932 405 1175 439 sanctimoniam

424 464 540 502 quotve
569 465 599 492 et
624 459 742 504 quihus
770 459 951 499 miraculis,
978 459 1095 492 tamin
1114 458 1175 491 vita

424 522 521 554 quam
550 517 619 555 post
645 518 794 551 mortem,
825 513 985 545 claruerat
1003 518 1034 545 et
1052 512 1084 545 in
1109 512 1175 546 dies

424 565 588 605 clarebat3
624 566 907 607 desiderantesque
940 565 1067 609 ipsum,
1088 565 1174 599 iuxta

424 628 546 651 morem
567 625 597 651 et
617 618 715 651 ritum
736 623 864 651 sanetae
879 619 1041 652 Romanae
1062 620 1173 653 Eccle-

423 672 500 709 siae,
515 671 764 704 canonizationis
786 670 938 714 dignitate
958 673 1172 716 praefulgere,

423 734 459 756 ae
500 731 684 757 sanctoruni
718 736 856 758 numero
895 730 922 758 et
952 726 1096 768 catalogo
1122 737 1174 767 ag·-

421 777 558 819 gregari,
589 778 658 820 piae
680 778 855 812 memoriae.
880 778 977 811 Leoni
1002 779 1105 823 Papae
1133 780 1171 821 X,

421 830 598 862 secundum
626 841 755 864 carnem
787 831 875 864 fratri
900 832 1050 875 patrueli,
1078 833 1172 865 etiam

420 882 659 925 praedecessori
680 889 790 917 nostro
807 884 838 916 in
854 884 937 918 dicta
954 885 1088 918 ecclesIa
1103 886 1172 919 Flo-

421 935 544 968 rentina
564 942 639 969 tune
657 937 813 977 existenti,
830 938 926 970 missa
947 938 1123 981 pontificali
1143 945 1173 972 et

419 988 488 1020 aliis
508 990 644 1032 peractis
664 991 838 1031 solemniis,
865 992 1032 1025 humiliter
1051 993 1172 1035 suppli-

419 1047 533 1074 carunt
557 1048 590 1074 ut
616 1043 774 1085 gloriosae
803 1045 979 1078 memoriae
1013 1045 1087 1078 dicti
1106 1046 1170 1078 An-

419 1094 518 1128 tonini
545 1097 778 1141 archiepiscopi
808 1097 1042 1131 canonizationi
1069 1098 1171 1132 inten-

419 1147 493 1180 dere
513 1147 712 1189 dignaretur.
860 1154 946 1162 ‘'⁴’‘

462 1201 476 1243 ξ
496 1201 525 1233 7.
549 1201 635 1234 Idem
651 1203 713 1235 Leo
729 1204 969 1246 praedecessor,
987 1214 1099 1237 eorum
1116 1205 1168 1248 pio

417 1253 575 1287 desiderio
607 1265 750 1288 annuere
783 1257 905 1296 volens,
941 1258 1065 1290 dilectis
1096 1258 1168 1291 siliis

417 1307 574 1348 magistris
599 1307 714 1341 Iacobo
734 1309 923 1353 Symonetae
945 1316 976 1343 et
997 1311 1166 1344 Guillelmo

416 1359 602 1399 Cassadoro,
616 1361 743 1399 nostris,
757 1367 834 1396 tunc
845 1362 945 1406 ipsius
954 1363 1066 1396 Leonis
1078 1375 1166 1407 prae-

415 1413 821 1457 decessoris,cappellanis,
834 1421 862 1448 et
875 1427 1043 1449 causarum
1058 1417 1166 1450 Palatii

416 1466 589 1508 Apostolici
606 1466 807 1501 auditoribus
833 1468 1037 1502 commiserat
1058 1475 1092 1502 ut
1107 1470 1165 1513 ipsi

416 1524 443 1550 et
465 1518 598 1560 quilibet
617 1530 730 1552 eorum
751 1520 789 1553 de
810 1521 974 1554 sanctitate
1000 1522 1079 1555 vitae
1113 1534 1166 1556 cc-

415 1571 554 1614 terisque
579 1571 750 1605 virtutibus
776 1578 806 1605 et
831 1573 995 1607 miraculis
1024 1575 1165 1608 eiusdem

416 1624 564 1657 Antonini
593 1625 827 1669 archiepiscopi
862 1637 894 1659 se
928 1627 1095 1670 diligenter
1121 1629 1167 1662 in—

416 1678 602 1718 formarent3
614 1679 756 1712 ethabita
772 1681 928 1723 superbis
940 1682 1165 1716 informatione

417 1737 553 1770 matura,
567 1731 624 1774 ipsi
635 1732 731 1765 Leoni
748 1733 988 1776 praedecessori
1010 1735 1041 1767 in
1063 1736 1167 1769 consi-

417 1784 514 1817 storio
526 1795 584 1817 suo
600 1791 722 1818 secreto
740 1786 877 1819 fideliter
892 1787 1059 1828 referrent,
1078 1795 1111 1821 ut
1127 1790 1165 1823 de

417 1836 549 1869 fratrum
567 1849 700 1871 suornm
713 1839 868 1879 consilio,
882 1841 921 1873 ad
938 1841 1166 1884 omnipotentis

417 1889 469 1922 Dei
496 1890 636 1927 laudem,
666 1893 791 1925 efficere
813 1899 917 1936 posset
939 1905 1021 1936 quae
1042 1900 1166 1928 saneto-

417 1954 488 1975 rum
524 1949 651 1986 patruni
680 1945 826 1987 dogmata
855 1951 883 1978 et
910 1951 1095 1979 sanctorum
1116 1959 1166 1980 ca-

417 2006 537 2028 nonum
571 1996 796 2037 institutiones,
834 2010 959 2031 necnon
992 1999 1110 2033 iustitia
1136 2007 1163 2033 et

415 2048 585 2081 christiana
607 2050 720 2083 caritas
745 2051 918 2093 postularet
940 2057 1034 2094 atque
1060 2053 1166 2095 requi-

414 2108 509 2134 reret.
533 2102 676 2145 Cumque
706 2103 867 2136 auditores
892 2104 1037 2148 praefati,
1060 2106 1099 2138 ad
1119 2106 1166 2139 in-

415 2153 618 2196 quisitionem
652 2156 902 2199 praemissorum
935 2158 1161 2200 procedentes,

416 2206 557 2240 articulis
582 2215 612 2240 et
636 2208 888 2251 interrogatoriis
911 2209 1002 2249 datis,
1029 2222 1064 2243 ac
1090 2211 1166 2244 cita-

417 2265 500 2298 tione
512 2264 651 2307 legitima
668 2266 889 2308 praecedente,
908 2268 1068 2311 sexaginta
1084 2269 1165 2302 duos

416 2327 509 2354 testes
537 2332 646 2355 coram
674 2322 718 2355 eis
744 2323 917 2366 productos
943 2325 1161 2369 recepissent,

416 2390 546 2422 eosque,
559 2380 685 2423 praevio
707 2380 899 2419 iuramento,
919 2383 1161 2423 examinassent,

1024 300 1201 325 BL'LLARIL'M
1225 297 1374 325 Romnum

1215 352 1305 385 nium
1326 353 1564 394 Sacraniorum,
1580 354 1774 387 canonicum
1794 352 1896 388 dictae
1916 364 1968 387 ec-

1216 405 1328 438 clesiae
1363 406 1564 440 Florentinae
1583 434 1590 447 ,
1625 418 1661 440 ac
1694 407 1897 441 Leonardum
1927 407 1967 440 de

1215 457 1447 499 Guasconibus,
1470 464 1545 493 tunc
1565 460 1718 493 vicarium
1745 459 1886 504 episcopi
1906 460 1964 494 Fe-

1215 510 1319 543 snlani
1347 511 1379 544 in
1404 511 1623 555 spiritualibus
1643 514 1839 557 generalem,
1867 513 1965 547 dicto-

1215 569 1321 596 torum
1342 564 1527 598 auditorum
1546 567 1631 606 loco,
1658 567 1689 599 in
1715 578 1809 600 causa
1831 566 1963 600 caneni-

1213 616 1346 650 zationis
1369 617 1555 652 huiusmodi
1581 620 1826 662 subrogaverat,
1854 621 1962 663 cisque

1214 669 1417 703 commiserat
1451 677 1481 704 et
1509 673 1713 706 mandaverat
1745 679 1779 706 ut
1813 673 1885 716 ipsi,
1915 675 1963 707 vel

1214 723 1277 755 duo
1297 729 1351 756 aut
1372 735 1455 757 unus
1471 735 1596 765 eorum,
1614 726 1652 758 ad
1669 726 1855 759 ulteriorem
1871 737 1962 770 prae-

1214 775 1384 809 missorum
1409 776 1649 820 inquisitionem
1675 779 1897 822 procederent,
1925 791 1962 812 ac

1213 834 1306 863 testes
1326 830 1519 874 reciperent,
1550 842 1727 874 eorumque
1747 832 1963 866 attestationes

1211 893 1246 914 ac
1280 883 1496 926 depositiones
1530 890 1560 917 et
1594 885 1701 918 omnia
1734 884 1795 918 alia
1828 891 1896 919 acta
1930 886 1963 920 in

1211 935 1336 979 scriptis
1364 937 1501 970 fideliter
1527 938 1666 977 redacta,
1701 939 1759 971 sub
1780 949 1894 972 eorum
1923 940 1963 973 si-

1210 989 1286 1031 gillo
1315 989 1442 1029 clausa,
1473 991 1511 1023 ad
1538 991 1643 1034 ipsum
1669 992 1807 1025 Leonem
1827 992 1961 1035 praede-

1211 1052 1370 1075 cessorem
1395 1043 1604 1077 remitterent.
1757 1049 1766 1052 “
1786 1051 1811 1055 “

1253 1094 1268 1137 ἓ
1288 1095 1319 1128 8.
1341 1096 1468 1139 Ipsique
1493 1097 1656 1140 subrogati
1682 1098 1714 1130 in
1740 1109 1836 1131 causa
1857 1098 1962 1142 inqui-

1210 1254 1391 1296 produetis,
1418 1255 1528 1289 iuratis
1552 1261 1582 1289 et
1606 1256 1804 1297 examinatis,
1826 1268 1863 1291 ac
1883 1269 1960 1301 pro-

1209 1318 1299 1341 cessu
1321 1308 1461 1351 desuper
1480 1308 1616 1342 formato
1628 1315 1656 1342 et
1669 1309 1829 1350 absoluto,
1853 1311 1957 1349 illum,

1209 1360 1267 1393 sub
1293 1372 1404 1393 eorum
1431 1361 1541 1404 sigillis
1567 1363 1726 1403 clausum,
1749 1363 1787 1395 ad
1808 1364 1958 1396 eumdem

1208 1414 1345 1446 Leonem
1383 1415 1662 1458 praedecessorem
1702 1416 1908 1456 remiserant;
1930 1422 1961 1450 et

1208 1467 1383 1500 successive
1417 1467 1581 1501 nonnullis
1613 1468 1683 1502 aliis
1714 1469 1859 1510 testibus,
1894 1475 1958 1502 tam

1208 1530 1264 1562 per
1285 1521 1461 1563 praefatum
1484 1521 1640 1554 vicarium
1667 1533 1764 1565 quam
1784 1523 1959 1557 nonnullos

1207 1572 1288 1605 alios
1308 1574 1461 1612 notarios,
1489 1574 1526 1607 ad
1554 1575 1774 1618 procuratoris
1793 1575 1897 1609 fidelis
1916 1576 1959 1609 ci-

1207 1626 1493 1660 vitatisFlorentiae
1510 1627 1706 1668 instantiam,
1717 1628 1914 1667 examinatis,
1929 1635 1956 1661 et

1207 1689 1320 1712 corum
1354 1680 1621 1720 attestationibus,
1648 1681 1742 1713 etiam
1776 1682 1835 1715 sub
1855 1681 1958 1724 sigillo

1208 1732 1335 1772 clausis,
1357 1733 1397 1765 ad
1421 1733 1550 1766 eosdem
1571 1733 1734 1767 auditores
1754 1733 1906 1775 remissis,
1929 1741 1958 1768 et

1207 1785 1244 1817 de
1265 1796 1378 1818 eorum
1407 1786 1556 1819 mandato
1578 1798 1636 1830 per
1659 1787 1821 1820 notarium
1843 1798 1957 1822 causae

1207 1838 1238 1870 in
1272 1839 1406 1881 registro
1443 1839 1592 1879 insertis,
1628 1840 1790 1882 praefatus
1808 1840 1954 1882 Iacobus,

1207 1898 1371 1935 praesente
1384 1892 1495 1925 eodem
1508 1892 1690 1932 Guillelmo,
1709 1892 1758 1925 die
1770 1903 1854 1926 nona
1869 1904 1958 1926 men-

1206 1944 1247 1977 sis
1271 1945 1450 1978 decembris
1476 1945 1549 1977 anni
1575 1944 1736 1978 millesimi
1769 1946 1957 1988 quingente-

1207 1997 1277 2029 simi
1311 1997 1524 2037 sextidecimi,
1559 1997 1667 2031 onmia
1700 2004 1729 2031 et
1763 1998 1887 2041 singula
1924 1999 1957 2032 in

1206 2051 1391 2083 huiusmodi
1422 2051 1670 2084 canonizationis
1691 2062 1797 2092 causa,
1820 2057 1884 2084 tam
1905 2063 1957 2085 co-

1206 2116 1274 2138 ram
1295 2104 1351 2144 eis,
1373 2115 1468 2147 quam
1497 2103 1589 2137 dictis
1615 2104 1795 2147 subrogatis
1815 2111 1845 2138 et
1864 2111 1955 2138 nota-

1207 2157 1261 2189 riis
1281 2162 1361 2197 acta,
1384 2157 1519 2190 deducta
1540 2162 1570 2190 et
1590 2157 1733 2201 probata,
1757 2158 1863 2201 plene,
1880 2158 1958 2192 fide-

1206 2210 1278 2243 liter
1296 2216 1325 2243 et
1346 2210 1514 2253 diligenter
1529 2210 1632 2243 eidem
1652 2210 1750 2243 Leoni
1770 2212 1957 2255 praedeces-

1206 2267 1270 2299 sori
1290 2272 1320 2300 et
1339 2272 1465 2300 sanctae
1485 2268 1646 2300 Romanae
1669 2268 1828 2301 Ecclesiae
1855 2269 1958 2302 cardi-

1206 2324 1332 2357 nalibus
1360 2325 1392 2357 in
1423 2324 1611 2358 consistorio
1632 2336 1690 2358 suo
1725 2330 1847 2358 secreto
1872 2330 1957 2358 retu-

1206 2381 1295 2414 lei-at.

1984 298 2034 327 An.
2052 297 2080 326 C.
2099 298 2166 326 ¹523

1989 1102 2012 1123 Et
2021 1105 2159 1125 commissam

1210 1147 1333 1181 sitionis
1352 1149 1539 1182 huiusmodi
1554 1150 1592 1183 ad
1610 1151 1763 1184 ulteriora
1784 1152 1961 1194 proceden-
1975 1138 2098 1185 ἐ’ἑῗῗέιῗιῗιω
2121 1136 2159 1155 ὼ

1209 1206 1266 1241 tes,
1296 1201 1580 1244 quadragintaocto
1607 1203 1739 1237 testibus
1771 1215 1881 1237 coram
1915 1205 1960 1239 eis
1974 1194 2159 1246 ξξῇἷζζῑἻΜωψ

1250 2438 1264 2479 ξ
1284 2438 1315 2471 9.
1338 2438 1404 2476 Qua
1421 2438 1573 2471 relatione
1586 2440 1679 2479 sacta,
1693 2439 1777 2472 idem
1792 2440 1853 2472 Leo
1866 2449 1955 2483 prae-
1970 2445 2154 2504 ἓὲξάὑιίἑιιξξὲζιειιςι

1206 2495 1354 2528 decessor
1373 2507 1443 2528 eam
1459 2497 1567 2529 volens
1587 2496 1739 2530 adhibere
1759 2496 1954 2540 diligentiam
1969 2509 2153 2544 iratus-cantata-

1206 2558 1234 2584 et
1250 2553 1446 2595 gravitatem,
1465 2564 1561 2597 quam
1579 2554 1624 2586 rei
1641 2553 1827 2598 magnitudo
1843 2560 1954 2598 postu·
1970 2539 2154 2591 iissiuiffiissamfe‘-

1207 2609 1306 2649 labat,
1330 2621 1499 2653 processus
1524 2611 1555 2643 in
1580 2611 1680 2654 ipsius
1704 2610 1955 2644 canonizationis
1970 2601 2005 2622 ‘¹¹¹'

1206 2673 1296 2709 negot
1305 2668 1332 2699 io
1351 2667 1447 2700 sartos
1458 2668 1629 2701 venerabili
1644 2668 1732 2713 fratri
1745 2673 1868 2716 nostro,
1878 2674 1954 2703 tunc

417 2436 498 2469 idem
529 2437 590 2469 Leo
625 2438 852 2481 praedecessor
876 2449 912 2471 ex
937 2439 1020 2472 dicta
1041 2439 1164 2473 civitate

418 2493 593 2528 Florentiae
613 2494 651 2527 ad
667 2495 783 2528 almam
801 2495 918 2528 Urbem
940 2501 966 2528 et
988 2497 1164 2529 Romanam

416 2550 543 2584 Curiam
565 2552 667 2585 redire
685 2553 915 2596 proposuisset,
933 2553 1066 2585 dilectos
1082 2553 1165 2586 filios

416 2608 564 2641 loannem
578 2609 622 2641 ,lla
629 2609 705 2641 riam
717 2610 863 2642 abbatem
875 2610 1059 2642 monasterii
1070 2610 1165 2643 Vallis

417 2667 603 2707 Umbrosae,
626 2667 798 2701 fesulanae
822 2666 988 2707 dioecesis,
1017 2673 1046 2699 et
1069 2669 1165 2701 ,hito-
