2227 3001
67 237 117 265 Λη.
135 238 161 264 c.
182 238 246 267 11138
920 235 1037 261 etrus
1054 236 1089 260 111
1108 235 1156 259 rr.
1710 226 1773 261 ⁶269

87 295 206 316 lurisdictio
227 302 249 316 se
267 290 381 331 detur,
400 289 438 322 ad
455 287 607 322 ecclesias
630 287 724 321 etiam
742 287 1021 323 Ss.Pu‹tonii:ui:w
1064 287 1265 321 committere
1294 292 1324 319 et
1350 286 1501 320 mandare
1533 287 1683 330 dignetur
1721 294 1755 321 ut
1787 289 1817 321 in

66 328 251 378 ssi²=ffssi¹.¹1²2.„ie'.¹?÷”.l
267 343 484 381 ctEufemiae,
497 342 683 386 supradicto
693 342 1020 388 archipresbyteratui
1064 341 1214 374 omnibus
1235 346 1262 373 ct
1285 341 1420 384 singulis
1436 341 1641 384 supradictis,
1665 346 1695 374 et.
1716 342 1818 374 omni-

1833 234 1883 262 Ᾰη.
1901 234 1931 261 C.
1951 234 2017 262 1558

78 879 187 901 Clausulae
211 880 249 900 de-

66 913 195 937 rogaturi-ie.

92 1951 211 1974 lurisrlictio
228 1959 250 1973 sc

66 1985 160 2004 extendit
187 1986 250 2005 etiam

65 2019 139 2036 contra

65 2052 154 2074 cunique
198 2046 251 2067 reli-

65 2080 136 2104 giosos
153 2081 172 2098 et
189 2079 252 2105 privi-

65 2110 99 2136 leg
110 2114 164 2131 atos.

186 2022 252 2042 (11105-

66 387 153 408 F‘“''¹¹‘⁰'
266 396 372 429 unitas
392 401 422 429 ct
451 396 665 429 accessorias:
687 407 814 429 necnon
841 398 878 429 ad
910 409 1022 430 omnes

266 449 461 482 habitatores
481 449 649 482 existentes
670 449 701 482 in
727 450 850 483 Franco
872 451 1021 494 supradi-

266 508 334 535 ctae
354 503 520 542 ecclesiae,
544 502 612 545 qui,
625 514 661 535 ex
677 514 772 536 causa
791 504 978 537 huiusmodi
992 510 1022 537 ct

265 556 305 587 ob
326 567 439 589 eorum
451 561 687 599 paupertatem,
701 557 796 589 certis
813 557 1023 602 exemptioni-

264 608 324 641 bus
338 610 564 652 perfruuntur,
582 615 615 642 ut
637 610 676 642 ab
698 611 844 653 expensis
865 616 892 643 et
916 611 1020 643 litium

264 662 461 695 anfractibus
498 663 727 700 subleventur,
751 670 915 708 tamquam
938 664 1022 696 illius

265 716 410 748 membra
430 715 666 759 dependentia,
700 718 886 760 porrigatur
912 723 938 750 et
968 729 1020 750 cx-

265 769 426 806 tendatur,
449 770 627 803 eoneedere
649 776 676 802 et
699 771 807 813 largiri
829 771 988 814 dignetur.

309 823 323 865 ξ
343 822 374 855 8.
397 823 466 855 Non
487 824 689 856 obstantibus
715 825 919 867 praemissis,
943 825 1021 856 alias

266 875 296 907 in
318 876 469 909 omuibus
490 877 592 909 lirinis
613 878 867 915 remanentiluis,
891 878 1020 921 praedi-

266 930 388 974 ctisque
409 931 660 972 obligationibus
681 932 793 965 iuratis
815 937 843 964 et
864 932 896 963 in
919 932 1020 963 forma

264 983 416 1017 Gamerae
438 985 619 1024 celebratis,
638 985 724 1017 seriis
741 985 867 1017 indictis
880 990 906 1017 et
925 985 1019 1017 etiam

266 1037 466 1077 indicendis,
490 1043 517 1070 et
541 1039 655 1071 ceteris
675 1039 745 1070 aliis
766 1039 797 1070 in
819 1039 1019 1071 contrarium

266 1090 456 1124 facientibus
471 1091 745 1135 quibuscuinque3
767 1097 794 1123 et
817 1092 902 1135 quod
924 1103 1022 1135 super

265 1144 449 1187 praemissis
470 1145 622 1177 omnibus
638 1150 668 1177 ct
684 1145 818 1188 singulis
834 1145 944 1178 literae
962 1146 1020 1178 sub

266 1198 399 1241 plumbo
417 1199 559 1243 expediri
573 1198 707 1242 possint,
727 1204 845 1232 statum
862 1205 889 1232 et
908 1199 1019 1232 merita

266 1262 437 1284 causarum
451 1252 638 1285 etomnium
658 1263 694 1285 ac
714 1252 916 1296 singulorum
937 1264 1020 1296 pra>—

266 1304 452 1345 missorum,
467 1305 597 1338 nomina
615 1311 642 1338 ct
665 1306 859 1349 cognomina
877 1306 1020 1340 iudicum

266 1362 295 1388 ct
323 1358 588 1401 collitigantium,
620 1359 854 1399 obligationum
884 1360 1018 1396 formas,

265 1420 388 1451 causas,
406 1412 503 1450 bona,
530 1413 774 1456 resigiiatioiws,
799 1413 1021 1446 confirmatio-

265 1475 322 1496 ncs
341 1464 503 1498 dictorum
518 1466 693 1505 bonorum,
713 1466 926 1509 omniumque
943 1467 1022 1499 alio-

265 1529 337 1550 rum
359 1519 411 1552 hie
440 1520 477 1552 de
512 1520 700 1553 necessitate
735 1521 1021 1563 exprinnnnlorum

266 1577 393 1605 tenores
414 1584 472 1616 pro
497 1574 696 1606 sullicienter
711 1575 869 1617 expressis
886 1575 1019 1607 babens.

309 1626 352 1659 De
379 1627 530 1659 mandato
558 1627 591 1659 D.
616 1628 650 1659 N.
675 1628 778 1671 Papae
808 1628 892 1661 idem
924 1629 959 1660 P..
984 1628 1018 1660 D.

266 1679 438 1713 cardinalis
468 1687 498 1713 ct
524 1681 577 1713 alii
607 1681 730 1714 iudices
758 1682 955 1725 procedant,
987 1687 1020 1714 ut

266 1733 398 1776 petitur,
422 1734 510 1767 feriis
530 1745 594 1767 non
616 1735 828 1767 obstantibus.

555 1789 672 1821 PIUCQi.
694 1790 729 1821 Α.
838 1784 843 1788 -

462 1842 587 1885 (Papae
605 1843 823 1885 subscriptio).

311 1894 325 1937 ᾗ
346 1894 376 1928 9.
405 1895 591 1928 Beatissimo
612 1896 716 1928 Pater.
740 1895 890 1934 Quamvis
911 1896 1022 1928 ereda-

266 1952 320 1980 tur
344 1949 431 1991 quod
452 1949 488 1982 R.
502 1949 538 1981 D.
559 1949 661 1982 (luido
679 1950 846 1988 Ascanius,
865 1950 919 1992 qui
937 1961 1022 1982 nunc

266 2002 469 2044 supradictae
498 2003 649 2036 basilicae
679 2003 937 2046 arcliil‘sresbyter
961 2003 1024 2035 cxi-

267 2055 319 2087 stit
338 2055 369 2087 in
390 2056 453 2088 vim
475 2057 706 2099 praeinsertae,
730 2057 836 2100 spioad
858 2057 964 2089 onmia
995 2062 1022 2090 ct

267 2108 405 2152 singula,
417 2109 511 2143 ctiam
526 2110 643 2143 iudicia
656 2110 831 2147 executiva,
846 2116 953 2153 prout,
969 2122 1024 2155 po-

267 2167 348 2194 terat
378 2163 561 2206 pracdictus
588 2164 624 2197 R.
652 2164 825 2197 cardinalis
855 2165 1025 2197 Farnesius

267 2216 457 2258 procedere,
470 2218 573 2250 facere
586 2223 614 2250 et
626 2218 738 2261 exequi
750 2218 861 2262 possit;
872 2224 976 2251 tamen
992 2224 1023 2250 ut

267 2270 372 2302 omnis
392 2270 559 2304 haesitatio
577 2277 607 2304 et
627 2272 773 2305 dubietas
790 2272 934 2311 tollatur,
948 2278 975 2305 et
992 2278 1025 2305 ut

267 2334 307 2355 nc
328 2324 429 2367 magis
455 2336 514 2358 suo
549 2337 645 2368 quam
676 2326 712 2359 R.
747 2326 919 2359 cardinalis
949 2327 1024 2358 Far·

268 2378 347 2410 nesii
369 2383 515 2423 tempore
536 2384 599 2411 tam
621 2380 769 2413 canonici
791 2385 818 2413 ct
842 2380 1023 2424 capitulum

267 2439 364 2470 quain
386 2439 499 2461 omnes
519 2429 573 2461 alii
594 2434 622 2461 et
644 2429 761 2472 singuli
784 2434 928 2462 oratores
944 2440 1025 2472 prse‘

267 2478 343 2510 dicti
364 2489 422 2521 per
448 2478 569 2510 diversa
591 2477 764 2510 tribunalia
785 2479 1022 2514 distrahantur,

268 2527 935 2571 SanctitatiVestraehumilitersupplicant
953 2538 1026 2559 ora-

268 2581 352 2609 tores
369 2575 524 2619 praedicti
542 2580 701 2619 quatenus
718 2576 822 2609 cidem
843 2577 878 2609 R.
902 2576 936 2609 D.
955 2576 1026 2609 Gui-

268 2625 342 2658 doni
373 2624 529 2665 Ascanio,
561 2626 718 2658 moderno
747 2626 1026 2669 archipresbytero

1063 395 1123 426 bus
1144 400 1171 427 et
1198 406 1255 439 per
1276 395 1382 428 omnia
1397 422 1404 433 ,
1429 394 1561 438 perinde
1582 406 1617 427 ac
1640 395 1664 427 si
1695 395 1816 429 ezedem

1064 448 1271 491 praeinsertac
1300 448 1356 481 sibi
1386 448 1506 482 directe
1526 459 1562 481 ac
1588 459 1646 492 per
1670 448 1818 481 domina-

1064 501 1184 534 tionem
1206 513 1297 534 suam
1314 502 1613 535 reverendissimam
1630 502 1819 545 impetratae

1064 554 1219 594 fuissent,
1243 555 1389 598 partibus
1411 555 1563 587 iustitiam
1590 555 1815 593 ministrando,

1065 608 1217 649 procedat
1237 613 1349 641 eontra
1370 620 1613 652 quoscumque,
1635 608 1818 652 quomodo-

1064 660 1136 692 libet
1160 660 1376 704 privilegiatos
1397 669 1424 694 et
1447 667 1622 705 exemptos,
1651 662 1746 695 ctiam
1768 673 1818 695 re-

1065 713 1205 755 ligiosos,
1220 725 1256 747 ac
1268 715 1363 747 etiam
1376 716 1570 748 tamratione
1582 715 1817 749 beneficiorum

1064 772 1090 798 et
1118 777 1288 808 censuum,
1303 779 1399 811 quam
1414 769 1607 812 pensionum
1629 774 1659 802 et.
1684 780 1819 813 respon-

1063 820 1190 852 sionum
1213 821 1276 853 vini
1307 822 1345 854 ad
1376 827 1520 855 oratores
1544 823 1719 866 respective
1740 833 1820 866 quo—

1064 874 1463 918 modolibetspectantium
1481 880 1509 908 et
1523 876 1765 919 pertinentium,
1782 887 1818 908 ac

1063 927 1122 959 alia
1161 939 1368 972 quacumque
1409 929 1578 961 occasione
1614 930 1661 962 vel
1700 940 1817 969 causa,

1063 980 1158 1012 etiam
1180 981 1203 1012 si
1226 981 1264 1013 de
1286 992 1399 1014 corum
1420 982 1494 1014 totis
1514 983 1682 1016 tenoribus
1697 983 1749 1016 hic
1765 983 1820 1016 ha-

1064 1033 1165 1065 benda
1188 1034 1269 1067 soret
1286 1035 1408 1067 mentio
1430 1035 1589 1079 specialis.

1107 1087 1121 1129 ξ
1148 1087 1195 1120 to.
1219 1088 1297 1120 Cum
1330 1094 1484 1131 potestante
1516 1089 1634 1121 citandi
1670 1095 1698 1122 et
1734 1090 1818 1122 inhi-

1063 1140 1157 1172 bendi
1179 1152 1307 1174 necnon
1328 1152 1343 1174 a
1367 1143 1513 1175 censuris
1534 1148 1561 1175 et
1585 1142 1697 1186 poenis
1714 1144 1818 1177 eccle—

1063 1208 1071 1223 >
1081 1193 1209 1231 iasticis,
1224 1200 1384 1238 quatenus
1408 1196 1585 1239 oportuerit
1599 1223 1606 1236 ,
1621 1197 1817 1236 absolvendi,

1064 1247 1329 1289 poenitentiarios
1350 1249 1444 1281 etiam
1462 1249 1501 1282 ad
1523 1250 1722 1282 audiendum
1745 1261 1821 1283 con-

1064 1300 1217 1334 tessiones
1238 1302 1435 1335 sufficientes
1455 1308 1483 1335 ct
1506 1302 1642 1336 idoncos
1670 1314 1707 1336 ac
1728 1304 1821 1336 timo-

1064 1360 1149 1386 ratae
1177 1356 1391 1389 eonscientiae
1427 1357 1629 1400 supradictae
1670 1357 1821 1390 basilicae

1063 1408 1251 1451 deputandi,
1270 1410 1361 1447 alios,
1379 1410 1473 1443 etiam
1494 1411 1518 1443 si
1541 1411 1571 1443 in
1594 1411 1647 1444 illa
1668 1411 1706 1444 de
1727 1422 1821 1455 prae-

1064 1462 1142 1494 senti
1160 1462 1344 1501 existerent,
1358 1468 1456 1507 prout
1472 1464 1531 1497 sibi
1546 1464 1718 1505 ridebitur,
1733 1476 1821 1498 amo-

1063 1516 1154 1547 vendi
1190 1522 1217 1548 et
1254 1517 1433 1560 expellendi
1453 1545 1459 1555 ,
1489 1518 1662 1561 omniaque
1696 1519 1757 1551 alia
1791 1524 1819 1551 et

1064 1568 1188 1611 ÷ingula
1213 1570 1369 1607 taciendi,
1400 1571 1569 1604 exercendi
1591 1578 1618 1604 et
1641 1572 1820 1615 exequendi

1065 1623 1095 1654 in
1118 1624 1302 1665 praemissis
1319 1624 1498 1668 necessaria
1520 1630 1548 1657 et
1571 1630 1765 1669 opportuna.

1108 1677 1122 1719 ξ
1144 1676 1157 1708 ‘l
1167 1676 1197 1708 l.
1220 1677 1289 1709 Non
1311 1678 1512 1711 obstantiljuis
1533 1679 1716 1722 praemissis
1743 1690 1821 1712 con-

1065 1729 1284 1763 stitutionibus
1305 1731 1603 1765 etordinationibus
1623 1733 1819 1776 apostolicis,

1065 1784 1143 1828 stylo
1164 1785 1288 1823 Palatii,
1307 1785 1481 1829 privilegiis
1502 1791 1530 1819 et
1548 1787 1818 1830 exemptionibus,

1065 1848 1139 1868 eum
1161 1838 1422 1881 quibuscumque
1444 1839 1614 1877 clausulis,
1638 1840 1734 1873 ctiam
1756 1841 1821 1873 sor-

1066 1890 1195 1923 tissimis
1216 1897 1246 1924 et,
1270 1892 1561 1935 derogatoriarium
1583 1894 1796 1937 dcrogatoriis
1814 1906 1820 1935 ;

1066 1944 1159 1976 etiam
1191 1944 1222 1977 in
1252 1945 1315 1977 vim
1348 1951 1454 1979 motus
1490 1947 1613 1990 proprii
1653 1959 1709 1980 seu
1745 1949 1823 1981 alias

1065 1998 1307 2040 quomodolibet
1339 1999 1518 2040 concessis,
1542 2001 1722 2045 ceterisque
1751 2001 1823 2034 aliis

1066 2051 1347 2096 ¹luibuscunlqtle3
1365 2058 1396 2085 et
1415 2054 1502 2097 quod
1519 2065 1617 2098 super
1637 2055 1823 2098 praemissis

1066 2105 1217 2137 omnibus
1229 2106 1401 2149 etsingulis
1417 2107 1529 2141 literae
1545 2108 1603 2140 sub
1620 2108 1766 2152 plumbo,
1788 2114 1823 2141 ut

1067 2169 1174 2201 supra,
1196 2159 1338 2202 «impediri
1351 2160 1485 2203 possint.

1110 2212 1152 2245 De
1174 2213 1324 2246 mandato
1345 2214 1379 2245 D.
1403 2214 1439 2247 N.
1463 2215 1580 2258 Papae,
1603 2215 1711 2249 audiat
1738 2216 1819 2250 idem

1068 2266 1102 2298 tt.
1126 2266 1160 2298 D.
1184 2266 1373 2305 cardinalis,
1398 2267 1491 2308 citet,
1514 2269 1666 2310 absolvat,
1689 2270 1821 2314 deputet

1067 2326 1092 2352 et
1118 2320 1269 2362 procedat
1290 2326 1326 2352 ut
1347 2321 1467 2364 petitur
1488 2321 1512 2354 ¹.

1257 2374 1387 2417 (Papae
1406 2376 1597 2420 subscriptio
1606 2377 1627 2420 )

1127 2427 1187 2457 Dat.
1207 2428 1253 2458 die
1270 2428 1308 2458 ⁶23
1325 2429 1506 2467 novembris,
1523 2431 1626 2470 pontis.
1644 2440 1720 2461 anno
1737 2439 1761 2461 v.

1106 2497 1114 2522 1
1138 2496 1253 2523 Cherub.
1273 2496 1392 2532 adiungit
1410 2499 1510 2524 Placet.
1527 2498 1677 2534 Α.(1ι.τ.).

1865 1104 2018 1125 Poenitentinrit

1834 1142 1871 1163 per
1897 1137 2019 1161 arrliipres-

1834 1168 1929 1194 biteruin
1945 1169 1964 1187 in
1986 1169 2018 1187 ili-

1834 1201 1867 1217 cta
1883 1197 1971 1217 basilica
1985 1199 2020 1218 de-

1835 1232 1941 1255 putantum

1849 1689 2019 1717 Quibuscumquc

1837 1727 1878 1740 nou
1914 1721 2021 1741 obsianu-
