2227 3001
74 280 130 308 An.
147 280 176 308 C.
192 280 258 308 {5211

908 277 1047 300 CLExtENs
1073 277 1113 299 vtl
1140 276 1185 299 PP-

1731 260 1765 293 71
1832 266 1883 292 An.
1901 265 1930 292 c.
1950 263 2015 291 im

272 332 397 366 nientes
423 343 461 365 eo
489 331 559 375 ipso
590 331 775 370 incurrant,
798 335 954 373 perpetuo
977 329 1024 361 in-
1068 328 1169 361 dictae
1190 333 1219 360 et
1253 331 1435 371 praesentes
1464 325 1573 357 literae
1603 327 1814 361 concernunt,

269 384 460 419 violabiliter
479 383 639 417 observari
663 383 779 415 debere
805 382 1020 414 decernimus.

315 437 379 480 57.
409 437 545 479 Illasque
573 435 668 467 etiam
696 435 735 466 ad
760 435 840 472 hoc,
864 439 895 466 ut
918 433 1023 466 homi-

68 494 197 531 Et‘teelfflt
213 494 254 516 1¹0-
269 489 371 529 cidae,
393 488 511 528 sicarii,
535 488 658 528 exititii,
680 486 863 525 criminosi,
886 487 1023 519 rebelles

68 526 255 577 iiii'Tiossssntiss'I
267 542 385 585 aliique
402 541 546 581 infames,
561 545 694 584 propter
708 539 881 572 homicidia
892 545 947 572 aut
961 539 1022 571 alia

68 586 254 642 ᾙᾏζξξζιζξῌζξ
267 595 402 628 nefanda
424 605 481 638 per
501 605 555 626 eos
576 598 757 636 perpetrata
781 603 944 627 excessus,
959 591 1021 623 cri-

68 648 201 684 ²¹¹e¹=t¹³i¹¹s
224 648 250 674 ¹¹1
267 646 354 679 mina
374 652 401 678 et
424 645 539 678 delicta
562 645 592 677 in
614 644 812 683 civitatibus,
836 644 945 683 terris,
969 654 1021 675 ca-

67 680 106 700 sed
132 685 145 700 a
164 679 252 706 quibu&

67 715 156 737 cumque
188 713 252 732 ienis
266 699 339 732 stris
359 699 406 732 vel
428 698 505 732 locis
525 708 638 731 eorum
664 708 719 730 seu
749 697 780 729 in
808 696 925 740 quibus
946 701 1021 728 tune

67 741 252 795 {ssffssffess‘sffhgss
263 751 474 784 morabantur
489 750 616 783 banniti
638 755 666 783 et
689 748 907 788 condemnati,
926 748 1019 780 etiam

66 802 128 830 ”⁰¹⁸³
263 803 371 838 habita
391 814 468 847 pace
489 803 528 836 ab
548 803 756 842 haeredibus,
779 802 852 834 filiis
872 812 926 834 seu
949 811 1021 833 con-

262 856 446 900 sanguineis
467 856 648 889 occisorum
681 861 736 888 aut>
761 854 900 899 partium
922 855 1020 886 laesa-

263 920 348 951 rum,
370 920 435 943 non
456 910 561 942 solum
583 920 600 943 a
616 909 696 942 locis
716 906 954 942 circumvicinis
970 917 1019 938 us-

262 974 325 1007 que
345 963 384 996 ad
405 963 640 1007 quinquaginta
659 961 825 1000 nulli-aria,
849 960 901 993 sed
924 959 1018 992 etiam

262 1015 302 1049 ab
322 1015 472 1048 omnibus
493 1020 524 1047 ct
543 1014 677 1057 singulis
692 1013 884 1052 civitatibus,
902 1011 1015 1051 terris,

263 1066 375 1101 eastris
404 1072 435 1099 et
463 1065 561 1107 locis,
585 1066 679 1098 etiam
701 1064 791 1108 regni
817 1070 847 1097 et
877 1063 1018 1108 partium

262 1120 524 1164 praedictorum,
547 1119 639 1152 nobis
665 1124 696 1151 et
723 1118 824 1150 dictae
856 1118 1017 1150 Romanae

81 1194 88 1210 ι
262 1173 422 1206 Ecclesiae
456 1172 712 1216 quomodolibet,
736 1170 872 1203 med-iate
892 1170 939 1203 vel
961 1169 1018 1202 iin-

260 1225 410 1267 mediate,
433 1225 604 1266 subiectis,
627 1224 750 1258 banniti
772 1230 799 1257 et
823 1224 931 1256 exules
955 1223 1015 1255 siut

261 1284 292 1311 et
311 1289 379 1312 esse
399 1284 604 1318 censeantur,
622 1289 681 1312 nec
701 1277 733 1310 in
753 1277 816 1310 illis
831 1287 887 1310 seu
904 1286 1016 1310 eorum

261 1331 382 1376 aliquo,
401 1332 494 1365 etiam
516 1336 681 1375 praetextu
700 1330 838 1364 cuiusvis
853 1329 1014 1369 licentiae,

261 1383 532 1423 salviconductus,
556 1383 774 1424 remissionis,
798 1382 1013 1422 reductionis,

260 1437 472 1470 revocationis
501 1437 547 1470 vel
577 1437 710 1470 alterius
739 1437 859 1480 gratiae
887 1446 1017 1480 percos

261 1491 400 1535 desuper
425 1490 670 1534 quomodolibet
695 1501 753 1535 pro
784 1496 929 1533 tempore
959 1489 1015 1522 ob-

260 1549 387 1584 tentae,
410 1554 535 1577 moram
565 1544 692 1576 trahere
723 1543 866 1586 possint3
890 1548 917 1575 et
939 1542 963 1575 si
985 1542 1016 1574 in

261 1596 306 1630 eis
326 1597 500 1630 resederint
527 1596 574 1629 vel
602 1596 721 1640 reperti
755 1595 887 1635 suerint,
923 1594 1014 1638 capi,

261 1649 394 1682 detineri
417 1655 446 1682 et
464 1649 669 1690 incarcerari,
684 1660 732 1689 ac,
747 1649 832 1681 iuxta
844 1647 1016 1681 criminum

263 1708 294 1735 et
313 1713 502 1735 excessuum
524 1712 651 1746 percos
671 1707 930 1746 perpetratorum
940 1712 1018 1744 qua-

262 1755 383 1788 litatem
422 1761 453 1788 et
489 1755 657 1788 literarum
686 1755 732 1788 Pii
763 1754 1018 1799 praedecessoris

262 1807 447 1841 huiusmodi
469 1813 626 1848 tenorem,
647 1809 706 1841 sub
728 1808 1015 1852 poenisineisdein

262 1861 363 1894 literis
390 1861 567 1901 contentis,
594 1871 653 1905 per
682 1861 834 1894 officiales
862 1860 1015 1900 civitatis,

261 1920 386 1954 terrae,
409 1914 504 1947 castri
529 1915 577 1947 vel
604 1914 664 1947 loci
695 1914 727 1946 in
748 1925 811 1957 qua
831 1915 878 1946 vel
901 1914 931 1946 in
953 1924 1017 1957 quo

262 1967 454 2011 deprehensi
472 1967 591 2000 suerint
604 1994 611 2007 ‚
634 1967 749 2000 debitis
769 1967 881 2011 poenis
908 1967 1016 2010 plecti,

262 2031 319 2053 sen
334 2020 407 2053 inde
421 2021 528 2061 educi,
548 2026 575 2054 et
594 2021 630 2053 ad
649 2021 754 2053 sorum
775 2032 831 2053 seu
852 2020 1016 2060 ofliciales,

262 2073 302 2106 ad
322 2084 403 2117 quos
423 2073 596 2107 eriminum
618 2079 644 2107 et
668 2084 857 2107 excessuum
887 2084 1017 2106 eorum-

263 2126 336 2159 dem
366 2126 492 2169 punitio
525 2127 564 2160 dc
599 2127 667 2159 inre
702 2128 748 2160 vel
784 2127 1018 2159 consuetudine

263 2179 423 2223 pertinet,
446 2180 564 2213 remitti
595 2180 744 2221 debeant,
768 2180 969 2213 extendimus
989 2186 1020 2213 et

263 2232 468 2276 ampliamus.
492 2233 526 2265 Et
539 2233 751 2266 nihilominus
768 2233 940 2276 praemissa
952 2244 1019 2265 oin-

264 2285 318 2318 nia
337 2291 365 2318 ct
387 2286 524 2328 singula,
548 2292 641 2329 prout
664 2297 721 2331 per
740 2286 844 2326 Pium,
868 2287 1017 2326 Paulum,

265 2338 387 2371 Sixtum
402 2365 410 2379 ,
432 2339 547 2372 lulium
569 2345 597 2371 et
620 2341 770 2380 Leonem,
792 2341 1019 2384 praedecesso-

265 2402 317 2425 res
328 2393 498 2436 praelatos,
513 2399 629 2425 statuta
649 2399 679 2425 et
699 2393 856 2433 ordinata,
873 2393 1017 2426 inhibita.

266 2445 394 2478 decreta
415 2451 445 2477 et
466 2445 626 2478 declarata
646 2446 788 2485 suerunt,
802 2446 844 2479 ita
865 2447 1018 2485 utduces,

266 2497 424 2537 barones,
461 2498 682 2539 marchiones,
713 2499 868 2539 comites,
900 2499 1022 2532 domini

266 2551 473 2595 temporales,
496 2551 616 2591 vicarii,
636 2551 820 2592 feudatarii,
844 2552 1018 2596 capitanei,

268 2607 444 2643 magnates,
460 2599 634 2644 principes,
648 2602 907 2642 communitates,
926 2602 1019 2641 cives,

269 2646 421 2683 officiales
441 2654 468 2683 et
493 2660 647 2694 personae
660 2661 694 2682 ac
707 2650 772 2691 alii,
786 2651 824 2683 ad
837 2661 918 2694 quos
934 2662 1023 2695 prae-

1066 392 1101 414 ac
1126 381 1268 424 ipsorum
1289 380 1418 423 singuli,
1441 379 1547 413 literas
1572 385 1598 412 et
1622 379 1654 411 in
1674 378 1718 411 eis
1743 389 1817 410 con-

1065 439 1151 466 tenta
1171 432 1355 466 huiusmodi
1376 443 1440 465 non
1466 433 1668 465 observantes
1697 436 1727 463 et
1756 430 1817 462 illis

1065 487 1319 529 quomodolibet,
1330 487 1449 520 directe
1459 487 1505 520 vcl
1517 485 1684 525 indirecte,
1694 490 1817 518 contra-

1063 540 1225 573 venientes
1253 551 1289 574 ac
1319 541 1365 573 eis
1384 541 1614 579 adhaerentes,
1637 548 1816 581 eorumque

1065 594 1204 625 finitores
1232 599 1261 626 et
1291 594 1477 638 complices,
1496 585 1637 637 singulas
1665 602 1815 625 censuras

1064 651 1091 677 et
1114 657 1233 688 poenas
1254 647 1432 690 praedictas
1451 658 1489 680 eo
1511 647 1591 691 ipso,
1614 646 1733 690 absque
1755 644 1815 677 alia

1063 699 1290 741 declaratione,
1314 700 1477 733 incurrant
1499 706 1527 734 ct
1551 697 1722 733 incurrisse
1743 708 1815 733 σειν

1063 758 1194 785 seantnr
1214 753 1252 785 de
1279 764 1370 786 novo.

1105 806 1119 847 ἐξ
1140 807 1170 838 δ’.
1194 806 1348 849 Quodque
1366 807 1475 843 duces,
1489 807 1636 847 barones,
1657 806 1815 841 marchio-

1061 867 1129 895 nes,
1152 857 1296 897 comites,
1315 859 1434 891 domini
1458 860 1487 891 in
1510 859 1752 903 temporalibus,
1771 859 1813 891 vi-

1061 909 1136 941 carii
1173 914 1200 942 et
1236 910 1405 943 seudatarii
1430 911 1609 950 civitatum,
1631 917 1810 951 terrarum,

1061 967 1240 995 castrorum
1262 969 1289 995 et
1313 964 1474 1003 locorum,
1488 964 1582 997 etiam
1600 964 1730 1006 regulet
1742 975 1815 1008 par-

1061 1014 1138 1047 tium
1161 1015 1518 1059 praedictorum,nobis
1534 1017 1674 1050 eteidem
1705 1018 1813 1051 Eccle-

1059 1068 1123 1101 siae
1146 1069 1329 1102 immediate
1350 1070 1584 1111 subiectorum,
1609 1071 1734 1114 aliquos
1755 1082 1812 1104 no-

1060 1127 1141 1155 stros
1154 1128 1183 1155 et
1196 1122 1298 1155 dictae
1309 1123 1471 1156 Ecclesiae
1488 1124 1596 1157 hostes
1617 1129 1645 1157 et
1667 1124 1814 1158 inimicos

1058 1181 1111 1208 aut
1141 1175 1286 1209 subditos
1303 1176 1422 1217 exules,
1436 1176 1585 1210 bannitos
1606 1183 1636 1209 et
1652 1177 1811 1210 facinoro-

1058 1239 1126 1265 sos,
1150 1228 1385 1272 cuiuscumque
1419 1235 1519 1263 status
1545 1231 1592 1263 vel
1620 1230 1812 1263 conditionis

1059 1281 1188 1321 suerint,
1202 1281 1328 1325 publice
1345 1283 1394 1315 vel
1410 1284 1547 1323 occulte,
1570 1283 1636 1316 ullo
1657 1293 1810 1326 nmquam

1059 1339 1215 1378 tempore,
1237 1334 1382 1379 recipere
1393 1341 1421 1368 et
1445 1341 1612 1380 acceptare
1628 1334 1812 1370 nullatenus

1058 1393 1277 1430 praesumant.
1308 1388 1346 1421 Et.
1368 1389 1393 1421 si
1414 1389 1540 1432 aliquos
1560 1389 1599 1422 ad
1620 1400 1732 1423 eorum
1754 1390 1810 1423 do-

1057 1438 1155 1471 minia
1183 1444 1211 1471 et
1249 1439 1408 1473 territoria
1429 1441 1602 1483 confugere
1623 1441 1809 1484 contigerit,

1058 1491 1129 1524 illos
1164 1502 1200 1524 ex
1234 1503 1348 1526 eorum
1384 1493 1535 1527 dominiis
1566 1495 1615 1527 vel
1643 1494 1812 1528 territoriis

1058 1544 1244 1578 huiusmodi
1264 1547 1422 1589 expellere
1437 1574 1444 1587 ,
1467 1557 1523 1580 seu
1558 1547 1596 1580 ad
1631 1547 1811 1592 simplicem

1060 1597 1233 1630 iussionem
1253 1599 1299 1631 vel
1325 1599 1564 1643 requisitionem
1589 1606 1731 1633 nostram
1763 1601 1812 1633 vel

1059 1659 1281 1683 successorum
1308 1657 1505 1692 nostrorum,
1524 1663 1587 1695 quo
1601 1652 1809 1692 voluerimus,

1059 1712 1113 1735 seu
1141 1713 1343 1736 successores
1364 1704 1423 1749 ipsi
1444 1706 1619 1745 voluerint,
1642 1711 1707 1739 tute
1734 1716 1811 1739 con-

1059 1755 1133 1788 duci
1168 1757 1292 1795 sacere;
1315 1768 1350 1790 ac
1385 1758 1470 1800 quod
1505 1759 1680 1801 praemissa
1705 1770 1722 1792 a
1747 1759 1814 1792 suis

1059 1808 1193 1842 subditis
1222 1809 1448 1843 inviolabiliter
1475 1811 1703 1852 observentur,
1727 1812 1812 1845 omni

1060 1862 1263 1895 excusatione
1284 1869 1438 1903 cessante,
1457 1876 1530 1897 cum
1552 1865 1668 1897 ess'ectu
1686 1876 1811 1905 curare,

1060 1915 1118 1946 suli
1139 1915 1298 1948 similibus
1320 1916 1504 1959 privationis
1524 1923 1554 1951 et
1574 1918 1759 1951 rebellionis
1778 1928 1816 1950 ac

1061 1968 1194 2001 crimine
1216 1970 1318 2001 laesae
1341 1970 1514 2003 maiestatis
1535 1971 1663 2014 poenis,
1686 1971 1711 2003 si
1736 1981 1814 2005 con-

1060 2022 1255 2062 t1·afec‹2=ri111,
1279 2034 1315 2055 eo
1337 2023 1405 2066 ipso
1428 2023 1641 2057 incurrendis.

1104 2074 1118 2117 ξ
1138 2073 1169 2105 st.
1197 2074 1340 2115 Necnon,
1364 2081 1396 2107 ut
1418 2075 1611 2116 homicidae,
1630 2078 1769 2111 linitores
1785 2084 1813 2111 et
1849 2090 2014 2112 Communium

1061 2126 1235 2170 complices
1256 2128 1389 2171 praestiti
1418 2129 1542 2162 saiteilius
1567 2130 1637 2174 capi
1657 2136 1686 2163 et
1707 2131 1814 2175 puniri
1830 2122 2014 2179 fisssff'ijjju,¹1'„¹i³ffisss

1061 2180 1200 2223 possint,
1223 2181 1310 2223 quod
1335 2182 1582 2215 communitates
1603 2183 1763 2217 civitatum
1785 2184 2015 2234 el⁵¹³⁰'¹⁹1¹¹e¹¹¹·i¹ia⁶-?J

1061 2232 1284 2267 universitates
1313 2239 1492 2276 terrarum,
1517 2242 1694 2270 castrorum
1717 2244 1745 2271 et
1767 2239 1815 2271 lo-
1830 2220 1964 2272 {g;5„.3‡'32¹·
1991 2225 2016 2266 'vl

1062 2297 1187 2326 corum,
1211 2287 1242 2319 in
1263 2287 1381 2330 quibus
1401 2299 1455 2321 scu
1477 2300 1617 2332 quorum
1640 2291 1813 2330 territorio,
1830 2277 1932 2298 “mmm‘'

1062 2339 1206 2372 districtu
1229 2346 1256 2372 et
1279 2340 1398 2373 ditione
1415 2341 1498 2374 dicta
1514 2343 1687 2376 homicidia
1705 2355 1818 2388 perpe-

1062 2392 1253 2432 trabuntur,
1285 2393 1344 2426 sub
1373 2394 1533 2428 interdicti
1559 2396 1765 2429 ecclesiastici
1787 2401 1815 2430 et

1063 2446 1202 2478 duorum
1238 2445 1376 2479 millium
1410 2451 1468 2491 per
1502 2449 1748 2482 communitates
1781 2461 1818 2483 ac

1064 2499 1150 2530 inille
1167 2499 1358 2532 ducatorum
1372 2511 1430 2543 per
1444 2501 1677 2535 universitates:
1691 2512 1818 2535 necnon

1064 2550 1240 2591 civitatum,
1262 2557 1422 2585 terrarum
1453 2559 1480 2586 et
1512 2554 1658 2587 locorum
1687 2565 1817 2587 eorum-

1064 2604 1136 2637 dem
1165 2604 1346 2645 domicelli,
1370 2606 1524 2647 barones,
1547 2607 1653 2640 vicarii
1682 2613 1734 2640 aut
1764 2607 1819 2641 alii

1065 2653 1096 2685 in
1118 2653 1349 2697 temporalibus
1369 2655 1510 2696 domiai,
1534 2655 1593 2688 sub
1614 2655 1744 2690 maioris
1763 2667 1817 2690 ex«

1849 817 2014 844 tte-reptannhvm

1828 849 1926 869 bannitos
1947 850 2014 875 inipu-

1828 880 1857 899 nit
1882 886 1960 905 poenas
1978 880 2012 900 hic

1828 916 1948 937 expressas.
