2227 3001
103 236 153 263 An.
170 234 199 261 C.
217 233 285 261 15110

99 1146 222 1167 Kissioi-iens
241 1152 282 1166 non

98 1177 235 1204 procuranda
244 1181 283 1197 nee

99 1209 196 1229 vitanda.

113 1843 231 1870 Pmopostu
245 1849 283 1863 au-

100 1876 200 1895 ctoritu.

946 231 1064 257 PAI'LUS
1089 230 1123 257 111
1143 230 1191 257 PP.

300 297 440 330 cumque
460 286 638 319 haereticos
667 297 723 318 seu
752 285 973 319 schismaticos
997 298 1050 318 seu

300 340 395 374 etiam
416 340 455 372 ad
475 339 602 383 quosvis
623 338 745 371 fideles.
763 338 980 377 Quamobrem
997 339 1051 382 qui

299 395 338 427 ad
358 405 417 427 nos
436 392 598 426 accessuri
622 398 696 425 sunt
723 398 753 425 et
777 399 949 435 antequam
975 393 1051 426 huic

298 447 389 480 oneri
400 447 555 479 humeros
570 450 767 490 supponant,
781 445 835 478 diu
848 446 1051 489 multumque

299 501 494 534 meditentur
509 510 548 532 an
565 504 690 532 tantum
706 499 862 543 pecuniae
878 499 1052 543 spiritualis

299 554 331 586 in
356 553 448 586 bonis
473 552 629 592 habeant,
652 557 687 584 ut
706 552 821 585 turrim
848 553 945 589 hanc.
967 552 1050 585 iuxta

298 606 469 640 consilium
503 605 719 645 dominicum,
747 605 869 649 possint
900 616 1052 639 consum-

299 671 399 701 mare3
412 661 473 693 hoc
490 665 534 693 051
551 671 590 692 an
603 659 741 703 Spiritus
756 660 903 700 Sanctus,
914 660 969 702 qui
981 660 1052 693 illos·

298 714 580 759 impellit‚tantum
596 713 659 746 illis
674 713 793 757 gratiae
811 714 1002 757 polliceatur
1018 719 1050 745 ut

298 767 395 801 huius
405 767 581 801 vocationis
596 767 804 811 pondus,Illo
820 767 1001 807 adiuvante,
1020 778 1051 800 se

297 821 419 855 laturos
439 827 585 865 sperent;
608 826 638 854 et
648 826 830 865 postquam,
853 820 988 854 Domino
1002 820 1051 853 iu-

298 874 451 918 spirante,
470 875 546 907 huic
562 875 632 907 Iesu
649 874 764 908 Christi
785 874 916 907 militiae
932 885 1051 907 nomen

297 928 464 969 dederint,
487 928 537 961 die
559 934 723 972 noctuque
749 927 903 960 succincti
924 927 1052 961 lumbos

298 986 328 1014 et
343 981 381 1014 ad
399 986 464 1014 tam
476 981 605 1025 grandis
618 981 714 1014 debiti
731 980 923 1014 solutionem
941 991 1051 1024 prom-

297 1035 343 1078 pti
365 1045 433 1068 esse
449 1035 624 1068 debebunt.

343 1088 357 1131 ἓ
378 1088 408 1120 7.
431 1088 475 1120 Ne
496 1099 559 1132 qua
575 1092 683 1120 autem
699 1087 800 1131 possit
817 1098 885 1120 esse
902 1087 985 1120 inter
995 1098 1053 1120 nos

299 1142 489 1174 missionum
509 1153 545 1174 ac
565 1141 804 1185 provinciarum
825 1140 1051 1174 huiuscemodi

299 1201 353 1228 aut
388 1195 520 1228 ambitio
553 1195 600 1227 101
634 1194 806 1234 detractio,
839 1194 1054 1237 profiteantur

299 1247 416 1291 singuli
429 1259 461 1281 se
476 1258 665 1290 numquam,
682 1246 801 1279 directe
817 1252 869 1279 aut
886 1247 1052 1286 indirecte,

299 1301 338 1334 de
359 1301 544 1334 huiusmodi
565 1300 771 1334 missionibus
786 1300 961 1344 quiequam
979 1312 1052 1334 cum

298 1354 442 1387 Romano
462 1355 618 1388 Pontifice
638 1358 825 1394 curaturos,
848 1354 902 1386 sed
923 1365 1051 1387 omnem

297 1408 381 1441 hanc
397 1419 509 1442 curam
524 1409 588 1442 Deo
604 1413 635 1441 et
651 1408 711 1452 ipsi
721 1408 1052 1452 Pontitici‚tamquam

298 1463 367 1497 eius
377 1463 507 1504 vicario,
521 1469 550 1496 et
566 1462 732 1496 Societatis
743 1462 928 1506 praeposito
943 1463 1053 1495 dimis-

298 1528 403 1551 suros.
421 1518 479 1557 Qui
496 1517 709 1562 praepositus,
730 1517 813 1549 sicut
833 1517 941 1557 ceteri,
958 1517 1053 1550 etiam

299 1572 488 1615 profiteatur
509 1582 541 1604 se
562 1570 642 1603 nihil
662 1571 701 1603 de
721 1570 838 1603 suimet
858 1570 958 1614 ipsius
984 1570 1055 1603 mis-

298 1624 387 1657 sione
408 1624 439 1657 in
460 1625 649 1657 alterutram
665 1628 800 1667 partem,
815 1623 875 1656 nisi
891 1623 930 1656 de
945 1624 1053 1657 Socie-

298 1677 369 1711 tatis
389 1677 535 1717 consilio,
552 1688 626 1711 cum
642 1677 727 1719 dicto
746 1674 902 1710 pontifice
918 1688 986 1711 esse
1002 1688 1055 1710 cu-

298 1736 458 1765 raturum.

342 1785 408 1829 58.
436 1786 574 1818 Voveant
603 1784 721 1827 singuli
755 1795 788 1817 se
819 1783 852 1816 in
883 1784 1052 1823 omnibus,

298 1851 382 1883 quae
408 1840 448 1873 ad
473 1840 613 1882 Regulae
629 1839 726 1871 huius
752 1843 878 1871 nostrae
904 1839 1053 1872 observa-

298 1893 419 1927 tionem
440 1893 573 1933 faciunt,
595 1892 780 1926 obedientes
800 1892 869 1925 fore
888 1892 1054 1926 Societatis

301 1946 494 1991 praeposito.

342 2002 356 2044 ἓ
377 2001 408 2034 9.
431 2001 486 2034 1110
507 2005 613 2033 autem
634 2000 742 2033 iubeat
759 2010 808 2040 ea,
825 2010 909 2044 quae
924 2000 963 2033 ad
979 2010 1054 2033 con-

299 2055 509 2088 structionem
530 2054 686 2099 propositi
707 2053 765 2087 sibi
787 2065 804 2086 a
823 2054 888 2087 Deo
907 2059 937 2087 et
957 2065 974 2087 a
995 2054 1052 2087 So-

299 2108 412 2141 cietate
432 2108 505 2141 finis
521 2107 704 2151 cognoverit
719 2118 787 2141 esse
804 2112 999 2151 opportuna.
1019 2108 1053 2140 In

299 2162 497 2207 praelatione
525 2167 633 2195 autem
668 2172 725 2194 sua
738 2189 745 2201 ,
777 2161 983 2204 benignitatis
1017 2172 1053 2194 ac

300 2215 555 2249 mansuetudinis
580 2215 785 2258 caritatisque
809 2214 944 2253 Christi,
969 2214 1053 2248 Petri

300 2270 455 2314 Paulique
475 2269 632 2302 formulae
653 2279 781 2313 semper
801 2268 840 2302 sit
859 2279 985 2301 memor
998 2296 1005 2307 ,
1024 2274 1053 2301 01

301 2329 363 2356 tam
395 2323 463 2367 ipse
498 2333 595 2366 quam
627 2322 796 2355 consilium
826 2322 865 2354 ad
905 2332 1051 2355 normam

300 2378 384 2410 hanc
401 2376 526 2410 assidue
539 2381 694 2421 spectent.
712 2377 749 2409 Et
763 2376 954 2409 nominatim
967 2387 1052 2409 com-

301 2430 482 2463 mendatam
509 2430 646 2462 habeant
672 2429 905 2463 institutionem
933 2440 1051 2473 puero-

300 2490 373 2512 rum
414 2490 450 2512 ac
477 2478 607 2511 rudium
636 2478 669 2510 in
698 2478 871 2511 christiana
907 2478 1052 2511 doctrina

300 2529 411 2562 decem
433 2532 698 2572 praeceptorum,
721 2533 815 2571 atque
843 2527 981 2560 aliorum
1010 2528 1051 2559 si-

1736 222 1800 255 305

1094 296 1206 317 rorum
1240 296 1276 317 ae
1311 291 1493 328 temporum
1528 284 1589 316 illis
1623 293 1766 326 congrua
1799 286 1843 317 11-

1094 340 1266 372 debuntur.
1282 339 1331 372 Est
1354 339 1437 371 enim
1456 338 1592 371 maxime
1611 338 1842 377 necessarium,

1095 392 1179 425 circa
1206 392 1438 437 providentiam
1465 391 1562 424 huius
1593 391 1651 431 rei,
1675 391 1845 434 diligenter

1096 445 1311 490 praepositum
1334 451 1362 479 et
1383 445 1554 478 consilium
1576 444 1751 487 invigilare,
1770 456 1843 478 cum

1094 504 1121 531 et
1143 499 1174 531 111
1191 498 1344 542 proximis
1361 498 1543 531 aedificium
1560 497 1634 530 fidei
1650 497 1717 530 sine
1734 497 1845 529 funda-

1095 557 1201 585 mento
1222 563 1286 585 non
1303 552 1402 596 possit
1418 562 1622 594 consurgere,
1639 556 1669 583 et
1683 550 1714 583 in
1730 551 1846 583 nostris

1095 605 1275 647 periculum
1293 605 1329 637 sit
1347 616 1396 643 ne,
1418 611 1451 637 ut
1472 604 1608 648 quisque
1629 604 1689 637 erit
1708 604 1844 643 doctior,

1094 658 1135 690 ita
1148 659 1345 702 provinciam
1358 659 1450 698 banc,
1462 664 1626 700 tamquam
1640 657 1745 701 primo
1754 668 1845 700 aspe-

1094 717 1147 744 ctu
1169 712 1276 744 minus
1296 712 1486 756 speciosam,
1515 712 1646 744 forsitan
1668 712 1846 744 detrectare

1095 771 1241 805 conetur,
1261 777 1335 798 cum
1359 771 1464 798 tamen
1484 776 1592 798 revera
1614 765 1702 798 nulla
1718 764 1756 798 sit.
1779 766 1846 798 fru-

1094 818 1290 852 0111051011οΙ
1305 820 1458 863 proximis
1468 820 1505 852 ad
1518 819 1785 857 aedificationem,
1799 820 1847 852 vel

1094 872 1211 904 nostris
1231 873 1270 905 ad
1287 872 1426 905 caritatis
1443 878 1470 904 et
1488 872 1678 904 humilitatis
1693 872 1787 904 simul
1804 872 1849 904 of-

1094 920 1166 953 ficia
1187 922 1375 954 exercenda.
1398 921 1523 954 Subditi
1543 932 1637 960 vero,
1660 927 1727 953 tum
1749 931 1848 964 prop-

1094 977 1142 1003 ter
1159 971 1169 998 1
1184 982 1363 1014 numquam
1380 971 1454 1003 satis
1474 971 1639 1003 laudatum
1661 970 1849 1003 humilitatis

1094 1020 1259 1053 assiduum
1275 1020 1475 1059 exercitium,
1499 1019 1682 1063 praeposito
1699 1019 1731 1051 in
1747 1019 1849 1051 omni-

1094 1069 1154 1101 bus
1174 1070 1213 1101 ad
1234 1069 1414 1102 institutum
1432 1068 1599 1101 Societatis
1616 1068 1850 1112 pertinentibus

1095 1129 1209 1161 parere
1230 1129 1358 1162 semper
1378 1123 1560 1156 teneantur,
1580 1122 1608 1150 et
1629 1117 1660 1149 in
1682 1117 1736 1149 1110
1757 1116 1848 1149 Chri-

1096 1172 1178 1199 stum
1188 1167 1283 1199 veluti
1299 1172 1500 1211 praesentem
1515 1171 1689 1209 agnoscant
1705 1171 1733 1199 et
1749 1177 1849 1210 quan-

1095 1221 1163 1248 tum
1185 1216 1274 1249 decet
1296 1221 1502 1249 venerentur.

1139 1266 1153 1308 ἓ
1178 1266 1225 1299 10.
1250 1266 1329 1299 Cum
1350 1272 1458 1298 autem
1479 1265 1600 1310 experti
1621 1265 1778 1297 fuerimus
1803 1265 1850 1297 iu-
1864 1281 2048 1306 nummism-

1865 1314 1915 1336 tum,

1096 1315 1298 1356 cundiorem,
1322 1316 1488 1359 puriorem
1509 1320 1539 1348 et
1558 1315 1597 1347 ad
1613 1315 1751 1358 proximi
1767 1315 1851 1347 aedi-

1095 1364 1280 1397 ficationem
1300 1365 1458 1408 aptiorem
1486 1375 1553 1397 esse
1579 1364 1674 1396 vitam
1700 1364 1739 1396 ab
1763 1364 1850 1396 omni

1096 1414 1245 1446 avaritiae
1266 1414 1457 1456 contagione
1473 1424 1570 1456 quam
1588 1412 1848 1451 remotissimam,

1096 1462 1629 1506 etevangelicaepaupertatiquam
1640 1462 1849 1499 similhmam3

1097 1523 1236 1556 cumque
1253 1512 1392 1545 sciamus
1401 1511 1573 1544 Dominum
1584 1517 1730 1544 nostrum
1746 1512 1851 1544 Iesum

1096 1561 1258 1595 Christum
1285 1562 1382 1594 servis
1409 1561 1475 1594 suis
1499 1571 1635 1604 regnum
1665 1560 1720 1593 Dei
1747 1561 1851 1593 solum

1097 1610 1335 1654 inquirentibus
1356 1610 1534 1643 necessaria
1554 1610 1593 1642 ad
1613 1610 1733 1642 victum
1753 1615 1782 1642 et
1802 1620 1852 1642 ve-

1096 1661 1206 1693 stitum
1219 1672 1286 1694 esse
1304 1660 1636 1699 subministraturum,
1646 1663 1777 1692 voveant
1790 1659 1852 1691 sin-

1096 1710 1162 1753 guli
1184 1716 1212 1743 et
1234 1710 1374 1743 universi
1396 1715 1586 1754 perpetuam
1607 1713 1849 1753 paupertatem,

1096 1755 1294 1788 declarantes
1314 1755 1400 1798 quod
1421 1765 1485 1787 non
1502 1754 1607 1787 solum
1623 1753 1782 1797 privatim,
1799 1753 1853 1785 sed

1096 1816 1201 1848 neque
1217 1805 1313 1837 etiam
1327 1803 1553 1843 communiter,
1570 1802 1702 1846 possint,
1721 1813 1779 1846 pro
1801 1812 1852 1834 so-

1096 1854 1219 1887 cietatis
1252 1854 1483 1887 sustentatione
1508 1857 1563 1885 aut
1592 1863 1671 1891 usu,
1704 1853 1743 1885 ad
1770 1852 1854 1884 bona

1095 1904 1203 1948 aliqua
1224 1903 1349 1936 stabilia
1379 1907 1433 1935 aut
1453 1902 1492 1934 ad
1519 1907 1692 1945 proventus
1718 1912 1774 1934 seu
1802 1901 1852 1934 in-

1096 1953 1213 1986 troitus
1235 1953 1376 1997 aliquos,
1400 1952 1450 1984 ius
1470 1951 1601 1994 aliquod
1631 1950 1722 1983 civile
1743 1951 1852 1994 acqui-

1095 2013 1179 2042 rere,
1199 2002 1253 2035 sed
1274 2002 1336 2034 sint
1356 2000 1498 2034 contenti
1519 2011 1580 2032 usu
1601 2005 1725 2032 tautum
1742 2011 1851 2033 rerum

1096 2051 1155 2084 sibi
1176 2052 1386 2090 donatarum,
1409 2050 1447 2083 ad
1477 2049 1659 2083 necessaria
1683 2049 1743 2082 sibi
1764 2060 1850 2082 com-

1096 2101 1239 2144 paranda
1259 2101 1418 2144 recipere.

1140 2150 1202 2193 §114
1214 2178 1219 2183 .
1233 2150 1359 2183 Possint
1379 2155 1485 2182 tamen
1500 2147 1620 2181 habere
1637 2148 1669 2180 in
1686 2148 1849 2182 Universi-

1095 2200 1213 2232 tatibus
1241 2199 1414 2242 collegium
1445 2209 1500 2232 seu
1529 2197 1664 2240 collegia
1697 2197 1850 2231 habentia

1096 2249 1229 2289 reditus,
1258 2259 1374 2281 census
1400 2259 1456 2281 seu
1481 2247 1713 2291 possessiones,
1736 2248 1849 2281 usibus

1095 2303 1124 2331 et
1137 2298 1326 2331 necessariis
1337 2297 1352 2321 2
1363 2297 1559 2340 studentium
1568 2296 1786 2340 applicandaS,
1797 2309 1848 2330 re-

1094 2352 1180 2379 tenta
1213 2358 1312 2390 penes
1350 2346 1569 2390 praepositum
1601 2351 1631 2378 et
1657 2345 1848 2378 Societatem

1095 2396 1281 2429 omnimoda
1310 2396 1544 2439 gubernatione
1565 2406 1620 2428 seu
1646 2395 1848 2438 superinten-

1094 2445 1201 2479 dentia
1229 2456 1327 2489 super
1352 2445 1435 2478 dicta
1462 2444 1597 2487 collegia
1617 2449 1645 2476 et
1667 2444 1848 2487 praedictos

1095 2496 1275 2535 studentes,
1311 2494 1417 2539 quoad
1442 2492 1666 2537 gubernatoris
1703 2503 1759 2525 seu
1793 2504 1848 2535 gu-

1131 2551 1140 2574 1
1160 2550 1279 2580 quemes
1299 2549 1404 2575 Ordinis
1435 2551 1575 2580 utilitates,
1606 2551 1661 2573 tum
1685 2545 1727 2572 hic
1744 2547 1847 2573 addunt

300 2577 426 2610 milium
455 2576 713 2609 l'lldimssfltffl'um
725 2603 732 2617 a
750 2587 976 2621 quaecumque
1006 2588 1052 2609 59-
1094 2593 1123 2621 Ρ.
1144 2593 1239 2620 matth.
1251 2597 1277 2620 et
1293 2594 1358 2620 Inst.
1376 2593 1436 2620 Soc.
1449 2594 1498 2620 les,
1517 2594 1612 2628 Pragae
1629 2593 1721 2628 (1757)
1732 2592 1773 2626 (11.
1790 2592 1844 2627 1.).

301 2626 444 2660 cundum
470 2625 726 2659 circumstantias
748 2636 981 2670 personarum,
1004 2626 1051 2658 lo-

418 2679 493 2711 Ball.
515 2679 592 2710 Rom.
618 2679 673 2711 Vol.
700 2678 742 2710 VI.
933 2679 971 2710 39

1128 2639 1154 2665 9.
1179 2640 1270 2665 Usibus
1288 2642 1313 2665 et
1327 2641 1531 2672 necessitatibus,
1549 2639 1612 2666 Inst.
1631 2638 1658 2665 S.
1678 2639 1696 2665 1.
1719 2637 1758 2673 (n.
1775 2637 1825 2673 τ.)-

1859 232 1908 258 Α11.
1929 232 1957 258 C.
1976 231 2023 257 15¹⁴

1866 2157 1910 2177 Non
1921 2161 1989 2178 tamen
2000 2164 2051 2185 quo-

1867 2190 1890 2209 ad
1907 2189 2003 2215 collegia.
