2227 3001
202 212 250 240 An.
268 211 296 238 C.
318 210 383 238 1557

445 201 508 234 242

401 275 482 309 quae
512 264 641 308 quidem
671 263 756 307 ligna
777 264 814 295 ad
844 262 1096 295 domitieandum
1123 269 1150 295 et

401 319 548 352 scallatos
563 329 599 351 ac
617 318 749 362 paxillos
770 323 796 349 et
820 317 956 361 perticas
983 317 1152 350 conficien-

401 373 490 413 ‹lum‚
521 372 658 411 eisdem,
682 382 754 404 cum
785 370 875 413 signo
896 376 926 403 et
949 381 1056 403 marea
1077 371 1151 403 dieti

401 426 523 460 abbatis
544 437 632 459 more
649 425 740 457 solito
756 423 946 464 liberenturj.
965 435 1000 457 ae
1018 424 1110 457 liberi
1123 430 1149 457 et

400 481 560 512 immunes
572 479 630 511 sint
643 482 798 521 perpetuo
816 488 832 509 a
850 476 1009 510 solutione
1031 478 1153 510 molen-

400 534 517 576 dinagii
539 544 593 565 seu
616 532 785 564 moliturae
802 542 934 564 suormn
961 542 1149 573 granorum,

400 594 427 620 et
445 587 574 629 minagii
590 597 625 618 ae
649 585 785 626 t'urnagii
807 596 865 628 pro
885 585 950 617 suis
971 591 998 617 et
1018 596 1150 618 suorum

402 652 473 679 usu;
496 640 620 684 ipsique
642 639 819 683 capitulum
837 645 864 671 et
882 638 1151 671 habitualidictae

400 694 553 727 ecclesiae
574 694 606 726 in
631 693 716 726 itlius
737 694 877 725 elaustro
904 693 1007 725 solum
1030 700 1056 726 et
1079 693 1152 725 uui-

400 748 616 780 eumsurmun
636 758 692 790 pro
713 746 863 778 omuibus
879 747 996 778 babere
1018 747 1150 790 possint:

400 806 427 833 et
449 800 583 844 quilibet
603 800 749 833 obtinens
770 800 953 842 dignitatem
974 801 1021 832 vet
1043 812 1152 843 perso-

400 859 510 888 natum
545 864 600 886 seu
626 853 769 886 osticium
803 864 839 885 ac
874 852 1097 885 canonicatum
1124 859 1149 885 et

401 907 616 951 praebendam
642 906 797 950 pereipiat
823 906 1063 939 distrilmtiones
1094 918 1152 950 pro

401 960 591 994 canonicatu
612 965 641 993 et
668 960 866 1003 praebenda,
891 965 917 993 et
941 971 1005 993 non
1027 972 1084 1003 pro
1105 961 1152 993 di-

400 1015 517 1058 gnitate
535 1015 581 1047 vel
607 1019 781 1058 personatu
798 1024 854 1046 seu
875 1014 994 1050 officio,
1014 1025 1151 1057 quarum

400 1068 529 1112 quidem
540 1068 803 1101 distributionum
812 1073 879 1099 taxa
893 1079 949 1110 per
961 1067 1150 1110 capitulum,

400 1123 577 1155 secundum
594 1122 802 1166 quantitatem
817 1122 980 1154 fructuum
997 1127 1024 1153 et
1047 1122 1152 1154 reddi-

402 1182 492 1209 tuum
514 1176 668 1209 ecclesiae.
689 1175 882 1220 praedictae,
907 1175 980 1211 liat:
1004 1175 1044 1207 ita
1066 1176 1152 1218 quod

401 1230 548 1263 canonici
565 1230 595 1264 in
617 1229 856 1273 presbyteratus
866 1228 977 1261 ordine
1000 1239 1152 1261 noneon-

401 1284 500 1316 stituti
511 1284 614 1316 solum
626 1294 722 1316 unam
733 1282 1043 1326 semiln‘aeben«lam,
1053 1288 1079 1315 et
1092 1288 1153 1315 tres

402 1338 580 1382 cappellani
602 1337 863 1371 insimultantum
890 1342 1046 1379 quantum
1070 1348 1154 1370 umis

402 1391 586 1427 canonicus,
611 1396 674 1423 tam
696 1391 726 1422 in
744 1390 1022 1423 distributionibus
1046 1391 1152 1434 quoti-

401 1445 502 1478 dianis
527 1456 624 1489 quam
644 1444 731 1484 aliis,
754 1444 797 1476 sic
818 1444 904 1486 quod
929 1444 1064 1487 quilibet
1091 1449 1152 1476 ter-

400 1499 475 1532 tiam
497 1504 619 1542 partem
636 1498 751 1531 valoris
772 1498 867 1531 unius
887 1498 1101 1542 praebenslaeg
1124 1503 1151 1529 et

401 1553 531 1597 quilibet
544 1553 752 1596 cappellanus
764 1551 1034 1584 hebdomadarius
1056 1563 1152 1584 unam

401 1607 713 1650 semipraebendam,
743 1612 770 1639 et
799 1605 949 1648 magister
973 1616 1151 1648 puerorum

402 1661 502 1699 ctiori,
525 1672 582 1704 pro
599 1672 630 1693 se
647 1666 674 1693 et
694 1659 842 1704 praefatis
858 1670 909 1692 sex
926 1659 1044 1703 pueris,
1056 1671 1152 1692 unam

402 1714 617 1758 praebendam
629 1724 703 1745 eum
719 1712 847 1745 dimidia
866 1724 923 1756 per
943 1724 1057 1745 manus
1074 1712 1154 1756 ipso-

403 1778 474 1800 rum
496 1766 641 1811 capituli,
665 1777 723 1810 pro
743 1777 856 1800 eorum
877 1766 973 1806 rictu,
991 1766 1103 1798 vestitu
1125 1771 1151 1798 et

402 1821 654 1861 manutentione,
676 1821 865 1864 percipiant;
884 1820 926 1852 ita
941 1821 1027 1863 quod
1046 1820 1080 1857 si,
1098 1832 1155 1863 per

402 1875 659 1920 praebendarum
686 1874 924 1918 praedictarum
953 1874 1153 1917 suppressio-

402 1941 475 1963 nem
492 1934 544 1963 aut
562 1929 651 1969 alias,
670 1928 825 1961 ecclesiae
838 1927 1019 1972 praedictae
1030 1928 1155 1961 fruetus

402 1984 511 2027 augeri
533 1983 692 2023 contingat
721 1987 865 2026 tenqiore
887 1982 1094 2025 procedente,
1117 1994 1154 2014 eo

403 2049 478 2071 casu
505 2037 598 2071 etiam
625 2037 785 2070 dictorum
808 2035 1151 2075 hebdomadariorum,

404 2092 669 2135 cappellanorum
687 2095 716 2123 et
732 2089 873 2132 magistri
893 2100 1083 2132 puerorum,
1105 2102 1153 2123 se-

404 2145 546 2179 cundum
563 2144 794 2177 canonicorum
816 2143 1068 2181 distributiones,
1095 2155 1152 2175 au—

403 2205 548 2243 geantur.
573 2199 803 2233 Bedellusvero
816 2197 958 2241 capituli,
976 2198 1153 2231 secundum

404 2254 628 2287 discretionem
641 2253 829 2286 eorumdem
846 2252 990 2295 capituli,
1003 2252 1153 2285 salarium

404 2308 571 2353 percipiat3
590 2312 616 2339 et
638 2306 768 2350 quilibet
788 2306 935 2340 obtinens
955 2306 1152 2349 dignitatem,

404 2367 611 2407 personatum
624 2362 669 2394 vel
680 2361 822 2394 osticium
844 2361 875 2393 in
896 2360 1030 2394 eeclesia
1043 2360 1154 2393 liuius-

405 2416 491 2450 modi
501 2415 613 2448 habeat
623 2414 755 2456 singulis
763 2414 853 2447 annis
863 2415 1074 2448 duosmenses
1082 2425 1154 2447 eum

404 2466 550 2508 dimidi0;
562 2478 598 2500 ae
608 2466 740 2510 quilibet
756 2466 930 2499 canonicus
942 2466 1022 2498 duos
1031 2476 1156 2498 menses

405 2517 443 2550 de
463 2516 605 2550 absentia
626 2516 807 2554 continuos,
826 2516 872 2549 vel
894 2515 1042 2559 pluribus
1058 2515 1157 2549 conti-

406 2565 479 2599 nuis
499 2567 545 2599 vel
562 2565 666 2599 divisis
686 2566 810 2606 diebus,
846 2565 963 2608 quibus
984 2565 1060 2598 nibil
1085 2576 1156 2608 per-

407 2615 483 2650 dant
502 2616 540 2651 de
563 2615 733 2661 praedictis
762 2614 827 2649 suis
849 2614 966 2659 grossis
986 2615 1154 2656 fructibus,

996 211 1174 234 Bt'tJAIttt'M
1199 210 1303 235 noum
1310 211 1349 234 t'M

1195 263 1247 295 sed
1270 268 1454 306 praesentes
1474 269 1677 307 reputenturg
1695 263 1735 296 ita
1747 269 1851 297 tamen
1861 266 1946 308 quod

1197 317 1321 354 nullus,
1345 317 1406 349 sive
1434 318 1625 351 constitutus
1646 318 1677 351 in
1698 318 1867 361 dignitate,
1885 319 1947 352 sive

1195 369 1228 401 sit
1260 370 1435 403 eanonicus
1462 371 1613 415 simplex,
1643 371 1757 404 absens
1781 372 1948 416 percipere

1195 424 1291 455 valeat
1309 424 1511 467 spiotidianas
1526 425 1776 466 distributiones,
1790 426 1949 470 inquibus

1195 477 1520 520 e<›ntinenturgrana‚
1544 479 1613 511 rina
1635 485 1661 511 et
1685 480 1948 524 pm‘uniae,quae

1196 542 1252 574 pro
1282 531 1441 564 alimentis
1467 531 1608 565 eiusdem
1636 533 1767 576 calziituli
1788 533 1859 566 data
1879 536 1948 567 t‘ue-

1197 591 1280 624 runt‚
1294 585 1338 617 sie
1354 585 1440 628 quod
1460 586 1497 618 de
1510 586 1790 620 distributionilssius
1810 598 1869 631 pro
1892 588 1947 620 ab-

1195 638 1337 670 sentibus
1350 638 1429 670 nihil
1445 638 1657 679 ministretur·‚
1674 646 1827 684 poterunt
1842 646 1948 674 tamen

1195 690 1373 734 capitulum
1394 691 1527 735 praefati
1538 703 1611 724 eum
1623 693 1798 733 canonicis,
1816 693 1948 727 illorum

1197 744 1405 787 permissione
1422 750 1451 778 et
1466 745 1593 777 lieentia
1609 746 1803 787 absentibus,
1816 758 1852 780 ex
1868 748 1949 781 iusta

1195 803 1225 829 et
1244 797 1425 831 rationabili
1443 809 1549 839 causa,
1565 810 1662 842 super
1682 800 1868 833 huiusmodi
1884 802 1949 834 sru—

1195 851 1298 883 etibus
1319 857 1349 884 et
1369 851 1647 885 distributimiibus
1668 852 1699 884 in
1719 853 1861 887 absentia
1881 866 1950 898 per-

1195 905 1350 948 cipiendis
1361 906 1558 950 dispensare;
1579 906 1735 949 liceatque
1748 907 1833 940 dicto
1845 908 1949 941 abbati

1196 969 1295 990 unum
1329 958 1522 991 canonicum
1551 970 1587 991 ex
1620 970 1756 992 munero
1789 960 1950 995 dictorum

1195 1012 1365 1045 duodecim
1386 1012 1517 1050 habere,
1540 1014 1606 1057 qui,
1628 1013 1723 1047 etiam
1739 1014 1950 1053 afflcnssuos

1195 1066 1457 1105 grossosl‘ruetus
1473 1067 1642 1110 percipiam
1665 1073 1691 1099 et
1715 1068 1883 1110 dignitates
1894 1081 1950 1102 seu

1196 1125 1385 1162 personatus
1408 1125 1458 1152 aut
1483 1120 1587 1154 ot'ticia
1606 1121 1790 1154 huiusmodi
1804 1133 1863 1166 pro
1875 1128 1950 1156 tem-

1196 1184 1272 1216 pore
1293 1173 1485 1213 obtinentes,
1500 1175 1644 1218 quamtis
1660 1176 1807 1209 absentes
1818 1176 1947 1217 suerint,

1194 1237 1321 1269 grossos
1330 1227 1454 1261 fructus
1465 1228 1655 1271 dignitatum
1667 1235 1694 1261 et
1717 1236 1949 1273 personatuum

1195 1291 1348 1321 suorum,
1377 1281 1460 1314 dieta
1492 1283 1679 1315 eorumdem
1709 1283 1852 1316 absentia
1885 1295 1949 1317 non

1195 1334 1352 1374 obstante⁷
1375 1334 1541 1379 percipere
1558 1337 1692 1373 valenae
1715 1337 1769 1369 sed
1790 1337 1949 1370 decorum

1196 1387 1385 1431 praebendis
1394 1388 1484 1427 nihii,
1494 1388 1562 1427 nisi,
1574 1395 1605 1421 ut
1617 1390 1949 1433 praefertur,durante

1195 1441 1337 1474 absentia
1356 1441 1516 1475 dictorum
1534 1443 1672 1475 duorum
1692 1444 1862 1485 mensium,
1875 1456 1948 1489 per-

1195 1494 1301 1538 cipere
1331 1495 1464 1538 possint.
1501 1496 1533 1528 lit
1569 1497 1695 1540 quoties
1723 1497 1891 1540 dignitates
1919 1505 1950 1532 et

1196 1554 1386 1591 personatus
1407 1560 1462 1581 seu
1484 1549 1589 1582 osticia
1624 1562 1661 1583 ac
1682 1551 1892 1585 canonicatus
1919 1559 1949 1586 et

1196 1602 1413 1644 praebendae,
1438 1614 1565 1636 necnon
1587 1604 1806 1647 cappellaniae
1835 1606 1948 1639 huius-

1196 1655 1281 1688 modi
1302 1667 1360 1699 pro
1386 1661 1531 1700 tempore
1552 1657 1727 1698 vacabunt,
1750 1658 1807 1699 illi,
1832 1659 1950 1702 quibus

1195 1709 1233 1741 de
1272 1709 1383 1742 iisdem
1419 1710 1627 1753 dignitatibus
1660 1716 1690 1744 et
1723 1712 1949 1756 personatibus

1196 1762 1257 1795 siro
1279 1763 1413 1804 osticiis,
1438 1764 1680 1798 canonicatibus
1700 1770 1730 1798 et
1756 1766 1951 1809 praebendis

1195 1827 1230 1848 ae
1252 1817 1461 1861 cappellaniis
1474 1818 1633 1862 provideri
1645 1819 1826 1862 contigerit,
1849 1820 1951 1853 donec

1196 1869 1253 1902 sint
1276 1871 1399 1913 pacitici
1414 1870 1622 1915 possessores,
1640 1874 1686 1905 rel
1703 1873 1819 1916 aliquis
1839 1874 1951 1907 colliti-

1195 1924 1339 1967 gantiuui
1360 1936 1457 1968 super
1477 1925 1538 1959 illis
1563 1926 1765 1967 sententiam,
1778 1929 1949 1961 recreden-

1196 1980 1271 2012 tiam
1300 1985 1530 2023 nuncupatam,
1553 1980 1690 2023 desuper
1722 1982 1947 2024 reportaverit,

1198 2035 1303 2067 nullos
1314 2036 1438 2067 tructus
1454 2045 1490 2067 ex
1502 2034 1546 2067 eis
1567 2034 1733 2079 percipere
1748 2036 1883 2077 valeant,
1896 2037 1949 2069 sed

1196 2090 1270 2122 dieti
1292 2091 1415 2122 fruetus
1436 2101 1493 2133 per
1509 2089 1592 2134 ipsos
1609 2089 1797 2132 capitulum,
1814 2090 1949 2124 durante

1198 2144 1261 2181 lite,
1278 2144 1511 2187 percipiantur3
1524 2148 1553 2176 et
1572 2143 1630 2186 ipsi
1647 2143 1824 2186 capitulum
1841 2155 1876 2177 ex
1887 2144 1950 2177 illis

1197 2198 1300 2231 divina
1321 2198 1444 2239 officia,
1468 2198 1507 2230 ad
1532 2208 1614 2240 quae
1638 2197 1818 2239 dignitates,
1841 2209 1950 2242 perso-

1198 2257 1290 2285 natus
1311 2263 1365 2285 seu
1387 2251 1502 2289 officia,
1524 2251 1732 2284 1⁷*anonicatus
1748 2257 1774 2284 et
1798 2252 1951 2295 praeben-

1197 2307 1251 2339 das
1275 2307 1321 2340 rel
1340 2306 1557 2351 cappellanias
1573 2305 1757 2339 huiusmodi
1770 2305 1951 2340 obtinentes

1198 2366 1357 2399 tenentur,
1374 2360 1528 2394 celebrari
1546 2360 1674 2402 saciant,
1690 2365 1719 2393 et
1735 2360 1913 2401 residuum,
1925 2361 1950 2394 si

1197 2416 1273 2459 quid
1296 2415 1346 2454 sit,
1369 2415 1399 2447 in
1420 2416 1588 2448 utilitatem
1610 2420 1640 2449 et
1665 2427 1723 2460 pro
1747 2414 1882 2459 negotiis
1902 2426 1950 2450 ca-

1199 2464 1291 2509 pituli
1313 2464 1498 2497 huiusmodi
1520 2470 1734 2498 eonvertatur.

1242 2517 1256 2555 ,ξ
1277 2514 1328 2548 15.
1353 2515 1508 2557 Quodque
1525 2514 1828 2558 ‹leea11us,quiloco
1842 2524 1948 2548 came-

1199 2565 1285 2604 rarii,
1304 2564 1426 2597 ratione
1447 2575 1583 2597 onerum
1609 2564 1803 2598 camerariae
1823 2564 1948 2598 incum-

1198 2614 1355 2656 bentium,
1382 2614 1544 2658 sexaginta
1568 2614 1665 2650 libras
1683 2619 1872 2650 turonenses
1890 2625 1949 2658 pro

1952 2684 1961 2713 θ’

1962 213 2011 241 An.
2029 214 2057 241 C.
2077 214 2143 240 ¹557

1964 2531 2085 2553 Peculinres
2098 2534 2146 2554 red-

1964 2564 2018 2584 ditus
2039 2565 2146 2589 diguitati-

1964 2594 2002 2617 bus
2016 2596 2124 2622 assignati.
