2227 3001
62 267 111 294 An.
133 267 162 294 C.
180 267 243 295 13:53

235 724 251 732 x

90 1346 235 1367 Attenaitones

50 1380 118 1398 tamen
158 1378 235 1398 multae

49 1407 116 1428 tactae
151 1408 235 1430 luerunt

49 1440 70 1459 in
87 1440 182 1460 damnum
198 1445 235 1460 ec-

50 1471 133 1492 clesiar.
149 1472 181 1491 vel
194 1478 234 1491 nun

49 1504 138 1524 servans
157 1503 235 1524 solem-

49 1535 155 1556 nitatibus.

900 265 1017 288 Pss'Ll'S
1043 266 1070 288 Π
1097 266 1142 288 [Ψ.

1693 255 1756 288 497

259 319 454 359 cessionem,
486 318 713 362 hypothecam,
749 319 940 352 locationem
977 324 1002 350 ‹·t
1025 321 1027 360 l
1050 319 1238 358 lustrabant,
1261 328 1297 350 ac
1313 327 1426 350 eornm
1444 316 1598 349 ministris
1614 316 1800 350 alimoniam

258 372 505 406 conductionem
539 372 621 404 ultra
652 372 843 410 triennium,
880 383 1005 405 necnon

257 425 508 459 infeudationem
545 426 591 458 vel
627 431 828 459 contractum
871 426 1004 470 emphy-

255 479 427 520 teuticum,
452 484 677 523 praeterquam
700 479 730 512 in
752 479 878 512 casihns
899 490 915 512 a
936 480 1005 513 inre

254 533 427 578 permissis,
455 544 490 566 ac
520 533 557 566 de
582 534 679 566 rebus
704 539 734 566 et
763 534 855 566 bonis
884 534 915 566 in
937 545 1003 567 em-

254 586 434 631 phyteusim
447 586 486 619 ab
498 586 630 631 antiquo
651 587 784 620 concedi
805 587 920 628 solitis,
936 588 1002 620 lieri

253 640 466 684 prohibuerit.
494 641 531 674 Et.
546 640 570 674 si
592 640 674 684 quis,
697 647 808 674 contra
828 642 925 674 huius
945 653 1004 686 po-

253 694 395 727 sterioris
423 694 651 738 prohibitionis
680 694 814 735 seriem,
844 695 882 728 dc
912 695 1005 728 bonis

253 753 283 780 et
306 747 403 780 rebus
425 747 544 780 eisdem
567 748 741 791 quicquam
759 747 898 780 alienare
914 759 1004 791 prae.-

252 806 404 841 sumeret,
427 801 588 841 alienatio,
608 802 798 845 hypotheca,
824 802 1001 839 concessio,

252 854 380 895 locatio,
400 855 573 888 conductio
590 860 619 888 et
630 854 806 888 infeudatio
818 854 1003 889 huiusmodi

252 908 373 941 nullius
402 908 534 942 omnino
565 913 670 941 essent
698 908 824 941 roboris
854 909 903 941 vel
937 920 1005 942 mo-

252 961 362 1001 menti,
383 967 413 995 et
431 966 495 994 tam
516 963 572 1005 qui
593 962 759 1002 alienaret,
784 973 881 1005 quam
898 963 952 1006 qui
975 974 1004 996 a-

251 1016 454 1060 lienatas-res
471 1022 500 1050 et
516 1016 599 1049 bona
616 1016 787 1060 reciperet,
810 1017 1001 1050 sententiam

251 1071 594 1103 excommunicationis
614 1070 811 1110 incurreret,
833 1076 863 1104 et
886 1071 1004 1104 nihilo-

250 1123 357 1157 minus
377 1135 427 1157 res
447 1130 477 1157 et
491 1124 575 1157 bona
596 1124 733 1157 alienata
755 1124 943 1157 huiusmodi
964 1126 1003 1159 ad

249 1177 411 1218 ecelesias,
435 1176 627 1211 monasteria
649 1178 760 1210 etloea
776 1177 841 1221 pia,
864 1177 1002 1221 adquae

249 1236 341 1264 antea
361 1230 581 1276 pertinebant,
604 1230 704 1264 libere
725 1236 977 1265 reverterentur.

293 1285 307 1328 ἓ
327 1284 358 1318 3.
381 1284 596 1317 Nihilominus
615 1295 630 1316 a
652 1284 819 1317 nonnullis
846 1286 939 1318 annis
961 1287 1002 1319 ci-

249 1343 297 1371 tra
329 1338 471 1371 diversae
503 1348 682 1382 personae,
720 1343 785 1370 tam
819 1340 1003 1373 saeculares

249 1402 347 1436 quam
381 1391 634 1431 ecclesiasticae,
671 1392 841 1435 complura
876 1399 999 1433 castra,

250 1451 361 1485 terras,
382 1445 513 1489 oppida,
539 1445 682 1478 civitates
701 1450 731 1477 et.
751 1445 833 1485 loca,
856 1451 919 1478 tani
943 1448 1002 1480 Ro-

250 1509 363 1531 manae
382 1498 578 1542 praedictae,
604 1509 700 1541 quam
721 1498 918 1532 diversarum
949 1512 1002 1534 ca-

249 1552 462 1591 thedralium,
494 1551 588 1584 etiam
618 1552 943 1595 metropolitanarum
972 1560 1001 1588 et

246 1605 383 1638 aliarum
416 1605 646 1645 ecclesiarum,
684 1616 811 1638 necnon
846 1613 1000 1640 monaste-

246 1659 382 1699 riorum,
405 1659 578 1691 domorum
595 1663 625 1691 et
640 1658 778 1692 aliorum
802 1661 999 1703 regularium

246 1714 392 1746 locorum
419 1724 456 1746 ac
476 1712 686 1756 hospitalium
711 1718 740 1746 et
766 1713 904 1746 allorum
933 1715 1001 1758 pio-

245 1778 317 1799 rum
338 1767 499 1808 locorum,
522 1772 689 1809 praetextu
711 1766 907 1801 diversarum
925 1770 1000 1802 alis·-

244 1819 425 1861 nationum,
448 1819 493 1853 eis
516 1820 553 1852 de
582 1819 708 1860 castris,
730 1820 834 1861 terris,
859 1822 996 1866 oppidis,

245 1874 425 1908 civitatibus
445 1879 475 1907 et
500 1874 580 1907 locis
602 1874 786 1918 praedictis,
818 1875 850 1907 in
873 1876 999 1909 evidens

244 1928 398 1961 damnum
433 1927 644 1960 ecclesiarum
659 1956 666 1969 ,
705 1929 997 1969 monasteriorum,

243 1981 428 2022 domorum,
460 1981 671 2024 hospitalium
695 1986 725 2014 et
745 1981 883 2014 aliorum
905 1993 997 2025 regu-

243 2035 359 2069 larium
381 2040 411 2068 et
426 2035 556 2079 piorum
572 2036 732 2074 locorum,
752 2046 808 2068 seu
825 2036 913 2075 alias,
932 2048 995 2070 non

242 2089 372 2122 servatis
397 2089 653 2122 solemnitatibus
684 2089 786 2122 aiure
819 2089 994 2133 requisitis,

241 2143 412 2182 saetarum,
433 2143 674 2186 occupaverint,
694 2148 725 2176 et
740 2149 898 2186 occupata
916 2145 995 2177 deti-

242 2195 369 2228 nuerint
391 2201 421 2228 et
441 2196 603 2230 detineant
623 2196 661 2229 dc
680 2197 862 2240 praesenti,
885 2209 921 2230 ac
942 2209 995 2231 ex-

242 2249 315 2282 inde
347 2249 466 2282 factum
495 2250 533 2282 sit
558 2256 589 2283 ut
613 2261 677 2283 non
707 2251 811 2283 solum
843 2251 994 2285 ecclesia-

242 2315 327 2344 rurn,
350 2304 620 2337 monasteriorum
643 2310 670 2337 et
699 2305 869 2337 domorum
901 2317 994 2349 prae-

242 2358 308 2399 lati,
337 2368 374 2390 ac
408 2357 616 2401 hospitalium
642 2364 669 2391 et
696 2358 835 2391 aliorum
866 2360 993 2401 regula-

241 2411 327 2445 rium
348 2416 378 2444 et
407 2409 535 2455 piorum
564 2411 711 2444 locorum
733 2411 919 2445 huiusmodi
947 2424 995 2446 re-

243 2470 362 2506 ctores,
393 2465 448 2508 qui
475 2475 512 2498 ex
545 2464 721 2506 fructibus,
749 2466 927 2499 redditibus
965 2473 993 2500 et

241 2514 450 2559 proventibus
470 2519 662 2555 castrorum,
697 2520 868 2556 terrarum,
900 2517 992 2561 oppi-

241 2564 369 2603 dorum,
393 2562 555 2596 civitatum
572 2568 603 2596 et
617 2564 763 2597 locorum
786 2565 990 2606 huiusmodi,

240 2613 403 2654 ecclesias,
427 2613 621 2647 monasteria
640 2620 671 2647 et
685 2615 809 2656 domos,
824 2615 992 2659 hospitalia

240 2668 271 2695 et
290 2663 351 2696 alia
375 2663 445 2694 loca
466 2663 628 2706 praedicta
654 2664 878 2704 gubernabant
897 2670 927 2698 et
956 2666 992 2699 il-

319 2716 392 2750 Bull,
418 2715 492 2744 Rom⁴
522 2716 575 2746 Tol,
601 2717 641 2751 l'J⁷
855 2718 892 2751 (53

1050 372 1255 415 piaehehant‚
1286 371 1471 404 notabiliter
1498 370 1557 402 sint
1586 370 1800 408 damnificati,

1048 436 1156 458 verum
1177 426 1271 457 etiam
1286 426 1449 457 ltonianns
1465 423 1620 463 Pontifex,
1638 424 1694 467 qui
1710 430 1801 457 antea

1048 478 1155 521 egenis
1189 484 1214 510 ct
1253 478 1489 510 misi-r.·il·ilibus
1518 477 1674 521 personis,
1710 489 1801 520 prae-

1047 533 1155 565 sertim
1178 532 1348 569 nobilibus,
1378 532 1416 564 ad
1442 532 1525 564 hanc
1550 531 1665 563 almam
1684 531 1801 564 [rbem

1049 596 1106 629 pro
1123 592 1266 630 tempore
1287 585 1559 628 confugientibus,
1578 585 1730 618 alimenta
1746 586 1801 617 ab-

1048 640 1131 671 unde
1162 639 1406 672 snlnninistrare
1433 643 1658 679 consueverat,
1692 639 1739 671 vix
1770 650 1802 672 se

1047 698 1073 724 et
1094 693 1245 725 tinniliam
1268 705 1357 725 suain
1383 698 1573 732 sustentare,
1598 692 1716 725 nedum
1733 692 1802 725 aliis

1046 747 1197 780 alimenta
1217 747 1460 780 subministrare
1483 747 1598 791 possit,
1622 747 1653 779 in
1674 747 1802 780 Divinae

1046 801 1215 833 Maiestatis
1235 802 1407 839 olt'cnsam,
1442 806 1469 833 et
1491 800 1617 833 Ordinis
1644 801 1802 833 clericalis

1046 855 1280 898 opprobrium,
1312 866 1348 887 ac
1370 854 1587 898 plurimorum
1609 854 1799 887 christifide-

1046 909 1125 941 lium
1155 909 1353 942 scandalum.

1090 964 1104 1005 ἓ
1133 963 1163 995 li.
1194 963 1268 1003 Nos,
1292 963 1465 1006 praemissa
1486 963 1749 995 convenientibus
1774 963 1795 999 Ι,

1819 266 1855 291 ΑΗ
1886 266 1913 290 ti.
1933 265 1998 291 1555

1046 1016 1353 1059 oculispertransire
1367 1016 1732 1061 neipnnintcs,quinimo
1744 1027 1798 1049 cu-
1855 1015 1862 1026 ⁸
1917 1014 1936 1058 ᾗ
1966 1015 1972 1026 ¹

1046 1071 1169 1114 pientes
1186 1071 1243 1111 eis,
1261 1077 1417 1114 (piantnm
1440 1082 1513 1104 cum
1530 1072 1593 1104 Deo
1612 1082 1796 1114 possmnns,

1045 1130 1266 1168 opportunum
1296 1124 1476 1158 remedium
1506 1125 1675 1165 adhibere,
1710 1129 1799 1157 motu

1045 1178 1178 1222 proprio
1199 1184 1227 1211 ct
1250 1190 1285 1212 cx
1306 1183 1391 1211 certa
1413 1184 1521 1211 nostra
1543 1178 1688 1220 seientia,
1708 1179 1799 1211 aede

1045 1232 1240 1276 apostolicae
1261 1232 1424 1276 potestatis
1444 1232 1657 1276 plenitudine,
1688 1244 1800 1266 omncs

1045 1291 1075 1319 et
1095 1286 1236 1329 singulas
1263 1286 1474 1319 alienationes
1499 1290 1530 1317 et
1555 1285 1586 1318 in
1612 1286 1800 1330 emphyteu-

1045 1339 1104 1373 sim
1125 1351 1182 1373 seu
1205 1351 1338 1373 censum
1366 1345 1574 1384 perpetuum,
1597 1346 1652 1372 aut
1674 1339 1798 1373 tertiam

1045 1394 1091 1427 vel
1108 1394 1203 1427 aliam
1222 1394 1481 1437 generationem,
1508 1405 1562 1427 sen
1593 1393 1733 1427 hominis
1759 1395 1800 1426 vi-

1045 1454 1128 1489 tam,
1160 1454 1214 1482 aut
1240 1448 1327 1481 aliud
1355 1454 1482 1493 tempus
1512 1449 1596 1481 ultra
1622 1448 1799 1481 triennium

1045 1503 1222 1536 locationes
1241 1504 1289 1536 vel
1311 1503 1535 1536 concessiones
1555 1513 1611 1535 scu
1633 1508 1798 1546 permuta-

1045 1556 1158 1597 tiones,
1178 1557 1376 1601 hypotheeas
1387 1562 1417 1589 ct
1432 1556 1655 1599 ohligatirmes,
1678 1557 1716 1589 de
1731 1557 1799 1600 qui-

1044 1610 1149 1643 busvis
1161 1610 1283 1651 castris,
1303 1610 1406 1649 terris,
1421 1611 1560 1655 oppidis,
1574 1610 1753 1644 civitatibus
1769 1616 1797 1643 et

1044 1660 1122 1693 locis
1142 1666 1195 1693 aut
1222 1659 1291 1693 aliis
1314 1660 1407 1693 bonis
1423 1660 1655 1700 immobilibus,
1679 1670 1735 1693 seu
1750 1671 1798 1693 re-

1043 1709 1102 1741 bus
1122 1715 1153 1743 et
1179 1709 1320 1751 iuribus,
1351 1716 1413 1743 tani
1448 1709 1670 1754 spiritualibus
1699 1720 1796 1753 quam

1043 1759 1287 1804 temporalibus,
1311 1760 1455 1793 eiusdem
1478 1760 1640 1792 Romanae
1666 1764 1693 1792 et
1720 1770 1797 1803 qua-

1043 1820 1258 1853 rui‘nenmque
1289 1809 1536 1849 cathedralium,
1561 1809 1657 1841 etiam
1675 1813 1795 1841 metro-

1041 1859 1270 1902 politanarum,
1286 1865 1315 1892 et
1330 1860 1467 1891 aliarum
1485 1858 1708 1897 eeclesiarum,
1723 1868 1796 1890 nec-

1042 1918 1105 1939 non
1116 1908 1401 1947 inointsteriorum,
1425 1908 1596 1941 domorum
1614 1913 1641 1939 et
1656 1907 1794 1940 aliorum

1041 1957 1240 1999 regularium
1264 1959 1423 1999 locorum,
1448 1962 1474 1989 et
1493 1957 1682 2001 quorumvis
1701 1957 1796 1990 bene-

1040 2007 1188 2040 ficiorum
1211 2007 1522 2043 ecclesiasticorinn,
1560 2017 1634 2039 cuni
1667 2017 1745 2039 cura
1765 2013 1796 2039 et

1039 2055 1107 2088 sine
1147 2066 1244 2092 cura,
1291 2056 1505 2088 saecularium
1545 2062 1574 2089 et
1605 2056 1794 2099 quorumvis

1039 2105 1195 2138 Ordinuni
1212 2105 1424 2147 regularium,
1440 2116 1567 2139 necnon
1584 2105 1791 2149 hospitalium

1039 2159 1068 2187 ct
1085 2154 1224 2188 aliorum
1241 2155 1369 2197 piorum
1388 2156 1534 2188 locorum
1557 2156 1790 2198 quorumlibet,

1038 2216 1096 2248 per
1120 2216 1362 2249 ‹pioscuinqn‹2·,
1390 2205 1484 2238 etiam
1506 2205 1667 2239 Romanos
1687 2206 1792 2239 Ponti-

1038 2255 1113 2287 tices
1134 2254 1398 2297 praedecessores
1432 2260 1568 2295 nostros,
1597 2266 1652 2289 seu
1678 2267 1790 2290 eorum

1037 2305 1226 2338 anctoritate
1251 2305 1298 2338 vel
1320 2306 1481 2346 mandato,
1503 2307 1698 2340 camerarios
1717 2318 1791 2341 suos

1037 2363 1067 2391 et
1095 2359 1228 2392 clericos
1257 2358 1408 2393 Gamerae
1439 2361 1638 2403 Apostolicae
1670 2362 1787 2405 praesi-

1037 2413 1165 2454 dentes,
1197 2424 1232 2446 ac
1262 2414 1389 2456 quosvis
1414 2415 1641 2456 ecclesiarum,
1676 2426 1788 2448 mona-

1037 2462 1207 2495 steriorum
1239 2468 1267 2495 et
1298 2463 1470 2496 domorum
1499 2465 1657 2507 praelatos
1683 2470 1712 2497 ct
1732 2465 1787 2497 be-

1036 2511 1212 2552 neficiatos,
1236 2523 1363 2546 necnon
1379 2513 1586 2556 hospitalium
1603 2519 1633 2546 et
1649 2514 1786 2546 alioruin

1035 2561 1233 2603 regularium
1254 2567 1284 2594 et
1304 2561 1432 2605 piorum
1454 2563 1601 2595 locorum
1626 2568 1784 2600 rectores.

1035 2609 1270 2654 cuiuscumque
1295 2611 1473 2654 dignitatis,
1504 2617 1618 2653 status,
1648 2613 1783 2654 gradus,

1063 2678 1072 2705 1
1093 2678 1297 2707 Conni-emmas,
1316 2678 1407 2706 Manli.
1426 2682 1449 2706 et
1468 2678 1580 2706 Cherub.
1600 2678 1651 2715 3(n.
1665 2679 1718 2715 T.).
