2227 3001
48 269 98 296 ᾹΗ.
121 266 147 293 C.
167 265 230 293 1:25ss

77 1176 167 1198 ministri
183 1182 236 1197 con-

53 1210 198 1236 gregationum
209 1208 238 1227 iu-

52 1241 151 1261 daeorum
170 1245 236 1259 laxam

53 1271 113 1292 istius
124 1270 238 1290 solutionis

52 1303 108 1322 iuna
123 1307 239 1327 congrega-

53 1333 115 1353 tionis
125 1332 238 1352 facultates

54 1366 163 1389 imponere
175 1366 196 1383 ct
213 1363 238 1383 ad

51 1396 174 1421 “olveniluni
200 1400 239 1414 eo-

53 1431 102 1452 gere
119 1429 215 1453 possunt.

894 263 1010 289 PAt‘Lt'S
1035 264 1064 287 lv
1091 263 1138 286 l’P.

247 327 359 352 manae
385 318 562 357 Ecclesiae,
584 317 718 350 mediate
735 319 782 351 vel
803 318 998 355 immediate,

248 379 280 405 ut
301 372 492 415 praefertur,
511 371 674 409 subiectis,
695 383 780 404 nuuc
798 378 825 404 et
848 382 907 415 pro
924 376 1001 403 tcm-
1023 389 1024 420 ᾗ

247 436 325 470 porc
346 425 606 462 consistentibus,
631 436 688 468 pro
710 425 771 457 alia
798 425 1002 457 universitate

246 489 302 510 seu
328 478 576 520 congregatione
602 484 657 510 aut
686 488 845 521 synagoga
870 478 1001 510 iudaeo-

247 542 318 563 rum
344 542 400 563 seu
426 530 642 563 hebraeorum
669 532 867 571 huiusmodi,
891 531 929 563 ad
950 541 1002 563 so—

246 584 402 617 lutionem
428 584 540 617 decem
562 586 773 625 ducatorum,
797 591 827 618 ut
865 585 1005 628 praescr·
1025 602 1027 610 ν

247 644 315 675 tur,
340 638 391 670 hic
413 637 444 669 iu
461 637 562 677 Urbe,
584 637 719 680 singulis
734 639 848 678 annis,
872 639 903 670 in
925 638 1004 670 festo

247 691 398 725 Omnium
419 692 624 729 Sanctorum,
647 692 848 728 taciendam,
876 692 906 724 in
929 692 1004 723 soli—

248 746 325 777 ‹lum
347 751 377 777 et
397 744 428 776 in
448 744 598 789 anipliori
620 747 722 777 somna
746 746 898 777 (lanieras¹
924 746 1005 788 Apo-

248 798 380 830 stolicae
416 802 563 830 teneatur
597 804 625 830 ct
655 798 793 840 obligata
828 799 887 835 sit,
911 802 1004 841 prout

249 862 308 884 nos
328 862 383 884 eos
403 857 433 884 et
454 862 567 884 eorum
588 851 784 894 quemlibet,
809 851 1006 893 illorumque

250 916 300 938 res
316 911 346 937 et
365 904 450 937 bona
470 904 605 937 ubilibet
625 905 802 944 existentia,
825 904 1008 947 specialiter

249 963 277 990 ct
299 968 447 1001 expresse
465 959 504 991 ad
520 958 655 991 invicem
677 958 858 1000 obligamus
879 963 906 990 ct
929 958 1007 990 01111-

249 1017 321 1055 gata
342 1023 420 1053 esse,
436 1012 547 1055 sicque
563 1012 702 1055 obligata
718 1011 788 1052 cogi
805 1017 833 1043 et
857 1011 1007 1054 compelli

251 1076 345 1110 posse
367 1071 397 1100 et
412 1067 530 1100 debere
550 1066 711 1099 volumus.

296 1121 361 1161 ξ5.
390 1121 547 1164 Quodque
568 1131 681 1154 omnes
714 1125 743 1153 et
777 1120 895 1162 singuli
922 1130 1010 1152 com-

252 1174 390 1207 missarii
410 1180 465 1207 aut
485 1174 623 1207 ministri
644 1184 700 1207 seu
722 1175 859 1206 factores
879 1183 1008 1206 earum-

253 1228 326 1261 dem
354 1228 597 1261 universitatum
619 1239 675 1261 seu
696 1227 986 1270 congregationum
1001 1253 1008 1267 ‚

255 1282 357 1315 dictos
378 1282 490 1315 decem
516 1282 650 1315 ducatos
676 1292 734 1325 pro
755 1280 896 1324 qualibet
922 1291 1011 1324 syna-

253 1346 346 1378 goga,
365 1336 461 1368 etiam
482 1335 636 1369 demolita
656 1346 713 1368 seu
734 1335 883 1374 alienata,
905 1334 1012 1377 singu-

253 1389 291 1422 lis
315 1389 420 1429 annis,
442 1389 563 1432 absque
589 1388 697 1432 aliqua
722 1387 931 1432 requisitione
955 1399 1011 1421 seu

253 1442 446 1483 monitione,
468 1442 500 1475 in
526 1442 595 1486 ipsa
620 1443 705 1475 alma
729 1442 813 1475 Urbe
834 1442 1012 1485 eademque

254 1497 351 1529 domo
377 1507 434 1528 seu
458 1496 610 1539 hospitali
627 1496 956 1535 cathecumenorum,
981 1495 1012 1527 111

254 1550 338 1582 dicto
373 1550 473 1590 festo,
510 1549 633 1592 integre
663 1559 700 1581 ac
731 1549 861 1581 realiter
885 1554 1011 1581 etcum

254 1603 371 1635 effectu
396 1603 518 1636 solvere
544 1608 573 1635 et
598 1601 780 1634 satisfacere
806 1601 961 1639 debeant,
985 1607 1012 1634 et

254 1656 294 1688 ad
322 1655 355 1688 id
384 1656 456 1698 cogi
477 1661 508 1688 et
533 1655 685 1699 compelli
708 1655 844 1698 possiut;
867 1659 898 1687 ct
927 1655 1014 1697 quod

255 1707 299 1741 illi
325 1719 438 1741 omnes
462 1713 493 1741 et
517 1709 660 1751 singulas
690 1708 959 1750 congregationes
984 1713 1015 1741 et

256 1761 479 1795 universitates
508 1762 711 1801 huiusnmdi,
749 1772 786 1795 ac
819 1761 953 1794 iudaeos
985 1766 1015 1794 et

255 1815 413 1849 hebraeos
440 1816 575 1849 ubilibet
601 1821 840 1849 commorantes
864 1816 902 1848 ad
927 1816 1015 1848 solu-

255 1869 378 1903 tionem
413 1869 603 1902 huiusmodi
628 1869 826 1910 faciendam,
850 1869 936 1902 iuxta
954 1869 1016 1902 sin-

255 1923 407 1966 gularum
437 1933 673 1967 synagogarum
703 1934 759 1956 seu
794 1923 1017 1965 congregatio-

256 1988 335 2010 num
353 1976 525 2010 cuiuslibet
544 1977 729 2020 provinciae
750 1977 928 2017 facultates,
947 1987 1018 2019 gra-
1038 1992 1039 2000 1

256 2029 359 2064 vando
380 2041 478 2063 unam
499 2031 571 2074 plus
591 2030 670 2071 alia,
694 2030 780 2063 iuxta
806 2030 892 2063 illius
918 2030 1017 2063 sacul-

257 2088 375 2125 tatem,
403 2083 553 2117 ditiorem
587 2095 646 2128 pro
681 2094 824 2127 paupere
859 2085 1039 2127 synagoga*

258 2137 443 2183 provinciae
467 2137 674 2177 huiusmodi,
697 2148 733 2170 ac
759 2136 854 2177 alias,
876 2136 962 2169 iuxta
982 2136 1017 2168 li-
1038 2138 1040 2166 ἓ

258 2196 402 2225 terarum
424 2190 683 2234 praedecessoris
703 2189 892 2223 huiusmodi
914 2189 1017 2222 conti-

259 2244 403 2278 nentiam
433 2249 463 2277 et
492 2250 657 2285 tenorem,
679 2244 827 2276 invocato
858 2243 952 2275 etiam
979 2243 1017 2275 ad
1039 2243 1040 2261 ³

1024 480 1025 515 J
1046 481 1164 510 rantes,
1188 475 1339 517 ipsosque
1364 474 1532 516 deputatos
1561 472 1803 504 administrato-
1820 479 1851 517 sn.

1025 542 1027 566 1
1047 540 1096 560 re<
1113 534 1140 561 et
1157 528 1237 560 alios
1258 527 1412 559 officiales
1433 531 1462 558 et
1483 536 1649 569 personas,
1677 536 1803 557 necnon
1821 515 1863 558 '1¹1
1888 545 1940 557 ...i-u
1973 514 1988 557 ’,1

259 2298 335 2337 hoc,
359 2296 383 2330 si
395 2297 440 2330 eis
451 2297 623 2338 videbitur,
638 2297 758 2330 auxilio
770 2297 915 2330 eiusdem
928 2297 1018 2329 101111-
1039 2299 1041 2330 ἰ

261 2351 310 2385 nis
330 2351 495 2384 Michaelis
515 2352 710 2391 cardinalis,
733 2362 769 2384 ac
791 2361 850 2394 pro
872 2356 1017 2394 tempore

262 2404 424 2438 existentis
439 2404 599 2437 dictorum
617 2405 929 2438 cathecumenorum
947 2414 1019 2447 pro·
1040 2411 1042 2441 ζ

261 2458 402 2497 tectoria
423 2468 539 2500 cogere
561 2463 591 2491 et
607 2458 816 2502 compellere;
835 2468 871 2490 ac
894 2462 1020 2500 propte-

262 2518 316 2540 rea
333 2517 401 2547 eos,
419 2506 516 2539 unica
536 2507 701 2539 dumtaxat
720 2506 871 2539 citatione
893 2516 1020 2549 praece·
1041 2510 1042 2537 ἶ

263 2557 371 2596 dente,
389 2567 499 2589 corani
516 2556 630 2589 eodem
644 2561 827 2599 protectore
848 2554 1019 2588 convenire

264 2604 388 2650 possint
408 2610 439 2637 et
458 2606 595 2638 valeant.

309 2654 323 2697 ἓ
343 2653 373 2686 6.
396 2654 441 2687 Ac
461 2653 620 2698 hospitale
641 2664 698 2687 seu
718 2653 852 2687 domum
873 2653 1022 2687 cathecu-

1689 250 1725 285 51
1738 250 1747 284 l

1818 261 1853 284 An
1885 258 1910 284 t]
1931 257 2004 284 111511

1023 336 1024 360 1
1045 325 1215 348 meliorum
1242 314 1439 353 huiusmodi,
1469 324 1504 346 ac
1528 313 1630 346 dictos
1650 314 1802 346 cathecu-
1837 321 2005 340 *atu-‹numuns

1837 356 1840 371 Ι
1858 352 1970 377 neophitos
1983 353 2002 371 111

1046 379 1156 401 menos
1177 368 1354 411 neophytos
1378 373 1408 399 ct
1433 376 1603 400 conversos
1628 359 1872 408 ([1105011111-ζῖ,,,“ω
1898 375 1927 402 Γ(
1946 387 2005 403 w„

1044 434 1119 465 que,
1138 422 1233 454 etiam
1257 422 1287 453 in
1315 421 1397 453 l'rbe
1418 426 1447 452 et
1468 426 1554 452 extra
1573 430 1642 451 eam
1660 430 1804 451 ‹tommo—
1819 422 1939 464 '¹';j'¹·¹¹‘·'j³⁴¹'
1963 423 1988 464 J·

1822 571 1832 589 ll
1845 576 1888 589 rum
1906 570 1984 591 exiluit,

1047 593 1160 613 corum
1182 592 1233 614 res
1258 587 1287 613 et
1310 583 1393 613 hona
1416 591 1501 613 nunc
1523 586 1550 612 ct
1578 590 1637 622 pro
1659 584 1806 622 tempore

1050 635 1182 667 ubilibet
1205 635 1370 667 existentia
1398 646 1414 665 a
1444 644 1730 676 quorumcumque
1761 633 1807 664 iu-

1047 689 1157 721 dicum
1175 694 1202 720 et
1226 689 1366 720 aliorum
1384 689 1487 719 dictae
1502 687 1605 725 Urbis,
1619 697 1655 719 ac
1667 686 1805 719 aliorum

1050 743 1195 774 locorum
1240 741 1403 774 ordinaria
1439 740 1681 777 iurisdictione,
1717 745 1808 783 potc—

1049 802 1144 835 state,
1168 796 1359 828 auctoritate
1385 802 1413 827 et
1440 793 1583 827 dominio
1626 794 1755 837 penitus
1780 799 1810 827 et

1050 849 1182 881 ouiumo
1208 849 1380 881 eximimus
1400 854 1427 880 et
1451 848 1592 880 totaliter
1614 847 1807 886 liberamus,

1050 914 1084 935 ar
1120 903 1255 946 praelati
1289 902 1416 935 loannis
1447 901 1608 934 Michaelis
1638 901 1811 934 ‹ardinalis

1051 962 1076 988 ct
1103 967 1160 999 pro
1185 961 1332 999 tempore
1358 955 1520 988 existentis
1545 955 1738 998 protectoris
1759 955 1809 987 iu-

1052 1010 1249 1051 risdictioni,
1276 1009 1459 1043 auctoritati
1482 1014 1511 1042 et
1536 1009 1681 1042 dominio
1708 1009 1809 1042 subii-

1052 1064 1156 1095 cimus
1173 1068 1203 1096 et
1223 1063 1451 1106 supponimus,

1096 1119 1110 1157 ,ξ’
1131 1117 1160 1149 7.
1185 1117 1316 1150 Necnon
1332 1127 1444 1149 onmes
1461 1122 1488 1149 et
1506 1117 1660 1159 singulas,
1684 1121 1747 1149 tam
1764 1116 1810 1150 ci-

1053 1171 1129 1203 viles
1149 1182 1247 1213 quam
1268 1170 1453 1203 criminales
1481 1178 1511 1203 et
1541 1171 1654 1203 mixtas
1674 1182 1787 1204 causas
1800 1198 1808 1211 ,

1054 1225 1136 1257 iuter
1170 1224 1433 1263 cathecumenos,
1457 1224 1636 1267 neophytos
1669 1229 1700 1257 et
1733 1235 1811 1257 con-

1053 1288 1177 1316 versos,
1200 1277 1436 1320 deputatosque
1466 1283 1496 1310 et
1529 1277 1608 1310 alios
1638 1278 1809 1321 praelatos

1054 1342 1112 1364 seu
1130 1342 1373 1374 quemcumque
1395 1341 1508 1363 eorum
1526 1342 1563 1363 ex
1578 1342 1655 1370 una,
1674 1336 1705 1364 et
1720 1342 1816 1374 quas-

1055 1386 1100 1418 vis
1121 1385 1198 1418 alias
1218 1396 1373 1428 personas
1395 1390 1424 1418 et
1439 1385 1522 1423 loca,
1543 1385 1679 1427 collegia
1700 1390 1730 1418 et
1746 1385 1816 1418 uni-

1054 1440 1233 1479 vmsitates,
1257 1449 1366 1472 coram
1392 1439 1558 1482 quibusvis
1579 1438 1741 1471 iudicibus
1761 1450 1815 1472 or-

1055 1493 1188 1525 dinariis
1214 1498 1242 1525 et
1257 1492 1536 1532 extraordinariis,
1555 1502 1682 1525 necnon
1702 1503 1816 1526 execu-

1056 1546 1180 1578 toribus
1192 1557 1290 1589 super
1302 1545 1468 1588 quibusvis
1479 1545 1575 1578 etiam
1587 1545 1681 1578 bonis
1689 1551 1815 1579 verten-

1057 1606 1102 1631 tes
1123 1604 1153 1631 et
1172 1599 1350 1642 pendentes
1364 1625 1371 1638 ,
1399 1598 1544 1642 partibus
1569 1609 1605 1631 ex
1634 1599 1746 1639 altera,
1768 1610 1818 1631 re-

1057 1653 1195 1696 spective
1216 1653 1255 1685 ad
1272 1664 1330 1685 nos
1351 1652 1554 1692 advocantes,
1578 1652 1713 1696 illasque
1729 1652 1761 1685 in
1778 1663 1816 1686 eo

1057 1711 1141 1739 statu
1166 1711 1197 1739 et
1222 1705 1369 1738 terminis
1383 1733 1390 1746 ,
1413 1705 1445 1738 in
1466 1706 1585 1749 quibus
1605 1706 1643 1738 ad
1665 1716 1817 1749 praesens

1057 1760 1285 1803 reperiuntur,
1308 1765 1339 1793 et
1363 1770 1444 1802 quas
1469 1759 1502 1792 in
1527 1760 1675 1792 futurum
1696 1760 1818 1793 moveri

1058 1814 1096 1846 dc
1117 1824 1198 1846 novo
1221 1813 1403 1856 contigerit,
1424 1819 1486 1846 tarn
1508 1813 1609 1846 active
1630 1825 1727 1857 quam
1746 1824 1818 1857 pas-

1058 1867 1140 1907 sive,
1164 1878 1239 1900 cum
1259 1867 1410 1900 omnibus
1435 1872 1466 1900 et
1494 1867 1629 1909 singulis
1654 1868 1721 1901 suis
1741 1867 1819 1901 inci—

1059 1920 1220 1960 dentibus,
1242 1920 1499 1964 dependentibus
1512 1947 1519 1960 ,
1543 1921 1675 1954 annexis
1694 1926 1725 1954 et
1745 1932 1819 1955 con-

1060 1975 1158 2014 nexis,
1179 1975 1284 2008 eidem
1304 1974 1416 2008 loanni
1439 1974 1585 2008 Michaeli
1611 1975 1768 2008 cardinali
1788 1980 1819 2008 et

1845 1129 1961 1156 Eorumque
1980 1130 2012 1149 iu-

1826 1161 1893 1180 divom
1918 1164 1938 1179 et
1962 1166 2013 1186 pro-

1825 1194 1927 1212 tectorem
1945 1193 2011 1217 dupu-

1826 1226 1854 1242 1.ιι
1883 1223 2010 1242 ναι-1110119111

1827 1254 1967 1275 Safar-cuum:

1038 2068 1039 2079 γ
1060 2038 1118 2071 pro
1144 2034 1291 2071 tempore
1312 2028 1459 2061 existenti
1480 2028 1654 2072 protectori
1678 2039 1819 2061 summa-

1060 2082 1118 2121 rie,
1141 2081 1332 2125 simpliciter
1352 2086 1382 2114 et
1401 2082 1441 2114 de
1461 2082 1571 2126 plano,
1594 2081 1662 2115 sine
1683 2082 1819 2125 strepitu

1060 2141 1087 2167 et
1109 2135 1214 2177 figura
1239 2134 1363 2174 iudicii,
1387 2135 1454 2168 sola
1474 2135 1547 2168 sacti
1563 2134 1695 2168 veritate
1710 2134 1818 2178 inspe-

1038 2215 1040 2224 ,
1061 2195 1109 2221 cta
1125 2216 1132 2228 ‚
1155 2195 1202 2227 et,
1224 2194 1386 2233 quatenus
1410 2199 1493 2232 opus
1519 2189 1578 2229 sit,
1602 2189 1767 2222 executive
1788 2194 1820 2223 et

1063 2253 1159 2275 manu
1188 2243 1287 2285 regia,
1310 2243 1431 2286 absque
1456 2242 1604 2275 terminis
1628 2243 1820 2276 substantia-

1062 2297 1144 2329 libus
1169 2307 1206 2329 ac
1231 2297 1368 2329 alicuius
1394 2298 1474 2330 telae
1501 2297 1690 2330 iudiciariae
1711 2298 1819 2331 obser-

1040 2376 1041 2393 ,
1060 2349 1197 2389 vatione,
1215 2361 1423 2394 quacumque
1443 2350 1660 2394 appellatione
1682 2356 1817 2389 remota,

1062 2403 1157 2436 etiam
1182 2404 1311 2443 frivola,
1339 2404 1531 2444 audiendas,
1559 2404 1816 2446 cognoscendas,

1041 2457 1256 2506 ,decidendas
1291 2469 1328 2491 ac
1362 2458 1425 2491 line
1459 2458 1567 2491 debito
1603 2457 1820 2490 terminandas

1063 2507 1307 2547 committimus,
1322 2507 1415 2541 etiam
1430 2518 1503 2540 cum
1517 2512 1671 2551 potestate
1687 2506 1817 2543 citandi,

1063 2557 1157 2588 etiam
1175 2555 1207 2588 in
1219 2557 1362 2589 Romana
1373 2556 1467 2589 Curia
1481 2562 1509 2589 et
1527 2562 1614 2588 extra
1626 2566 1709 2594 eam,
1724 2555 1819 2588 etiam

1064 2616 1122 2648 per
1137 2605 1277 2638 edictum
1295 2605 1475 2649 publicum,
1494 2604 1630 2637 constito
1646 2603 1821 2637 summarie

1065 2654 1102 2685 sle
1128 2664 1193 2687 non
1218 2659 1287 2687 tuto
1313 2665 1464 2695 accessu,
1488 2665 1524 2686 ac
1549 2652 1714 2696 quibusvis
1734 2652 1820 2686 inhi-
