2227 3001
429 249 493 283 376

429 314 444 356 ἓ
459 312 490 345 ὃ.
509 313 568 346 Sed
585 313 660 357 quia
677 314 707 345 in
723 313 807 345 dicta
823 314 1018 356 praeinscrta
1034 313 1132 356 gratia
1178 319 1240 346 tres
1267 319 1397 355 quartas
1424 318 1634 350 remanentes,
1663 312 1759 345 fuisse
1780 319 1808 346 et
1837 325 1905 347 csse
1917 341 1924 354 ‚

216 368 253 389 rm
278 373 370 395 qssffl'fflffl
386 372 495 399 nostra
528 378 592 399 non
616 367 650 399 sit
678 366 797 399 mentio
823 366 972 409 specifica
992 366 1030 399 ‹le
1050 367 1133 400 dicta
1176 377 1212 399 ae
1241 365 1365 398 restitui
1393 371 1423 398 et
1443 376 1610 399 remanere
1637 366 1753 399 debere
1781 366 1925 410 ipsorum

188 400 288 421 bonorum
310 407 372 422 rccu-

188 436 308 458 pemmrum
333 440 371 453 au-
385 426 498 463 quarta
525 425 614 464 parte
641 421 813 459 bonorum,
846 420 899 452 sed
924 420 1010 464 quod
1031 421 1132 454 dictae
1175 419 1399 459 dominorum,
1436 423 1469 450 ut
1503 418 1593 462 prius
1627 419 1762 452 Inerant.
1801 420 1837 452 Et
1866 431 1925 464 pro

190 255 239 282 Λη.
259 255 286 283 C.
307 257 373 284 1505
980 261 1156 284 nrtlmnn'n
1183 261 1331 285 nonmrn

1941 261 1991 288 An.
2007 262 2037 289 C.
2057 262 2123 288 ¹25stss

189 496 253 516 cessit
266 504 271 521 ς

206 1439 228 1459 Et
251 1440 310 1460 modo
331 1441 363 1459 di-

179 1474 232 1491 ctam
243 1477 362 1491 concessm-

179 1508 226 1523 neni
243 1502 345 1524 deilarau

188 464 300 484 ¹¹¹¹·¹¹⁰'‘¹¹''
318 471 371 486 ⁰⁰¹¹*
385 484 541 517 personae
570 473 615 505 sic
648 478 776 505 vocatae
807 478 929 505 tantum
959 479 1075 506 statuta
1104 480 1131 507 et

385 526 652 560 consuetudinem
678 526 815 568 allegare
839 526 961 569 possint
986 527 1131 560 contine-

385 586 446 612 tnr.
471 580 505 612 Et
526 585 695 623 propterea
716 580 810 611 etiam
835 580 1020 624 accepimus
1046 582 1130 624 quod

384 633 529 665 nonnulli
548 632 701 669 iudicant,
720 638 750 665 et
769 632 886 665 dictam
904 639 1044 666 nostram
1064 645 1132 677 gra-

384 686 457 719 tiam
475 697 568 729 prave
581 686 803 729 intelligentes,
818 687 856 719 ad
869 698 1021 730 personas
1037 689 1129 720 etiam

382 751 446 772 non
476 746 602 773 vocatas
635 741 830 781 extendunt,
862 746 892 773 et
919 741 963 773 sic
997 742 1129 785 intelligi

381 793 497 826 debere
519 794 744 837 praetendunt,
767 799 797 826 et
823 794 910 827 illam
932 806 995 827 non
1011 795 1130 828 habere

381 846 508 886 locum,
532 846 591 878 nisi
613 846 644 879 in
665 847 792 880 casibus
816 848 896 880 meri
921 849 1079 892 naufragii
1101 855 1127 882 et

381 899 494 939 iactus,
517 900 572 933 sed
593 900 617 933 si
638 911 732 933 naves
757 906 783 933 et
808 901 923 934 barcae
944 902 1129 935 huiusmodi

380 953 502 995 integre
539 953 568 986 vi
609 954 804 997 tempestatis
845 955 885 988 ad
918 955 993 988 litus
1034 957 1131 989 maris

379 1007 592 1050 pervenerint,
625 1013 652 1039 et
681 1012 796 1040 terram
831 1008 1038 1045 dominorum
1072 1011 1129 1042 ali-

379 1071 519 1103 quorum
537 1061 738 1103 pervenerint
755 1066 782 1093 et
800 1061 974 1104 attigerint,
992 1063 1129 1096 maxime

379 1112 404 1145 si
425 1123 484 1156 pro
505 1113 691 1146 officialium
721 1114 867 1157 ipsorum
895 1116 1126 1158 praesentimu,

379 1171 409 1199 et
438 1166 525 1199 iussu
554 1177 667 1199 eorum
693 1167 901 1200 dominorum
930 1169 1060 1201 nomine
1091 1169 1125 1201 sit

379 1220 441 1252 illis
468 1220 622 1253 auxilinm
650 1221 853 1264 praestitum,
877 1227 952 1254 tunc
976 1223 1127 1265 praestari

383 1274 499 1307 debere
516 1274 577 1307 loci
597 1275 829 1308 consuetudine
854 1276 988 1318 allegant
1006 1303 1012 1315 ‚
1035 1282 1065 1309 et.
1085 1276 1128 1310 sic

387 1327 519 1371 intelligi
547 1329 663 1361 debere
685 1334 843 1372 satagunt.

422 1382 436 1423 ᾗ
456 1381 486 1413 st.
506 1381 577 1421 Nos,
596 1382 1129 1416 volentesinconvenientiisliuius-

378 1434 464 1466 modi
493 1434 620 1467 obviare
635 1462 642 1473 ,
672 1440 759 1468 motu
781 1436 914 1479 proprio
936 1441 963 1467 et
985 1447 1021 1467 ex
1043 1442 1126 1469 certa

377 1487 510 1520 scientia
535 1499 571 1521 ae
603 1488 802 1532 plenitudine
832 1488 996 1531 potestatis
1026 1489 1129 1521 deela-

379 1552 486 1574 ramus
506 1547 633 1574 nostrae
659 1541 843 1574 intentionis
869 1542 900 1574 in
922 1542 1128 1576 concessione

377 1594 593 1638 praeinsertae
611 1600 739 1628 nostrae
761 1595 880 1636 gratiae
898 1595 994 1628 l'uisse
1011 1601 1038 1629 et
1061 1607 1128 1629 esse

377 1648 463 1692 quod
491 1649 715 1681 tantummodo
742 1648 842 1681 vocati
871 1654 901 1681 et
924 1648 1068 1691 requisiti
1090 1650 1129 1681 ab

379 1702 440 1734 illis
469 1702 608 1735 dominis
636 1708 665 1735 et
690 1702 836 1746 personis
861 1714 920 1746 pro
948 1703 1127 1746 praedicto-

379 1767 450 1789 rum
473 1756 716 1799 recuperatione
742 1762 889 1799 quartam
911 1761 1047 1799 partem,
1071 1769 1129 1800 pro

378 1811 474 1843 modo
494 1810 654 1843 bonorum
676 1815 706 1843 et
726 1821 834 1842 rerum
863 1815 1129 1853 recuperatorun1

378 1864 411 1896 in
432 1863 524 1896 dictis
544 1863 678 1896 navibus
697 1863 760 1896 sive
780 1863 904 1903 barcis,
932 1863 976 1896 sic
1002 1865 1130 1897 naufra-

378 1917 467 1960 gium
489 1917 600 1961 passiS,
622 1918 786 1958 allevians,
810 1917 871 1950 sive
884 1917 977 1950 aliter
996 1919 1035 1951 ad
1055 1918 1131 1950 litu>⁴

379 1971 502 2013 integre
535 1971 694 2015 perventis
723 1977 753 2004 et
785 1983 901 2004 arenae
938 1972 1127 2009 commissis,

380 2025 427 2056 vel
443 2024 504 2056 alio
521 2024 685 2068 inopinato
702 2036 777 2057 casu
793 2025 978 2069 deperditis,
998 2026 1131 2059 existen-

381 2078 472 2117 tium,
508 2084 535 2111 et
572 2090 684 2111 eorum
719 2090 816 2122 opera
851 2085 881 2112 et
914 2080 1069 2112 industria
1095 2091 1130 2112 ac

381 2132 511 2170 auxilio,
534 2144 608 2165 eum
630 2133 801 2177 praedictis
821 2133 1130 2178 mercibusrecupe-

382 2185 467 2224 ratis,
488 2187 666 2226 lucrentur⁷
681 2187 705 2220 si
722 2192 827 2221 tamen
845 2188 1024 2231 praedictae
1041 2199 1131 2220 recu-

384 2240 539 2284 perationi
555 2241 724 2274 actualiter
740 2253 814 2275 cum
835 2252 949 2275 eorum
971 2243 1128 2286 personis,

383 2304 447 2327 non
460 2305 517 2337 per
528 2295 741 2338 praesentiam
768 2301 902 2335 tantum,
927 2295 1128 2329 incubuerint

383 2353 413 2380 et,
430 2347 687 2391 recuperaverint
712 2349 795 2391 (aliis
813 2349 958 2393 personis
982 2349 1045 2382 sive
1074 2349 1132 2381 do-

383 2400 478 2433 minis
498 2400 656 2441 locorum,
678 2412 885 2446 quocumque
898 2403 990 2436 titulo
1005 2413 1132 2436 nuncu-

385 2453 478 2497 patis,
501 2453 564 2487 sive
584 2454 763 2488 cardinales
783 2456 873 2489 SR.
902 2457 935 2489 E.
960 2462 990 2489 et
1010 2456 1134 2500 praedi-

385 2509 511 2536 ctorum
532 2503 679 2536 locorum
700 2503 864 2544 officiales,
887 2510 918 2537 et
936 2505 1017 2538 aliae
1037 2516 1133 2548 quae-

387 2563 526 2596 cumque
546 2564 703 2597 personae
724 2553 874 2596 privatae,
898 2554 960 2587 sive
985 2555 1134 2588 ecclesia-

386 2602 482 2635 stieae
498 2602 560 2635 sive
577 2602 757 2635 saeculares
772 2602 835 2635 sint
845 2604 892 2635 vel
909 2614 968 2646 pro
989 2609 1133 2648 tempore

386 2651 516 2693 suerint,
551 2651 678 2697 penitus
713 2652 880 2695 exclusis),
916 2652 992 2686 alias
1026 2658 1132 2686 autem

1176 472 1313 517 pleniori
1334 473 1550 512 firmamento,
1572 472 1610 505 de
1626 483 1707 505 novo
1724 473 1841 506 talibus
1850 485 1924 517 per-

1176 526 1261 559 sonis
1277 525 1513 564 tantummodo,
1531 530 1561 557 et
1574 524 1678 558 forma
1694 526 1811 569 quibus
1827 537 1923 570 supra

1175 586 1202 613 et
1225 590 1289 612 non
1317 578 1428 619 aliter,
1451 584 1598 622 quartam
1624 579 1708 611 illam
1744 591 1803 622 pro
1829 581 1924 613 modo

1175 639 1202 666 et
1232 638 1299 665 rata
1332 632 1493 666 bonorum
1523 638 1803 676 recuperatorum,
1830 644 1846 665 a
1872 634 1923 667 die

1174 686 1276 719 dictae
1310 685 1526 730 praeinsertae
1559 685 1679 728 gratiae
1718 687 1923 729 naufragium

1174 750 1341 783 passorum
1381 739 1443 771 sive
1475 739 1715 780 alleviatorum,
1749 740 1797 772 vel
1831 741 1924 773 aliter

1174 794 1296 836 integre
1316 793 1355 825 ad
1375 793 1451 825 litus
1472 798 1698 837 perventorum
1724 798 1754 826 et
1778 793 1810 826 in
1841 794 1925 827 sutu-

1174 858 1245 879 rum
1274 846 1564 890 perveniemlorum
1580 873 1587 886 ‚
1615 846 1868 879 alleviandorum
1894 853 1924 880 et

1173 900 1377 943 naufragium
1399 899 1643 945 patiendorum,
1674 911 1806 944 quoquo
1827 901 1924 934 modo

1173 947 1403 994 donanius,'ac
1425 953 1572 997 capiendi
1594 954 1777 987 facultatem
1807 964 1923 988 conce-

1173 1008 1289 1040 dimus.

1216 1062 1230 1103 ς’
1246 1062 1276 1094 5.
1297 1060 1379 1093 Alias
1399 1072 1473 1094 vero
1490 1071 1643 1104 personas
1659 1061 1754 1093 modo
1775 1067 1804 1094 et
1821 1063 1922 1095 forma
1976 1073 2122 1100 Occupato„-

1174 1114 1355 1158 praemissis
1382 1125 1446 1147 non
1474 1119 1616 1153 vocatas,
1646 1125 1853 1158 quacumque
1873 1116 1922 1148 di-
1938 1106 2123 1156 ssssff¹¹¹¹¹¹¹⁸¹¹ii¹b

1171 1168 1309 1209 gnitate,
1346 1168 1441 1201 etiam
1481 1168 1696 1201 cardinalatus
1736 1169 1860 1202 honore
1894 1176 1924 1203 et

1171 1221 1323 1263 dignitate
1345 1223 1512 1265 fulgentes,
1536 1227 1566 1255 et
1586 1221 1802 1254 ecclesiastica
1821 1222 1924 1266 digni-

1173 1280 1234 1307 tate
1257 1275 1440 1318 insiguitas,
1462 1286 1745 1318 ‹piorumcumque
1774 1276 1923 1309 locorum

1172 1329 1218 1360 vel
1259 1334 1440 1369 terrarum,
1487 1329 1623 1361 mediate
1651 1329 1699 1361 vel
1739 1329 1923 1363 immediate

1172 1383 1203 1413 S.
1218 1382 1253 1413 R.
1277 1382 1311 1415 E.
1331 1382 1564 1422 subiectorum,
1583 1382 1682 1421 fures,
1699 1388 1858 1426 raptores,
1877 1384 1922 1416 la-

1173 1442 1280 1467 trones
1306 1441 1332 1468 et
1362 1436 1498 1468 rebelles
1518 1440 1740 1468 sacrosanctae
1759 1436 1922 1470 Romanae

1172 1489 1332 1522 Ecclesit‘te
1362 1501 1428 1522 esse
1464 1500 1644 1529 (cuminus,
1680 1500 1716 1521 ac
1752 1490 1863 1533 poenis
1892 1496 1923 1523 et

1173 1542 1335 1583 t·f‹„=111s1.tris⁷
1365 1543 1447 1575 iuxta
1475 1543 1589 1575 seriem
1615 1548 1645 1575 et,
1666 1548 1811 1576 tenorem
1830 1554 1922 1587 prae-

1173 1595 1309 1627 insertae
1329 1595 1448 1638 gratiae
1469 1595 1607 1628 aliarum
1628 1595 1795 1628 literarum
1813 1596 1922 1639 puniri

1172 1650 1373 1689 mandamus,
1392 1650 1601 1682 decernentes
1624 1649 1750 1682 irritum
1774 1654 1803 1683 et
1828 1649 1923 1683 inane

1162 1703 1326 1747 ,quidquid
1340 1704 1370 1735 in
1383 1703 1580 1736 contrarium
1594 1703 1742 1736 attentari
1754 1703 1923 1747 contigerit

1174 1757 1203 1789 in
1225 1758 1381 1789 futurum.

1182 1826 1185 1828 -
1216 1810 1276 1853 {0-
1296 1811 1450 1843 Volumus
1465 1811 1558 1843 etiam
1580 1811 1666 1855 quod
1682 1811 1842 1855 praesenti
1867 1823 1922 1845 no·
1936 1822 2120 1859 Ctausutaeprue-

1173 1870 1237 1897 stro
1260 1865 1359 1898 motui
1381 1865 1513 1909 proprio
1534 1877 1591 1909 per
1610 1876 1849 1909 (piamcumque
1864 1877 1924 1899 no-
1937 1858 2063 1877 semmae.

1174 1924 1270 1950 stram
1300 1911 1636 1962 signaturamsetiam
1673 1925 1761 1952 motu
1790 1920 1923 1964 proprio

1174 1978 1363 2005 emanatam
1388 1978 1416 2006 et
1452 1973 1483 2006 in
1518 1973 1660 2006 futurum
1695 1974 1920 2015 emanandam‚

1174 2025 1267 2059 etiam
1289 2026 1314 2058 si
1343 2027 1381 2059 de
1402 2038 1513 2059 eorum
1536 2026 1688 2059 clausulis
1713 2027 1924 2069 derogatoriis

1174 2080 1294 2113 mentio
1315 2079 1381 2120 fiat,
1404 2079 1463 2112 nisi
1480 2079 1565 2112 illius
1585 2091 1732 2124 expressa
1748 2080 1868 2113 mentio
1884 2080 1923 2113 de

1174 2133 1269 2166 verbo
1294 2134 1332 2165 ad
1365 2133 1497 2166 verbum
1528 2133 1703 2173 habeatur,
1738 2133 1923 2167 nullatenus

1174 2187 1362 2229 derogatum
1389 2192 1567 2219 censeatur.

1218 2241 1274 2284 57.
1290 2239 1525 2282 Praecipientes
1535 2240 1662 2273 clericis
1676 2240 1827 2274 Gamerae
1842 2241 1924 2284 Apo-

1176 2293 1318 2335 stolicae,
1330 2293 1550 2337 gubernatori,
1563 2293 1764 2327 auditoribus
1775 2294 1857 2327 sacri
1867 2294 1923 2327 Pa*

1176 2349 1258 2389 latii,
1282 2349 1421 2382 senatori
1438 2348 1543 2389 Urbis,
1561 2349 1777 2393 Cameraeque
1795 2354 1923 2382 nostrae

1175 2401 1326 2443 auditori,
1343 2413 1380 2435 ac
1404 2402 1662 2446 quibuscumque
1683 2402 1872 2436 officialibus
1893 2409 1921 2436 et

1177 2456 1347 2497 iudicibus,
1370 2455 1479 2499 quavis
1495 2457 1685 2489 anctoritate
1701 2456 1921 2499 fungentibus,

1176 2511 1335 2549 quatenus
1362 2505 1393 2537 in
1423 2505 1624 2548 praemissis,
1652 2505 1790 2538 dominis
1816 2511 1846 2538 et
1866 2517 1922 2549 pa-

1176 2555 1278 2587 tronis
1303 2566 1358 2588 scu
1392 2555 1498 2587 nautis
1531 2555 1659 2588 navium
1680 2560 1711 2588 et
1736 2555 1920 2595 barcarum,

1176 2603 1220 2637 sic
1232 2603 1398 2647 naufragio
1414 2614 1654 2648 oppressarum,
1666 2604 1816 2639 adversus
1830 2615 1923 2648 quas-

1177 2664 1316 2697 cumque
1349 2663 1515 2697 personas,
1545 2653 1641 2687 etiam
1669 2653 1920 2694 ecclesiasticas,

1980 2250 2121 2273 Executorum

1937 2283 2052 2310 deputatio.
