2227 3001
133 243 181 270 An.
199 243 227 270 C.
246 243 308 269 1511«

143 1478 252 1500 clausulae
268 1478 314 1499 sub-

139 1512 193 1531 atae.

143 2019 277 2046 Indulgentia
286 2021 316 2042 vi-

131 2053 237 2073 sitentium
279 2057 315 2074 ec-

132 2083 226 2104 etesium.

980 241 1098 264 mlu‘s
1117 241 1151 264 111
1172 241 1219 264 Pr.

328 293 538 339 expeditionis
572 299 682 326 contra
719 293 864 326 infideles
897 294 1082 327 nullatenus

329 347 648 391 comprehendantur
661 373 668 386 ,
698 347 752 380 sed
787 358 915 391 semper
947 348 986 380 ab
1020 348 1082 380 illis

328 401 456 447 penitus
483 405 513 433 et
533 399 664 433 omnino
694 407 826 445 excepta
847 401 926 441 sint,
958 408 985 434 et
1013 413 1080 434 esse

329 458 541 493 censeantur3
564 464 599 486 ac
628 453 747 486 eisdem
776 455 998 497 praesentibus
1024 466 1082 499 per

328 518 550 551 quascumque
570 508 679 540 literas
692 534 699 547 ,
723 508 817 540 etiam
846 509 972 551 quasvis
992 509 1081 541 clau-

328 562 413 594 sulas
432 561 598 604 generales
627 566 657 593 et
677 561 848 604 speciales,
871 562 966 594 etiam
990 563 1082 595 dero-

328 614 478 658 gatorias,
497 614 694 647 efficaciores
714 620 744 647 et
759 615 914 655 insolitas,
932 626 968 648 ae
986 616 1081 648 etiam

328 668 485 701 irritantia
505 668 646 708 decreta,
665 668 724 700 sub
745 679 952 712 quacumque
968 669 1082 701 verbo-

327 732 401 754 rum
421 721 638 764 expressione,
651 721 682 753 in
700 732 731 754 se
754 722 966 763 continentes,
980 723 1084 754 nulla—

326 781 421 808 tenus
441 774 590 818 derogari
607 775 716 819 possit,
737 786 795 808 nee
814 775 1002 818 derogatum
1015 786 1082 808 esse

328 834 509 866 censeatur,
528 828 588 861 nisi
605 834 698 861 tenor
718 829 847 861 illarum
869 829 907 862 de
928 829 1024 861 verbo
1044 830 1082 861 ad

326 883 471 923 verbum,
479 883 559 915 nihil
568 882 697 920 omisso,
705 884 887 923 insertus‚et
898 882 1083 915 huiusmodi

328 937 552 979 derogationes
572 936 836 970 consistorialiter
856 936 969 977 saetae,
988 936 1082 969 etiam

327 1001 386 1035 per
404 990 505 1023 trinas
530 991 696 1024 distinctas
730 990 838 1023 literas
866 991 1016 1023 eumdem
1037 995 1083 1023 te-

328 1055 440 1077 norem
466 1044 685 1083 continentes,
708 1044 811 1076 tribus
843 1043 1001 1076 similibus
1035 1044 1082 1076 di-

327 1098 449 1131 stinctis
468 1098 600 1138 vicibus,
617 1097 942 1137 administratoribus,
965 1097 1083 1139 guber-

328 1152 505 1193 natoribus,
528 1152 709 1185 rectoribus
729 1156 760 1184 et
780 1151 966 1184 oeconomis
990 1162 1083 1194 prae-

328 1206 420 1239 dictis
439 1205 580 1248 legitime
597 1205 760 1238 intimatae
777 1210 807 1238 et
822 1204 1003 1238 insinuatae
1019 1205 1085 1238 fue-

328 1259 412 1300 rint,
436 1270 616 1303 eorumque
636 1259 675 1292 ad
704 1259 737 1292 id
764 1270 934 1303 expressus
954 1259 1082 1291 accedat

328 1323 488 1351 assensus,
504 1318 534 1346 et
553 1312 647 1345 aliter
666 1313 766 1346 sactae
787 1312 1011 1355 derogationes
1027 1323 1082 1345 ne-

330 1367 409 1400 mini
430 1368 658 1411 suffragentur.

372 1421 387 1464 ἓ
407 1421 460 1454 14.
485 1421 601 1464 Sicque
622 1431 681 1465 per
707 1431 951 1464 quoscumque,
975 1421 1085 1463 quavis

329 1474 518 1507 auctoritate
531 1474 712 1517 fungentes,
731 1474 854 1506 iudices
871 1478 899 1506 et
917 1484 1082 1515 personas,

329 1528 425 1561 etiarn
447 1537 619 1561 causarum
639 1527 750 1560 Palatii
770 1526 944 1570 Apostoliei
962 1527 1085 1559 audito-

329 1593 392 1621 res,
415 1582 539 1614 sublata
567 1581 612 1614 eis
640 1586 670 1613 et
699 1591 813 1615 eorum
835 1580 967 1613 cuilibet
994 1581 1086 1613 aliter

328 1634 491 1668 iudicandi
513 1640 543 1667 et
558 1635 790 1679 interpretandi
808 1635 957 1667 facultate
977 1640 1006 1666 et
1027 1646 1085 1666 au-

330 1689 494 1729 ctoritate,
517 1689 652 1722 iudicari
680 1688 857 1721 et-definiri
878 1688 1017 1725 debere:
1040 1688 1083 1720 ir—

329 1743 426 1776 ritum
447 1754 578 1787 quoque
595 1748 625 1776 et
640 1743 747 1781 inane,
768 1742 792 1774 si
810 1753 902 1775 secus
923 1752 1021 1785 super
1036 1743 1085 1775 his

329 1807 346 1829 a
371 1807 549 1840 quoquam,
580 1796 690 1839 quavis
711 1796 918 1834 auctoritate,
947 1795 1086 1828 scienter

329 1850 376 1883 vel
396 1849 593 1893 ignoranter,
617 1849 786 1893 eontigerit
806 1849 953 1882 attentari
974 1849 1084 1882 decer—

329 1903 448 1936 nimus.

373 1957 388 2000 ἓ
407 1957 460 1990 15.
483 1957 520 1989 Et
550 1956 772 1995 nihilominus⁷
793 1956 832 1989 de
857 1956 1087 2000 omnipotentis

328 2010 383 2043 Dei
415 2009 636 2043 misericordia
670 2021 706 2043 ac
737 2010 906 2042 beatorum
940 2009 1024 2042 Petri
1057 2015 1087 2043 et

329 2064 418 2098 Pauli
435 2065 656 2109 apostolorum
666 2063 741 2096 Eius
751 2063 939 2096 auctoritate
954 2064 1066 2096 contisi
1076 2091 1083 2103 ,

330 2118 488 2151 universis
497 2122 527 2150 et
536 2117 671 2161 singulis
682 2117 851 2159 utriusque
859 2128 952 2150 sexus
963 2117 1086 2150 christi—

330 2172 480 2205 fidelibus
504 2182 577 2205 vere
607 2171 846 2215 poenitentibus
871 2177 898 2203 et
933 2172 1086 2205 confessis

331 2237 387 2259 seu
426 2225 600 2258 confitendi
634 2225 836 2269 propositum
875 2225 1084 2263 habentibus,

333 2280 387 2324 qui
410 2280 441 2312 in
460 2279 645 2312 visitatione
666 2279 810 2312 eiusdem
832 2279 945 2312 Beatae
956 2280 1083 2318 Mariae,

332 2345 388 2367 seu
409 2333 471 2366 alio
492 2344 551 2377 per
570 2333 698 2366 eosdem
714 2333 1003 2373 administratores,
1027 2344 1086 2376 gu-

332 2387 531 2428 bernatores,
556 2393 696 2420 rectores
721 2392 751 2420 et
771 2397 967 2420 oeconomos
992 2388 1031 2419 ad
1055 2387 1087 2420 id

333 2441 550 2482 nominando,
573 2452 590 2474 a
616 2441 728 2485 primis
755 2441 895 2485 vesperis
920 2452 1021 2484 usque
1048 2441 1085 2474 ad

334 2501 485 2524 occasum
506 2490 580 2524 solis
596 2490 758 2534 sequentis
774 2490 848 2531 diei,
866 2490 1085 2535 parochialem

335 2540 503 2574 eeclesiam
526 2540 722 2585 praedictam
750 2540 861 2573 devote
880 2539 1084 2580 visitaverint,

336 2600 372 2622 ac
394 2600 452 2634 pro
474 2588 657 2633 praemissis
682 2589 835 2634 operibus
855 2600 970 2622 manus
994 2589 1086 2622 adiu-

335 2639 443 2680 trices,
457 2638 544 2673 iuxta
555 2649 668 2673 eorum
679 2638 860 2679 arbitrium,
872 2639 1085 2684 porrexerint,

1767 231 1825 264 :311

1124 295 1302 338 plenariam
1333 295 1477 327 omnium
1508 298 1715 337 peccatorum
1741 304 1875 326 suorum

1124 348 1357 387 indulgentiam
1386 359 1422 380 as·r
1443 347 1619 380 iubilaeum
1649 352 1679 380 et
1713 347 1874 380 remissio-

1124 412 1197 434 nem
1214 401 1466 434 miseris-orditer
1483 401 1514 433 in
1535 400 1670 433 Domino
1686 400 1872 443 elargimur.

1168 456 1182 495 ,ξ
1202 455 1254 487 16.
1278 455 1434 494 Quocirca
1455 454 1569 488 Curiae
1580 465 1752 487 causarum
1768 454 1877 487 Came-

1125 519 1177 541 rae
1198 509 1398 552 Apostolieae
1414 508 1554 549 generali
1576 507 1713 540 auditori
1730 512 1760 540 et
1775 507 1878 540 dictae

1125 562 1213 594 urbis
1238 562 1445 604 gubernatori
1479 572 1515 594 ac
1547 561 1664 593 vicario
1705 565 1813 594 nostro
1845 561 1878 594 in

1124 616 1207 648 dieta
1228 616 1307 647 urbe
1335 616 1367 647 in
1395 615 1615 659 spiritualibus
1647 625 1706 659 pro
1733 619 1878 658 tempore.

1125 669 1344 709 existentibus,
1368 680 1495 702 necnon
1516 668 1671 701 universis
1691 674 1721 702 et
1745 668 1879 712 singulis

1124 722 1362 755 x·e11‹{·1·al›ilil)us
1395 722 1547 754 fratribus
1578 722 1694 755 nostris
1718 722 1878 766 archiepi-

1125 775 1230 819 scopis
1244 776 1253 802 1
1268 787 1302 808 ae
1324 776 1447 808 ditm-iis
1468 775 1541 807 tiliis
1561 775 1729 807 abbatibus
1744 776 1878 819 aliisque

1126 830 1157 861 in
1178 829 1329 871 dignitate
1355 829 1569 862 ecclesiastica
1595 829 1774 862 constitutis
1804 841 1877 874 per-

1125 883 1230 923 sonis,
1257 894 1317 916 nee
1343 894 1407 916 non
1428 884 1749 927 metropolitanarum
1775 888 1805 916 et
1825 895 1876 916 ca-

1126 937 1321 969 tlu·dralium
1343 937 1554 970 ecclesiarum
1576 937 1750 978 canonici&
1773 949 1810 970 ac
1830 937 1877 970 di-

1127 995 1254 1022 ctorum
1267 991 1587 1034 arehiepiseoporum
1605 995 1634 1023 et
1650 990 1877 1034 episcoporum

1127 1044 1319 1077 officialibus
1356 1056 1392 1077 ac
1429 1044 1554 1077 vicariis
1592 1044 1624 1076 in
1659 1044 1879 1089 spiritualibus

1125 1098 1330 1139 generalibus
1350 1097 1482 1131 ubilibet
1504 1098 1700 1138 constitutis,
1723 1110 1781 1143 per
1800 1109 1879 1143 apo-

1127 1151 1237 1184 stoliea
1265 1152 1383 1195 scripta
1411 1152 1602 1185 mandamus
1635 1158 1794 1195 quatenus
1820 1153 1879 1197 ipsi

1125 1205 1174 1237 vel
1204 1205 1268 1237 duo
1296 1211 1348 1237 aut
1379 1205 1495 1248 aliquis
1529 1216 1664 1245 eorum,
1695 1216 1752 1249 per
1779 1217 1811 1239 se
1831 1206 1880 1239 vel

1126 1258 1226 1291 alium
1255 1270 1311 1292 seu
1332 1260 1423 1299 alios,
1453 1265 1638 1303 praesentes
1658 1260 1765 1292 literas
1790 1266 1820 1292 et
1848 1259 1880 1292 in

1126 1312 1172 1345 eis
1197 1318 1346 1346 contenta
1366 1324 1604 1357 quaecumque,
1628 1314 1682 1346 ubi
1703 1318 1731 1346 et
1752 1314 1880 1357 quando

1127 1377 1209 1410 opus
1238 1367 1344 1407 suerit,
1372 1372 1403 1400 et
1429 1367 1554 1410 quoties
1574 1379 1633 1412 pro
1659 1372 1747 1411 parte
1774 1372 1880 1411 prote-

1128 1421 1240 1461 ctoris,
1263 1421 1560 1455 administratorum
1574 1448 1581 1460 ,
1603 1422 1858 1464 gubernatorum
1872 1449 1879 1459 ,

1127 1479 1304 1514 rectorum,
1328 1485 1596 1514 oeconomorum,
1615 1475 1819 1515 servitorum,
1839 1475 1881 1507 sa-

1127 1528 1324 1568 miliarium,
1360 1528 1604 1569 ministrorum,
1640 1539 1818 1572 puerorum
1852 1534 1883 1561 et,

1127 1581 1310 1624 puellarum
1339 1592 1375 1613 ac
1402 1592 1615 1625 personarum
1645 1587 1675 1614 et
1695 1581 1881 1615 officialium

1127 1635 1368 1678 praedictorum
1386 1635 1505 1667 suerint
1520 1635 1678 1678 requisiti,
1697 1635 1883 1668 solemniter

1127 1688 1342 1732 publicantes,
1366 1688 1476 1732 eisque
1496 1688 1528 1721 in
1544 1689 1729 1733 praemissis
1744 1689 1882 1722 efficacis

1127 1742 1321 1775 defensionis
1348 1743 1509 1786 praesidio
1537 1743 1734 1783 assistentes,
1767 1743 1884 1776 saciant

1127 1791 1316 1823 auctoritate
1338 1797 1445 1824 nostra
1461 1791 1637 1835 praemissa
1653 1792 1761 1825 omnia
1776 1797 1807 1824 et
1821 1791 1883 1825 sin-

1127 1841 1202 1882 gula
1222 1839 1359 1873 firmiter
1393 1841 1574 1881 observari,
1597 1841 1748 1885 ipsosque
1773 1847 1881 1885 prote-

1128 1894 1267 1929 ctorem,
1303 1890 1578 1923 administratores
1587 1917 1594 1931 ,
1628 1891 1861 1933 gubernatores
1873 1919 1879 1932 ,

1128 1944 1281 1979 rectores,
1306 1950 1513 1979 oeconomos,
1537 1939 1721 1980 servitores,
1744 1941 1881 1974 familia—

1128 1998 1191 2027 res,
1215 1988 1396 2029 ministros,
1422 2000 1541 2033 pueros
1562 1995 1590 2022 et
1612 1990 1736 2033 puellas
1753 2001 1790 2023 ae
1811 2002 1882 2033 per-

1128 2049 1222 2071 sonas
1242 2044 1272 2071 et
1292 2038 1444 2072 officiales
1472 2039 1533 2072 illis
1558 2045 1716 2083 perpetuo
1747 2040 1882 2084 pacifice

1128 2088 1190 2120 frui
1212 2093 1242 2122 et
1261 2089 1414 2131 gaudere,
1433 2099 1497 2120 non
1514 2089 1735 2132 permittentes
1755 2101 1810 2123 eos
1830 2090 1883 2123 de-

1129 2149 1227 2182 super
1260 2149 1317 2181 per
1348 2137 1641 2171 confraternitatem
1677 2140 1879 2183 presbytero-

1129 2199 1201 2220 rum
1236 2187 1420 2220 huiusmodi
1454 2199 1510 2220 seu
1547 2188 1648 2221 dictos
1680 2189 1882 2234 presbyteros

1129 2242 1181 2269 aut
1203 2247 1427 2281 ‹pwscumque
1449 2237 1539 2277 alios,
1562 2237 1673 2280 quavis
1693 2238 1882 2272 auctoritate

1129 2287 1310 2329 fungentes,
1333 2287 1574 2329 quomodolibet
1610 2287 1749 2320 indebite
1780 2289 1881 2322 mole-

1130 2337 1215 2368 stari.
1240 2336 1498 2370 Contradititores
1520 2337 1681 2380 quoslihet
1697 2342 1727 2370 et
1748 2338 1883 2371 rebelles

1128 2396 1187 2429 per
1207 2396 1359 2419 censuras
1387 2392 1417 2419 et
1442 2396 1564 2429 poenas
1588 2386 1819 2420 ecclesiasticas
1845 2398 1881 2420 ac

1129 2436 1223 2469 etiam
1245 2435 1459 2480 pecuniarias,
1483 2446 1597 2468 eorum
1617 2435 1749 2469 arbitrio
1770 2437 1880 2469 mode-

1129 2485 1261 2524 randas,
1289 2496 1325 2517 ac
1355 2485 1417 2517 alia
1443 2485 1522 2517 iuris
1551 2485 1709 2524 remedia,
1738 2486 1880 2529 appella-

1131 2534 1215 2567 tione
1229 2534 1413 2578 ljiostposita⁷
1426 2535 1675 2578 compescenti&
1687 2545 1722 2566 ac
1734 2535 1881 2578 legitimis

1131 2594 1229 2627 super
1249 2582 1286 2616 iis
1307 2583 1462 2616 habendis
1496 2583 1625 2616 servatis
1658 2583 1878 2627 processibus,

1167 2647 1177 2672 ¹
1198 2645 1314 2674 Cherub.
1331 2646 1451 2681 adiungit
1468 2649 1589 2680 episcopis
1607 2646 1646 2682 (a.
1667 2645 1716 2682 τ.>.

1890 238 1940 264 An.
1960 237 1989 263 C.
2007 234 2069 263 ffifll

1919 458 2028 484 Deputatio
2052 464 2075 478 e-

1893 493 2023 510 lecatorum.
