2227 3001
102 264 154 295 Aa.
171 268 200 295 e.
218 250 302 296 1555‘

129 2022 226 2042 ctmuens
249 2019 287 2041 Vll

105 2054 189 2073 tandem
231 2052 287 2071 illum

119 2083 289 2103 excommunica>

107 2118 142 2138 nt,
158 2120 191 2140 qux
202 2114 223 2133 in
239 2118 292 2133 cen-

106 2146 161 2165 suri»
193 2145 291 2165 insu-‘de—

105 2176 185 2196 scendo
231 2176 291 2195 deie-

107 2210 151 2228 rior
166 2209 241 2229 evasii,

347 258 406 294 196

297 321 458 364 sacrilegii
482 320 606 354 crimen
636 319 805 356 suadente,
838 316 1048 359 quamplures

298 375 470 418 praelatos,
492 373 586 407 etiam
607 372 788 415 episcopos.
811 370 952 412 aliasque
972 378 1047 411 pcr-

298 438 392 460 sonas
406 425 648 463 ecclesiasticas‚
670 423 764 456 etiam
782 422 956 465 regulares,
974 431 1048 453 nec-

298 491 363 512 non
384 479 564 513 saeculares
584 477 642 510 sibi
663 482 698 508 ut.
720 474 882 508 haeretico
902 480 931 507 et
946 473 1047 507 schis-

297 533 414 565 matico
432 532 619 566 adhaerere.
637 539 673 562 ac
685 528 838 561 articulos
854 526 1045 571 praedictos,

298 590 482 618 sanctorum
502 584 631 616 Patrum
661 581 797 614 decretis
824 586 852 613 et
881 591 1046 613 sacrorum

298 637 509 671 conciliorum
530 635 670 673 statutis,
692 634 791 667 immo
811 634 906 666 ctiam
927 633 986 677 ipsi
1013 644 1046 666 e-

297 689 477 733 vangelicae
502 688 624 721 veritati
651 687 847 726 contrarios,
883 693 1046 730 tamquam

297 743 374 775 tales
390 742 468 774 alias
492 742 671 780 damnatos,
693 741 873 783 approbare
902 746 930 772 et
957 739 1047 782 sequi

295 795 453 835 nolentes,
482 799 511 827 et
532 793 690 837 intrepide
712 798 909 833 recusantes,
932 793 1046 835 capiet

296 847 481 880 carceribus
513 845 704 890 mancipari;
747 846 862 889 hisque
901 845 1048 878 similiter

295 910 360 932 non
379 905 561 936 contentus,
585 899 666 931 mala
686 899 777 931 malis
796 899 1045 939 accumulando,

295 953 397 986 bonae
415 952 590 985 memoriae
610 953 774 991 loannem,
792 950 875 984 tituli
891 951 922 984 S.
938 952 1047 985 l'italis

296 1005 516 1049 presbyterum
529 1005 724 1038 cardinalem
732 1005 777 1037 Ro
782 1005 912 1037 tl'ensem
920 1031 927 1044 ,
935 1016 1044 1048 quem,

295 1057 335 1090 ob
345 1058 419 1091 fidei
429 1058 639 1091 constantiam
652 1063 680 1090 et
696 1057 776 1089 vitae
788 1057 1044 1097 sanctimoniam,

295 1111 333 1143 ad
341 1111 561 1143 cardinalatus
573 1110 757 1153 dignitatem
769 1120 1044 1153 promoveramus.

296 1174 369 1196 cnm
394 1163 488 1200 dictis
516 1163 704 1196 haeresibus
725 1168 752 1195 et
774 1162 939 1195 erroribus
969 1174 1046 1196 con-

296 1215 413 1249 sentire
442 1216 560 1257 nollet,
595 1216 757 1248 horrenda
792 1214 988 1260 immanitate
1018 1222 1045 1249 et

295 1268 480 1301 detestanda
519 1268 645 1301 saew'tia
658 1295 665 1305 ,
709 1268 838 1311 publice
873 1268 1047 1301 miserabili

296 1321 454 1365 supplicio
464 1322 558 1362 tradi,
575 1327 604 1354 et
620 1320 773 1354 decollari
789 1321 1004 1359 mandaverat,
1018 1328 1045 1354 ct

296 1376 427 1413 fecerat,
449 1373 792 1407 excommunicationis
812 1379 840 1405 ct
860 1374 1046 1406 anathema-

297 1427 335 1458 tis
355 1427 495 1470 aliasque
521 1427 722 1469 gravissimas
751 1426 942 1462 sententias.
975 1438 1049 1460 cen-

297 1490 388 1512 suras
416 1485 444 1512 et
470 1490 591 1524 poenas
621 1480 652 1512 in
672 1479 773 1511 literis
792 1491 828 1511 ac
850 1479 1050 1512 constitutio-

297 1532 392 1564 nibus
410 1532 601 1565 recolendae
617 1532 791 1564 mcmoriac
807 1532 959 1564 Bonisacii
972 1533 1046 1571 Ylll,

300 1585 490 1620 llonoriilll.
507 1585 726 1617 Romanorum
747 1584 939 1617 Pontificum
960 1597 1049 1629 prae-

299 1638 504 1670 decessorum
515 1644 712 1672 nostrorum.
725 1637 864 1680 desuper
873 1638 965 1671 editis
975 1649 1049 1671 con-

302 1697 412 1730 tentas,
436 1697 463 1723 et
493 1691 570 1723 alias
590 1691 622 1723 in
643 1691 721 1723 tales
736 1701 752 1722 a
777 1691 848 1723 iure
864 1691 942 1723 latas
963 1692 1050 1724 dam-

301 1742 448 1776 nabiliter
475 1743 691 1780 incurrendo,
723 1754 758 1775 ac
787 1754 885 1786 regno
919 1745 1050 1787 Angliac

301 1802 327 1828 ct
349 1795 511 1835 dominiis,
533 1807 616 1839 quae
637 1796 774 1836 tenebat,
798 1807 923 1829 necnon
936 1798 1051 1840 regalis

300 1848 412 1891 fastigii
433 1849 621 1882 celsitudine
641 1860 677 1882 ac
703 1850 837 1892 praelati
857 1850 939 1882 tituli
962 1862 1051 1894 prae-

302 1902 438 1943 rogativa
458 1908 485 1935 et
505 1903 628 1936 lionorc
644 1914 676 1935 se
691 1903 856 1946 indignum
874 1904 1047 1937 reddendo.
1069 1903 1071 1913 '

344 1958 358 1997 ς’
378 1955 408 1987 2.
432 1955 506 1990 Nos.
528 1955 601 1988 licet
623 1967 658 1988 ex
679 1966 716 1988 eo
742 1956 840 1999 quod,
870 1963 964 1999 prout
987 1968 1051 1990 non

303 2007 542 2049 ignorabamus,
565 2009 648 2041 idem
662 2009 820 2041 Henricus
834 2020 890 2041 rex
905 2009 936 2042 in
957 2010 1052 2043 certis

303 2061 447 2093 censuris
469 2061 704 2101 ecclesiasticis,
726 2062 843 2105 quihus
864 2073 881 2094 a
900 2062 971 2106 piae
988 2074 1052 2095 me-
1071 2067 1073 2070 ⁴

305 2113 424 2147 moriac
443 2114 605 2147 Clemente
630 2115 686 2147 Pr.
709 2115 758 2147 ΠΙ
773 2142 780 2154 ,
803 2115 897 2148 ctiam
919 2117 1052 2158 praede·

892 264 1069 288 131·Ll..xt*.1mt

1096 258 1244 286 ..aimmt

1088 314 1174 357 quod
1194 314 1232 346 ad
1253 324 1309 346 cor
1330 312 1445 346 rediret
1465 312 1513 346 rix
1532 323 1661 357 sperare
1682 322 1774 356 posse
1793 311 1837 343 vi-

1089 365 1264 405 deremus}
1279 365 1319 398 ob
1340 370 1504 408 paternam
1527 371 1635 398 tamen
1655 365 1833 405 caritatem,

1088 429 1162 461 qua,
1180 418 1214 450 in
1225 417 1404 451 minoribus
1413 417 1588 456 constituti,
1605 417 1706 451 donec
1716 417 1748 450 in
1761 417 1837 451 obe-

1087 470 1206 504 dientia
1225 476 1252 504 et
1270 471 1446 504 reverentia
1463 470 1553 504 Sedis
1568 471 1748 514 praedictae
1765 482 1836 514 per-

1089 524 1222 563 mansit,
1252 534 1326 556 eum
1353 523 1516 567 prosecuti
1536 524 1714 563 fueramus,
1736 529 1835 567 utque

1089 576 1208 609 clarius
1232 576 1338 609 ridere
1359 586 1527 619 possemus
1548 587 1588 609 an
1615 577 1749 615 clamor,
1780 577 1836 620 qui

1088 629 1127 662 ad
1149 640 1206 662 nos
1226 629 1350 662 delatus
1370 629 1471 661 suerat
1491 629 1599 671 (quem
1620 635 1718 670 certe,
1740 631 1835 664 ctiam

1088 682 1189 726 ipsius
1208 681 1338 714 Henrici
1358 681 1442 724 regis
1460 687 1619 724 respectu,
1633 683 1748 715 salsum
1768 694 1836 717 esse

1088 734 1375 770 desiderabamus),
1388 744 1481 766 verus
1496 740 1588 774 esset,
1601 735 1783 776 statuimus,
1797 736 1836 769 ab

1088 787 1234 821 ulteriori
1260 792 1372 820 contra
1398 787 1503 829 ipsum
1526 787 1701 821 Henricum
1727 799 1835 832 regem

1089 851 1239 884 processu
1259 840 1299 872 ad
1314 845 1442 883 tempus
1456 839 1657 881 abstinendo,
1677 841 1775 876 huius
1790 844 1836 877 rei

1087 894 1251 926 veritatem
1272 893 1457 936 diligentius
1476 893 1639 935 indagare.

1850 256 1900 284 An.
1916 255 1945 283 C.
1965 255 2032 283 ¹:535

1131 948 1146 989 ξ
1165 946 1196 979 3.
1223 947 1302 980 Cum
1323 952 1431 979 autem
1456 945 1571 979 debitis
1590 947 1764 990 diligentiis
1782 949 1836 983 de·
1867 951 1917 973 ¹⁴²⁰
1935 950 2032 973 ¹³⁰¹¹ffl⁰¹

1849 983 1889 1003 iaie.
1905 984 1980 1003 eontra
1995 987 2033 1002 ru-

1088 1010 1186 1042 super
1204 1000 1307 1039 factis,
1330 1000 1503 1032 clamorem
1525 999 1563 1031 ad
1588 1010 1659 1036 nos,
1689 1007 1722 1033 ut
1743 1013 1901 1046 prae-gem.
1917 1013 2033 1039 compaca-

1848 1048 1869 1065 οι
1884 1044 1978 1065 lautores
1993 1044 2033 1064 do—

1089 1053 1200 1088 sertur,
1222 1053 1362 1085 delatum
1374 1079 1382 1092 ‚
1412 1063 1520 1085 verum
1542 1063 1627 1092 esse,
1654 1054 1832 1099 simulque,
1848 1076 1915 1095 omn
1931 1075 2033 1101 mm..

1088 1106 1172 1149 quod
1194 1106 1339 1139 dolenter
1359 1106 1544 1145 referimus,
1577 1106 1699 1139 dictum
1718 1108 1835 1141 Henri-
1849 1110 1872 1126 ’θ
1887 1110 1908 1126 ““
1923 1105 1966 1126 ¹²³⁶·

1088 1170 1160 1191 cum
1191 1169 1298 1201 regem
1328 1159 1371 1191 ita
1400 1159 1432 1191 in
1458 1159 1654 1201 profundum
1675 1161 1834 1194 malorum

1066 1226 1069 1252 ᾗ
1088 1211 1300 1251 descendisse,
1320 1217 1352 1244 ut
1375 1212 1412 1244 de
1427 1212 1497 1245 eius
1511 1212 1733 1255 resipiscentia
1748 1215 1837 1248 nulla

1066 1258 1069 1320 J
1088 1265 1216 1308 penitus
1234 1265 1379 1297 videatur
1396 1275 1468 1308 spes
1486 1265 1598 1298 haberi
1620 1277 1724 1309 posse,
1746 1278 1837 1311 repe-

1066 1324 1069 1329 “
1089 1317 1238 1357 rerimus3
1260 1328 1330 1352 nos.
1352 1318 1550 1350 attendentes
1567 1319 1661 1351 veteri
1684 1320 1753 1363 lege
1773 1321 1836 1354 cri-

1066 1362 1069 1388 3
1090 1370 1173 1402 mine
1201 1370 1349 1403 adulterii
1377 1377 1521 1403 notatum
1546 1371 1681 1414 lapidari
1707 1375 1837 1408 manda-

1065 1391 1070 1498 t
1089 1430 1168 1460 tum,
1199 1434 1234 1456 ac
1255 1429 1404 1456 auctores
1424 1424 1605 1457 schismatis
1623 1425 1712 1458 hiatu
1732 1431 1836 1461 terrae

1088 1478 1276 1519 absorptos,
1315 1487 1494 1520 eorumque
1531 1488 1684 1521 sequaces
1707 1481 1835 1514 coelesti

1090 1531 1161 1573 igne.
1178 1535 1397 1573 consumptos.
1409 1530 1615 1574 Elymamque
1627 1542 1768 1575 magum,
1780 1533 1838 1567 viis

1091 1584 1213 1616 Domini
1226 1583 1438 1620 resistentem,
1449 1585 1700 1627 perApostolum
1708 1591 1837 1622 aeterna

1067 1663 1071 1688 t
1089 1637 1252 1669 severitate
1273 1636 1460 1669 damnatum
1484 1637 1594 1676 fuissess.
1617 1639 1834 1684 volentesque,

1067 1690 1071 1736 ξ
1091 1700 1129 1722 ne
1161 1689 1191 1721 in
1227 1689 1369 1722 districto
1399 1689 1544 1722 examine
1577 1690 1677 1734 ipsius
1708 1692 1837 1726 Henrici

1090 1743 1173 1784 regis
1195 1748 1226 1775 ct
1245 1741 1447 1775 subditorum
1464 1752 1609 1778 snorum.
1631 1755 1713 1787 quos
1727 1756 1836 1779 secum

1090 1796 1120 1827 in
1139 1796 1318 1838 perditione
1339 1796 1465 1828 trahere
1479 1795 1635 1831 videmus,
1656 1798 1838 1832 animarum

1090 1849 1170 1881 ratio
1191 1860 1209 1881 a
1227 1848 1321 1881 nobis
1340 1854 1542 1891 exposcatur,
1569 1856 1725 1892 quantum
1745 1851 1839 1885 nobis

1090 1913 1125 1935 ex
1142 1902 1206 1934 alto
1220 1901 1419 1941 conceditur,
1436 1901 1615 1945 providere,
1627 1908 1738 1936 contra
1757 1905 1840 1938 Hen-

1091 1956 1194 1988 ricum
1223 1965 1332 1998 regem
1363 1954 1496 1998 eiusque
1518 1956 1708 1999 complices,
1734 1957 1838 1991 fauto-

1092 2019 1152 2043 res,
1181 2008 1391 2040 adhaerentes
1410 2013 1439 2040 et
1460 2018 1624 2051 sequaces.
1646 2014 1675 2041 et
1696 2009 1727 2041 in
1748 2021 1841 2053 prae-

1093 2061 1196 2094 missis
1224 2060 1467 2104 quomodolibet
1500 2061 1694 2104 culpahiles,
1729 2068 1841 2096 contra

1094 2125 1183 2158 quos,
1202 2125 1239 2147 ex
1254 2124 1291 2146 eo
1307 2113 1393 2157 quod
1413 2123 1560 2146 excessus
1569 2119 1599 2146 et
1618 2114 1733 2147 delicta
1751 2127 1843 2159 prae.-

305 2177 430 2199 cessorc
454 2173 582 2203 nostro,
615 2174 783 2210 postquami
813 2169 1053 2202 humanissimis
1071 2166 1075 2220 Ι
1092 2168 1174 2200 dicta
1195 2167 1274 2200 adeo
1294 2166 1461 2200 manifesta
1487 2173 1558 2199 sunt
1580 2172 1609 2199 ct
1631 2169 1772 2208 notoria,
1808 2176 1842 2202 ut

304 2219 405 2251 literis
432 2226 461 2251 et
491 2221 631 2263 paternis
660 2221 934 2254 exhortationibus
969 2224 1053 2255 mul-
1072 2221 1181 2254 {nulla
1201 2220 1321 2264 possint
1346 2219 1607 2262 tergiversatione
1632 2221 1742 2261 celari,
1773 2221 1845 2255 abs-

305 2272 407 2315 lisque
436 2272 563 2305 nunciis
583 2278 611 2305 et
637 2273 761 2313 mediis,
799 2274 915 2317 primo,
938 2281 966 2307 ct
996 2286 1053 2319 po-
1072 2277 1075 2314 ]
1093 2286 1156 2318 quc
1177 2274 1321 2307 ulteriori
1342 2284 1444 2310 mora,
1471 2274 1510 2306 ad
1526 2274 1746 2308 executionem
1767 2287 1844 2320 pro-

305 2331 422 2357 stremo
452 2325 545 2358 etiam
568 2325 778 2363 iudicialiter,
814 2333 845 2359 nt
880 2329 1052 2370 praefatam
1074 2335 1075 2355 1
1095 2328 1207 2360 cedere
1228 2337 1407 2371 possemus,
1427 2326 1599 2369 benignius
1616 2327 1739 2369 agendo
1753 2356 1760 2369 ,
1791 2329 1845 2362 de-

305 2382 427 2411 :tnnam
448 2390 465 2411 a
490 2390 521 2412 se
551 2379 736 2419 dimitteret,
756 2384 787 2412 et
808 2380 846 2412 ad
873 2381 1054 2423 praedictae
1073 2401 1076 2414 0
1095 2381 1254 2414 crevimus
1274 2379 1477 2423 infrascripto
1497 2380 1593 2412 modo
1613 2381 1800 2424 procedere.

305 2428 492 2460 Catberinae
513 2438 589 2460 suae
617 2439 708 2460 verae
742 2428 887 2471 coniugis
922 2415 1077 2489 consor-i

308 2572 421 2609 tando,
457 2584 516 2616 per
536 2574 668 2615 longum
701 2578 839 2616 tempus.
864 2573 895 2605 in
921 2574 1056 2606 clavium
1075 2603 1079 2610 ,
1098 2572 1183 2605 tione
1203 2578 1348 2611 matura,
1378 2578 1409 2606 et
1437 2573 1475 2606 de
1508 2573 1639 2607 illorum
1659 2574 1795 2609 consilio
1814 2581 1846 2609 et

308 2626 540 2665 contemptum,
559 2622 759 2656 insordnerat
770 2622 1055 2664 etinsoidescebat,
1097 2631 1239 2662 assensu,
1252 2620 1432 2666 praefatum
1443 2621 1617 2655 Henricum
1637 2633 1746 2668 regem
1762 2623 1847 2658 eius-

1139 2431 1153 2471 ,⁸ss
1173 2429 1203 2460 4.
1233 2427 1344 2460 Habita
1368 2428 1476 2471 itaque
1501 2438 1598 2471 super
1622 2429 1671 2461 his
1696 2440 1770 2463 cum
1790 2441 1843 2464 ve·
1871 2441 1948 2469 nem
1971 2443 2042 2470 mque

306 2475 384 2507 tium
411 2476 548 2515 rediret,
576 2476 692 2508 frustra
713 2476 854 2508 monitus
876 2477 991 2514 suerat,
1010 2477 1055 2510 in·
1074 2503 1077 2508 .
1096 2477 1293 2509 nerabilibus
1312 2476 1463 2509 fratribus
1482 2477 1600 2510 nostris
1624 2483 1750 2511 sanctae
1779 2479 1843 2512 Ro·
1856 2473 1998 2528 22fss2¹'‘⁶.”⁸
2018 2477 2044 2497 ¹¹³

306 2524 442 2557 nodatus
457 2524 613 2563 extiterat,
631 2524 806 2557 Pharaonis
819 2524 969 2557 duritiam
987 2525 1056 2557 imi-
1074 2549 1078 2588 ἱ
1097 2535 1209 2557 manae
1241 2524 1401 2558 Ecclesiae
1438 2525 1656 2558 cardinalibus
1688 2526 1844 2561 delibera·
1857 2513 2044 2560 rontffissasffi-

2212 1817 2227 1922 ..ι-ὴ·
2213 1442 2227 1811 *Mt-nnuma*
2216 1422 2227 1434 ·,
