2227 3001
177 214 226 241 An.
245 214 273 240 C.
295 213 360 241 ¹557

176 266 264 291 tegtiset
275 267 359 286 consiti.

177 303 215 323 per
233 299 360 323 signaturam

177 328 269 348 iustitiae
297 329 361 348 dero-

177 359 219 384 gari
236 359 312 384 solitis;

189 1014 324 1035 Refero-mari
335 1021 359 1033 ις-

176 1052 215 1071 que
239 1046 359 1071 signaturae

174 1078 267 1097 iustitiae
309 1078 359 1097 duos

174 1108 207 1127 vel
236 1114 297 1128 uuum
323 1110 360 1128 dc—

174 1139 267 1165 putandi.

188 1706 283 1727 facultas
301 1709 356 1727 cirea

172 1737 294 1758 beneticior.
312 1739 358 1759 col-

172 1769 271 1790 lationes.

420 203 484 238 250

376 267 556 300 decessoris
581 267 692 307 nostri,
721 267 759 300 de
781 277 855 305 una,
874 272 901 299 et
924 267 1052 300 concilii
1076 277 1129 309 ge-

378 320 495 354 neralis
519 320 557 353 de
581 321 719 359 duabus,
741 331 805 353 non
832 320 934 353 tribus
953 320 1077 361 diaetis,
1101 326 1131 353 et

377 373 448 407 aliis
490 384 548 417 per
581 374 776 416 signaturam
812 373 949 406 iustitiae
983 374 1130 415 derogari

380 427 532 467 solitis,et
551 427 645 459 etiam
662 427 826 469 quibusvis
846 426 1020 470 privilegiis
1036 433 1063 460 et
1086 428 1131 460 in-

379 480 487 518 dultis,
510 485 573 512 tam
595 479 709 512 Curiae
730 490 903 512 causarum
924 480 1077 513 Gamerae
1093 482 1130 513 Λ-

378 533 553 577 postolieae
573 532 716 575 generali
746 533 905 570 auditori,
941 544 1038 576 quam
1060 535 1130 567 aliis

377 586 548 618 ordinariis
577 585 738 618 iudicibus
765 586 868 619 dictae
889 587 1000 627 Urbis,
1033 588 1128 620 etiam

377 649 436 682 per
464 650 522 672 nos
552 639 712 672 concessis
740 644 768 672 et
798 640 998 683 approbatis,
1034 641 1127 673 etiam

375 691 462 734 quod
482 691 555 730 illis,
578 692 638 724 nisi
656 704 713 735 per
733 692 929 735 signaturam
951 705 1048 726 mauu
1069 706 1128 727 no-

376 750 439 777 stra
460 751 490 777 et
514 750 602 777 motu
622 746 755 789 proprio
782 747 958 783 concessis,
982 748 1128 789 derogari

375 808 439 830 non
474 798 573 842 possit
606 798 867 842 disponentibus,
904 805 934 832 et
974 801 1129 834 hactenus

375 851 565 892 observatis,
598 852 780 896 specialiter
807 858 836 885 et
865 864 1012 897 expresse
1033 854 1126 888 dero-

375 905 481 948 gandi.

419 959 434 1001 g
455 959 484 991 5.
513 958 655 996 Necnon,
681 959 705 991 si
726 960 946 993 necessarium
969 960 1035 993 sore
1054 972 1129 994 con-

375 1012 527 1055 spexeris,
550 1022 652 1045 unum
668 1013 715 1045 vel
737 1013 818 1045 duos
839 1013 1020 1055 signaturae
1037 1015 1128 1047 (lum-

377 1069 457 1096 taxat
482 1065 728 1105 referendarios,
757 1076 837 1108 quos
858 1066 1010 1098 malueris
1030 1071 1060 1099 et
1088 1068 1127 1099 ad

376 1118 438 1149 hoc
459 1117 554 1149 utiles
573 1122 601 1149 et
624 1117 756 1150 idoneos
777 1129 844 1151 esse
855 1119 1054 1161 cognoveris,
1072 1120 1126 1163 qui

375 1170 619 1203 commissiones
633 1170 771 1203 iustitiae
785 1171 972 1204 huiusmodi
988 1173 1128 1206 reseren-

374 1223 510 1261 dariare,
525 1229 552 1257 ct
569 1223 600 1256 in
611 1224 774 1266 signatura
794 1236 852 1268 per
872 1230 901 1257 te
918 1225 1061 1259 facienda
1073 1227 1127 1259 tibi

374 1276 533 1317 assistere,
564 1288 600 1309 ae
626 1277 670 1309 illi
701 1278 853 1310 interesse
874 1278 959 1311 licite
981 1280 1124 1319 valeant,

374 1330 509 1362 durante
530 1329 688 1373 legatione
711 1335 765 1362 tua
787 1336 911 1363 tantum
933 1332 1124 1375 deputandi,

374 1387 404 1415 et
429 1382 490 1415 alia
523 1393 606 1425 quae
635 1388 762 1416 sanctae
783 1384 945 1417 Romanae
966 1385 1126 1418 Ecclesiae

374 1436 564 1475 cardinales,
593 1436 647 1479 qui
669 1437 825 1469 hactenus
850 1437 1046 1480 signaturam
1077 1439 1126 1471 iu-

374 1488 475 1521 stitiae
500 1489 703 1529 habuerunt,
736 1495 762 1521 et
794 1490 896 1523 dictae
923 1492 1013 1524 urbis
1034 1493 1125 1535 legati

373 1543 479 1574 facere
513 1547 540 1574 et
572 1553 721 1575 exercere
751 1549 927 1586 potueruut
951 1550 979 1576 et
1009 1545 1126 1579 debue-

374 1600 461 1635 runt,
486 1595 622 1628 faciendi
648 1601 675 1628 et
699 1597 880 1629 exercendi,

416 1649 431 1689 ,ἓ
451 1648 480 1681 [i.
509 1648 686 1692 Omniaque
707 1655 734 1681 et
757 1650 882 1692 singula
902 1650 1057 1684 beneficia
1078 1664 1127 1685 ec-

373 1701 560 1742 clesiastica,
580 1713 653 1734 cum
670 1714 747 1734 cura
764 1708 791 1735 et
814 1703 881 1735 sine
902 1715 991 1744 cura,
1014 1716 1125 1738 saecu-

374 1754 451 1787 laria
472 1760 499 1787 et
521 1755 676 1787 Ordinum
698 1766 982 1800 quorumcumque
1003 1760 1126 1801 regula-

374 1808 431 1848 ria,
456 1808 550 1841 etiam
573 1809 597 1841 si
618 1809 798 1851 dignitates.
821 1810 916 1842 ctiam
938 1811 1076 1844 maiores
1097 1818 1123 1845 et

372 1861 567 1905 principales
583 1863 713 1903 suerint,
728 1868 757 1896 et
772 1864 810 1895 ad
834 1864 886 1896 illa
903 1865 1124 1898 consueverint

371 1914 426 1959 qui
458 1926 516 1959 per
550 1916 740 1949 electionem
776 1922 828 1949 aut
864 1917 961 1949 alium
994 1918 1124 1951 modum

370 1968 507 2007 assumi,
531 1968 613 2001 intra
634 1969 750 2001 limites
770 1974 843 2002 tuac
864 1971 1031 2013 legationis
1052 1982 1126 2004 con-

371 2023 513 2056 sistentia
541 2024 704 2066 (basilicae
721 2024 878 2069 Principis
898 2026 1125 2068 Apostolorum

371 2078 408 2110 de
429 2077 512 2110 Urbe
532 2088 567 2110 ac
590 2079 810 2112 Lateranensis
831 2085 858 2112 et
875 2080 988 2113 Beatae
1012 2080 1126 2113 Mariae

370 2130 497 2164 Maioris
518 2131 728 2165 ecclesiarum
750 2133 1013 2173 canonicatibus,
1036 2146 1127 2177 prae-

370 2185 483 2217 bendis
503 2190 533 2218 et
553 2185 632 2224 illis,
659 2198 742 2230 quae
771 2187 811 2219 ad
841 2187 1046 2220 collationem
1071 2188 1128 2220 ali-

371 2238 464 2271 euius
498 2249 533 2271 ex
558 2240 795 2272 venerabilibus
829 2240 981 2273 fratribus
1010 2241 1127 2274 nostris

371 2296 498 2324 sanetae
524 2292 686 2324 Romanae
714 2293 874 2326 Ecclesiae
909 2294 1127 2327 cardinalibus

369 2344 541 2388 praefatis,
564 2350 713 2389 respectu
734 2347 993 2390 episcopatuum,
1016 2348 1126 2381 titulo-

370 2409 443 2432 rum
463 2409 595 2432 suorum
617 2400 883 2444 presbyteralium
905 2408 957 2434 aut
979 2402 1127 2435 diacona-

371 2447 450 2480 lium
475 2449 523 2481 vel
553 2448 631 2481 alias
669 2460 876 2493 quocumque
906 2452 1002 2484 modo
1031 2452 1127 2495 perti-

370 2501 458 2537 nent,
477 2497 640 2530 dumtaxat.
660 2498 823 2541 exeeptis),
842 2510 878 2532 ae
894 2510 1128 2542 quorumcum-

373 2556 436 2590 que
473 2545 680 2579 familiarium
723 2552 854 2580 tuorum
895 2550 1125 2582 (ontinuorum

371 2595 639 2629 commensalium
659 2606 747 2630 nune
768 2601 798 2630 et
818 2607 876 2642 pro
896 2602 1041 2643 tempore
1067 2599 1127 2632 exi-

974 214 1154 238 BULLAl'lIL'M
1178 214 1329 238 ROMANUM

1174 267 1338 305 stentium,
1361 266 1455 299 etiam
1476 267 1501 300 si
1522 267 1590 311 ipsa
1612 267 1855 302 1samiliaritate
1875 280 1927 302 re-

1174 320 1353 359 cessissent,
1376 325 1407 352 et
1426 319 1458 353 in
1478 321 1738 365 quibuscumque
1755 321 1929 365 provinciis

1173 383 1228 404 seu
1245 372 1324 405 locis
1336 373 1509 405 consistant
1524 373 1682 407 beneficia
1698 374 1926 415 ecclesiastiea,

1173 425 1267 457 etiam
1288 425 1313 457 si
1333 425 1534 467 dispositioni
1562 427 1754 470 apostolieae
1784 427 1929 471 speciali-

1174 484 1220 510 ter
1248 479 1296 511 vel
1329 477 1407 510 alias
1435 489 1473 511 ex
1506 479 1616 522 quavis
1641 491 1753 520 eausa,
1777 480 1873 513 etiam
1890 482 1928 514 dc

1174 532 1360 565 necessitate
1382 532 1609 576 exprimenda,
1632 538 1860 577 praeterquam
1882 535 1929 567 sa-

1174 584 1364 617 miliaritatis
1392 590 1519 618 nostrae
1533 612 1540 626 ,
1563 591 1618 618 aut
1637 580 1743 630 quoad
1765 598 1801 619 ea
1815 614 1822 627 ,
1846 598 1929 631 quae

1172 638 1210 669 ad
1231 637 1473 681 dispositionem
1500 644 1605 679 tuam,
1627 639 1750 672 ratione
1776 640 1929 673 ecelesia-

1174 701 1244 723 rum
1265 691 1312 723 rel
1333 690 1567 724 beneficiorum
1587 696 1719 725 tuorum
1735 718 1742 732 ,
1765 702 1830 725 non
1858 703 1930 736 per-

1173 745 1293 785 tinent,
1317 744 1455 778 alicuius
1476 745 1648 778 cardinalis
1671 745 1802 779 viventis
1835 757 1930 789 gene-

1173 797 1281 830 raliter
1300 802 1470 838 reservata,
1507 809 1562 831 seu
1583 809 1618 831 ex
1653 798 1763 841 quavis
1787 799 1929 841 generali

1173 850 1385 883 reservatione
1407 851 1519 883 affecta
1540 850 1676 891 suerint,
1699 862 1773 884 eum
1792 852 1856 892 illa,
1872 862 1932 897 per

1172 915 1280 936 cessus
1305 904 1353 936 vel
1381 904 1532 936 decessus
1561 908 1613 936 aut
1635 904 1732 945 alias,
1755 904 1865 948 quavis
1886 904 1930 937 di-

1173 957 1323 990 missione
1343 957 1397 990 illa
1426 968 1513 991 nune
1542 962 1573 990 et
1600 968 1658 1001 pro
1686 963 1831 1002 tempore
1852 957 1930 991 obti-

1172 1011 1338 1051 nentium,
1366 1011 1461 1044 etiam
1482 1011 1527 1048 si,
1549 1016 1584 1044 ut
1609 1012 1802 1055 praefertur,
1826 1022 1929 1045 reser-

1171 1069 1238 1097 vata
1272 1065 1388 1097 suerint
1410 1092 1416 1105 ,
1453 1065 1631 1098 dummodo
1665 1065 1773 1105 etiam,
1796 1065 1927 1098 illorum

1171 1117 1370 1150 eijunmendis
1386 1118 1585 1151 cessantibus
1601 1119 1647 1151 vel
1660 1118 1836 1151 unionibus
1852 1123 1930 1151 tem-

1171 1170 1335 1212 poralibus
1354 1170 1528 1211 dissolutis,
1551 1171 1598 1203 vel
1618 1170 1696 1204 alias
1720 1182 1929 1215 quocumque

1171 1224 1265 1256 modo
1286 1235 1398 1257 vacare
1419 1224 1587 1267 contigerit
1602 1252 1609 1265 ,
1632 1225 1797 1268 quibusvis
1817 1235 1928 1269 perso-

1170 1276 1231 1316 nis,
1254 1276 1292 1309 de
1312 1277 1430 1321 quibus
1451 1277 1505 1310 tibi
1527 1277 1697 1317 videbitur,
1716 1278 1811 1310 etiam
1832 1288 1929 1321 quae-

1171 1340 1332 1374 cumque.
1362 1335 1583 1374 quotcumque
1618 1335 1645 1362 et
1676 1330 1927 1374 qualiacumque

1170 1383 1326 1415 beneticia
1349 1383 1563 1417 ecelesiastica
1589 1384 1763 1417 obtinenda
1783 1389 1811 1417 et
1834 1395 1927 1428 expe-

1170 1437 1294 1469 ctanda.
1318 1437 1468 1475 Necnon,
1493 1443 1520 1470 et
1543 1437 1568 1469 si
1589 1443 1676 1470 extra
1702 1438 1820 1471 limites
1853 1443 1926 1471 tuae

1170 1488 1336 1531 legationis
1360 1490 1517 1523 beneficia
1538 1490 1657 1534 aliqua,
1681 1496 1715 1523 ut
1735 1502 1832 1534 supra
1849 1501 1928 1535 qua-

1170 1543 1298 1581 liticata,
1317 1543 1347 1576 in
1369 1544 1560 1583 civitatibus,
1584 1544 1787 1577 dioecesibus
1803 1550 1833 1578 et
1848 1545 1928 1578 loeis

1170 1608 1226 1640 per
1246 1597 1325 1629 duas
1353 1597 1473 1630 diaetas
1502 1598 1604 1631 dictae
1625 1598 1701 1631 Urbi
1736 1598 1928 1643 propinquis

1168 1650 1358 1691 vacaverint,
1382 1651 1477 1683 etiam
1499 1652 1536 1691 si,
1560 1656 1594 1684 ut
1614 1652 1807 1695 praefertur,
1827 1663 1928 1686 reser-

1168 1708 1233 1736 vata
1257 1703 1394 1744 fuerint,
1418 1704 1595 1738 dummodo
1616 1705 1753 1738 alicuius
1781 1705 1925 1749 ipsorum

1169 1757 1403 1790 beneficiorum
1425 1764 1679 1799 reservatorum,
1700 1764 1926 1803 praeterquam

1169 1817 1205 1838 ex
1225 1806 1439 1840 tamiliaritate
1456 1813 1576 1846 nostra,
1592 1808 1624 1840 in
1640 1808 1732 1840 dictis
1749 1808 1928 1842 civitatibus

1169 1860 1195 1887 et
1218 1854 1420 1888 dioecesibus
1439 1857 1621 1889 vacantium
1643 1857 1841 1897 huiusmodi,
1862 1857 1927 1890 sru-

1169 1908 1238 1935 ctus
1252 1930 1259 1942 ,
1282 1903 1425 1936 redditus
1447 1910 1475 1937 et
1497 1910 1670 1948 proventus
1690 1916 1850 1939 summam
1871 1918 1926 1940 seu

1168 1953 1308 1985 valorem
1331 1964 1474 1986 annuum
1490 1981 1497 1991 ,
1520 1955 1698 1987 secundum
1720 1966 1925 1989 communem

1169 2002 1437 2040 aestimationem,
1455 2003 1706 2046 vigintiquatuor
1726 2005 1926 2039 florenorum

1169 2051 1238 2083 auri
1270 2052 1308 2084 de
1336 2052 1468 2085 Camera
1497 2063 1561 2085 non
1583 2054 1758 2093 excedant,
1781 2056 1928 2098 personis

1170 2100 1292 2134 idoneis
1310 2112 1367 2145 per
1387 2106 1416 2134 te
1437 2101 1592 2144 eligendis
1617 2103 1816 2143 conferendi,
1837 2111 1867 2138 et
1888 2105 1926 2138 de

1170 2149 1232 2181 illis
1253 2149 1347 2181 etiam
1369 2150 1568 2192 providendi,
1589 2162 1645 2184 seu
1666 2151 1719 2184 illa
1740 2152 1810 2186 aliis
1830 2153 1926 2187 bene-

1170 2198 1251 2231 tie-iis
1272 2198 1498 2231 ecclesiasticis
1518 2200 1557 2231 ad
1577 2200 1672 2232 vitam
1694 2201 1848 2241 uniendi,
1872 2213 1926 2235 an-

1170 2248 1316 2281 nectendi
1347 2254 1375 2280 et
1405 2248 1656 2292 incorporandi,
1678 2259 1833 2292 verosque
1855 2251 1926 2284 ulti-

1171 2306 1296 2329 marum
1331 2296 1533 2329 vacationum
1561 2297 1696 2339 modos,
1727 2298 1822 2331 etiam
1843 2299 1868 2333 si
1888 2311 1924 2333 ex

1170 2345 1232 2377 illis
1247 2345 1376 2388 quaevis
1393 2347 1559 2388 generales
1573 2348 1817 2389 reservationes,
1829 2349 1924 2382 etiam

1170 2394 1200 2426 iu
1229 2405 1365 2437 corpore
1391 2394 1470 2428 iuris
1497 2396 1641 2437 clausae,
1664 2398 1837 2438 resultent,
1864 2409 1924 2442 pro

1169 2443 1326 2487 expressis
1341 2444 1507 2477 habendis.
1526 2445 1569 2478 Ae
1586 2445 1680 2478 etiam
1697 2446 1729 2479 in
1745 2446 1921 2491 ipsaJUrbe,

1169 2492 1324 2535 quamdiu
1360 2493 1398 2525 ab
1433 2504 1469 2525 ea
1503 2494 1649 2528 absentes
1682 2495 1863 2537 fuerimus,
1890 2496 1922 2529 in

1170 2552 1394 2586 quoscumque
1429 2543 1567 2576 curiales
1594 2549 1625 2577 et
1657 2543 1759 2588 ipsam
1793 2544 1921 2578 Curiam

1207 2609 1216 2635 1
1235 2609 1261 2634 δι’
1278 2610 1328 2640 ipsi
1347 2617 1362 2634 α
1378 2608 1567 2642 [dimittat-itate
1583 2613 1635 2638 etc.
1656 2610 1773 2638 Cherub.
1791 2611 1828 2647 (a.
1846 2611 1896 2648 T.).

1943 215 1993 242 An.
2009 216 2039 243 C.
2059 215 2125 243 155⁷
