2227 3001
199 262 247 289 An.
265 263 291 289 C.
314 262 380 291 1511?

234 535 282 555 Slne
301 535 384 555 indiciis

199 571 262 585 nauto
290 566 384 591 raph-tur

200 599 239 616 nisi
251 598 275 617 de
287 597 383 618 mandato

200 628 353 653 gubernaturus.

214 1172 336 1193 tnduiornm
347 1177 385 1191 eo-

200 1211 236 1231 pia
259 1204 321 1224 detur
337 1206 385 1222 ante

201 1238 317 1257 torturam.
345 1236 385 1254 ulsl

201 1269 221 1288 in
234 1267 264 1287 rrl
273 1267 336 1287 uinib.
349 1272 387 1287 ex-

202 1298 278 1325 copiis:

226 2419 251 2441 Et
266 2424 327 2440 nomo
343 2421 391 2440 ter-

205 2454 293 2479 queutur
305 2456 345 2471 non
356 2450 391 2471 le-

205 2483 300 2507 glumam
338 2487 390 2509 pro-

207 2519 275 2534 895511,

440 254 504 290 386

399 320 495 352 fidem
517 319 621 352 facere
638 323 819 356 teneantur;
839 319 885 349 vel
904 318 929 350 si
944 317 1151 350 dictiiudices

398 383 435 405 ex
452 371 558 416 aliqua
579 371 661 405 iusta
678 382 773 404 causa
793 370 885 403 aliter
908 370 1088 403 faciendum
1105 370 1150 403 vi-

400 425 586 459 sitatoribus
603 424 848 457 notificaverint.

443 480 458 523 ς
481 480 513 513 5.
526 479 649 512 ludices
666 477 832 522 praedicti,
849 477 916 510 sine
933 478 1084 520 legitimis
1102 478 1150 510 in-

399 532 490 566 diciis
502 531 782 575 praecedentibus,
801 530 963 563 neminem
975 531 1047 575 capi
1061 542 1151 564 man-

399 586 485 626 dent,
514 584 574 617 nisi
600 583 807 626 gubernatori
831 593 867 615 ex
892 583 1034 625 legitima
1057 594 1153 617 causa

399 638 601 671 alitervisum
611 637 717 677 fuerit,
732 642 845 670 ettunc
861 636 1070 681 sirapiendus
1085 638 1152 670 sine

398 691 526 725 indiciis
538 691 576 724 sit
591 691 719 734 aliquis,
738 690 876 723 ducatur
887 690 925 723 ad
938 690 1152 734 praesentiam

399 744 554 778 eiusdem.
572 744 631 784 Qui
650 745 847 787 gubernator
871 744 1089 787 instigatorem
1108 744 1153 777 fa-

399 797 461 831 ciat
478 808 587 831 cavere
597 798 634 831 de
645 798 781 839 damnis,
802 797 929 830 iniuriis
941 803 968 830 et
987 797 1151 838 interesse,

398 857 441 892 et,
461 857 557 896 prout
572 851 709 895 qualitas
717 862 872 895 personae
881 850 1094 884 carcerandae
1106 862 1155 884 ex-

398 904 550 948 postulat,
564 905 611 937 vel
623 910 715 947 cogat
730 916 803 938 eum
819 904 858 937 ad
875 905 1051 937 cavendum
1066 905 1104 938 de
1123 916 1154 938 se

399 958 632 1001 praesentando
656 958 704 991 vel
723 958 826 991 mittat
845 958 884 990 ad
902 968 1048 991 carceres
1069 958 1153 990 arbi-

398 1010 461 1044 trio
486 1021 555 1044 suo.
583 1011 701 1044 Verum
725 1011 749 1044 si
771 1011 854 1044 infra
875 1011 1011 1044 biduum
1036 1011 1155 1044 indicia

400 1074 464 1098 non
483 1066 737 1109 supervenerint,
760 1066 931 1098 relaxetur.

444 1118 459 1162 ἓ
484 1120 514 1152 ὅ.
542 1119 676 1162 Captum
700 1129 775 1152 vero
799 1129 1055 1163 quemcumque,
1083 1123 1155 1152 ante

400 1177 559 1205 torturam
574 1177 960 1216 seuantequamtorturae
969 1171 1152 1213 subiiciant,

401 1225 440 1259 ad
463 1226 668 1270 purgandum
692 1225 810 1259 indicia
834 1230 944 1258 contra
968 1236 1041 1258 eum
1066 1226 1154 1259 labo-

401 1279 505 1313 rantia
521 1279 662 1322 legitime
680 1279 861 1319 admittant,
880 1278 1154 1312 dataiudiciorum

402 1333 495 1377 copia
512 1332 545 1365 in
570 1332 673 1365 forma
692 1332 768 1365 boui
792 1337 953 1365 extractus
970 1336 997 1364 et
1017 1342 1082 1364 nou
1104 1343 1154 1366 re-

401 1385 490 1429 gistri
510 1413 517 1427 ,
550 1396 623 1419 curn
667 1385 871 1430 expressione
906 1385 1074 1418 nominum
1108 1391 1155 1419 te-

402 1439 517 1480 stium,
539 1439 579 1472 ad
601 1438 663 1472 hoc
681 1444 716 1472 ut
741 1439 914 1483 inquisitus
935 1439 1030 1483 possit
1051 1450 1082 1472 se
1100 1439 1155 1473 de-

401 1493 543 1533 fendere,
564 1497 790 1537 praeterquam
809 1493 840 1525 in
862 1492 996 1525 crimine
1014 1493 1156 1526 haeresis

402 1552 433 1580 et
449 1546 520 1580 aliis
541 1545 732 1580 criminibus
754 1557 771 1579 a
794 1546 864 1579 iure
887 1545 1045 1589 exceptis,
1070 1546 1156 1580 iuxta

401 1605 509 1633 tamen
537 1599 617 1633 iuris
648 1599 901 1643 dispositionem.
928 1598 965 1632 Et
988 1599 1012 1631 si
1038 1599 1157 1633 indicia

401 1658 611 1698 purgatanon
628 1652 747 1686 fuerint
762 1653 872 1696 (super
880 1657 1058 1696 quotamen
1067 1653 1157 1697 prius

402 1706 553 1740 audiatur
569 1707 740 1740 advocatus
748 1716 928 1751 pauperum
936 1706 983 1739 vel
991 1706 1073 1739 alius
1083 1707 1156 1750 qui-

404 1770 544 1803 cumque
564 1760 602 1792 ad
626 1759 752 1793 libitum
776 1759 877 1804 ipsius
896 1759 964 1801 rei),
988 1765 1064 1793 tunc
1089 1765 1156 1793 tor-

402 1813 566 1857 quendum
598 1814 784 1847 continuato
811 1819 883 1846 actu
902 1819 1058 1854 torturae,
1091 1825 1156 1848 non

401 1874 508 1902 autem
521 1868 554 1901 in
565 1874 689 1901 tortura
701 1869 900 1913 perlongum
913 1868 1069 1912 temporis
1087 1879 1156 1913 spa-

402 1922 482 1955 tium
501 1922 597 1955 unius
617 1929 669 1955 aut
689 1923 831 1967 plurium
850 1923 1024 1963 horarum,
1044 1927 1095 1955 aut
1118 1924 1156 1955 ad

386 1980 570 2016 ‚extraneos
587 1981 688 2012 actus,
712 1976 806 2009 etiam
826 1975 1155 2020 prandiiautcoenae,

403 2028 598 2068 divertendo,
630 2030 808 2066 detineant,
829 2030 893 2065 sed,
914 2035 1007 2073 prout
1034 2030 1105 2063 facti
1129 2036 1155 2063 et

403 2083 600 2128 torquendae
632 2094 787 2127 personae
806 2084 943 2127 qualitas
964 2085 1155 2127 expostulat,

403 2136 614 2170 incontinenti
647 2137 830 2181 expediant:
860 2144 886 2169 et
926 2137 1158 2171 examinatores

404 2190 499 2223 claris
515 2191 618 2223 verbis
630 2196 761 2223 utantur
782 2190 819 2222 ad
838 2190 1061 2234 reperiendam
1074 2191 1157 2223 veri—

403 2248 514 2283 tatem,
536 2255 599 2278 non
617 2245 655 2277 ad
674 2244 905 2288 implicandum
924 2244 1087 2277 constituti
1109 2244 1156 2277 in-

403 2297 581 2331 tellectum.

448 2351 463 2395 §
489 2351 518 2385 7.
530 2351 566 2384 Et
577 2352 882 2395 nullustorqueatur
898 2352 957 2384 nisi
974 2352 1158 2395 legitimatis

404 2405 495 2451 prius
512 2406 651 2445 indiciis,
666 2412 695 2439 et
713 2407 846 2439 testibus
864 2417 922 2450 pro
940 2406 1067 2439 indiciis
1084 2417 1156 2439 exa-

405 2459 534 2492 minatis
549 2459 704 2503 repetitis‚
723 2461 895 2493 carceratis
908 2466 1157 2504 etprocurutore

405 2519 585 2552 pauperum
606 2508 637 2540 in
666 2509 893 2549 legitimatione
917 2516 947 2542 et
968 2508 1157 2553 repetitione

407 2558 520 2598 citatis,
535 2563 565 2591 et
581 2557 778 2601 pauperibus
793 2558 924 2591 arbitrio
945 2559 1098 2596 iudicum,
1119 2558 1157 2590 de

407 2618 546 2651 quorum
575 2607 724 2640 mandato
752 2607 992 2646 detinebuntur,
1021 2606 1156 2639 iudicio-

407 2666 481 2689 rum
501 2655 592 2700 copia
612 2655 709 2698 gratis
738 2655 898 2693 tradatur,
921 2656 968 2688 vel
990 2666 1158 2698 processus

990 263 1167 290 BULLARmM
1190 263 1339 288 numum

1955 266 2003 293 An.
2021 266 2048 292 C.
2071 264 2135 291 {548

1192 328 1267 350 cum
1300 318 1425 350 indit-iis
1453 319 1604 352 advocato
1637 329 1836 362 pauperum,
1873 318 1940 351 siue

1192 370 1299 414 aliqua
1324 370 1477 414 impensa,
1502 372 1698 404 ostendatur.
1722 372 1759 404 Et
1774 371 1798 404 si
1823 382 1940 415 procu·

1193 429 1280 457 rator
1304 424 1435 464 fiscalis,
1460 425 1498 458 ad
1530 425 1670 458 dandum
1696 424 1941 467 interrogatoria

1194 477 1320 518 citatus,
1338 478 1391 510 illa
1407 477 1489 510 infra
1505 478 1675 511 terminum
1689 478 1720 511 in
1737 477 1941 511 citationibus

1194 542 1207 562 (Ι
1221 536 1381 564 intentum
1402 541 1466 564 non
1487 531 1621 567 dederit.
1643 536 1738 564 testes
1753 542 1811 575 pro
1832 541 1941 564 carce-

1194 590 1336 617 ratorum
1359 584 1543 617 defensione
1563 584 1735 618 examinari
1756 585 1823 618 sine
1844 585 1941 619 inter—

1195 637 1363 679 rogatoriis
1383 637 1529 670 debeant.

1239 691 1253 734 ἓ
1273 690 1304 724 8.
1323 691 1421 724 Iidem
1438 691 1559 724 iudices
1574 697 1701 735 captum
1723 702 1782 736 pro
1798 703 1864 726 uno
1880 693 1942 726 cri·
1958 709 2034 737 eaptus
2049 715 2086 736 pm
2101 715 2142 730 ω..

1196 745 1294 785 mine,
1307 756 1405 789 super
1418 745 1500 786 aliis,
1518 746 1557 778 de
1572 745 1690 789 quibus
1704 745 1821 778 indicia
1837 746 1944 789 aliqua
1959 741 2145 797 {gjv'ssssfgssl’unfffl's'ss

1195 808 1259 830 non
1280 798 1409 838 habent,
1427 799 1517 832 nullo
1533 799 1629 832 modo
1646 799 1844 842 interrogare
1860 810 1943 843 prae-
1959 803 2145 842 νψῑήεεῑυθῑπ-

1196 857 1341 893 sumant·‚
1377 852 1431 885 sed
1458 858 1520 884 tam
1550 852 1581 884 in
1606 852 1666 892 his,
1693 863 1789 895 quam
1815 853 1894 885 alias
1912 853 1944 885 in
1959 837 2027 858 ‘hm'

1196 905 1345 938 erunibus
1379 905 1625 938 occurrentibus
1655 905 1736 939 iuris
1764 906 1946 940 communis

1196 959 1436 1002 dispositionem
1446 970 1570 992 servare
1580 964 1750 992 teneantur
1761 965 1791 992 et
1799 960 1945 1000 debeant,

1196 1023 1231 1043 ue
1254 1011 1373 1045 iudices
1393 1012 1447 1056 qui
1475 1018 1713 1056 processerunt,
1736 1013 1813 1045 dum
1834 1024 1947 1047 causas
1967 1051 1971 1057 ¹

1197 1065 1227 1097 iu
1238 1065 1318 1098 vita¹
1333 1072 1526 1109 proponent,
1540 1066 1678 1098 habeant
1689 1077 1798 1099 secum
1815 1077 1946 1110 proees-

1197 1129 1260 1158 sus‚
1282 1124 1318 1151 ut
1338 1118 1513 1152 visitatores
1547 1119 1726 1161 intelligant.
1759 1125 1789 1152 et
1821 1119 1948 1153 videant

1197 1177 1396 1205 carceratum
1430 1172 1537 1205 minus
1562 1172 1609 1204 vel
1642 1173 1714 1216 plus
1741 1172 1848 1206 debito
1881 1183 1945 1208 non

1195 1226 1330 1269 gravari.

1241 1280 1254 1323 ξ
1274 1278 1305 1312 9.
1326 1280 1369 1312 Ac
1389 1280 1522 1324 insuper
1542 1290 1580 1313 ne
1601 1280 1766 1313 literarum
1787 1280 1890 1323 ignari
1910 1292 1945 1315 ex
2017 1292 2086 1313 Verba
2112 1293 2144 1313 ηε

1197 1332 1279 1364 mala
1299 1332 1499 1365 notariorum
1520 1332 1552 1365 in
1573 1332 1707 1365 latinum
1724 1333 1944 1373 translatione,
1960 1324 2095 1375 ξξῖᾞῗξζζᾙ
2108 1329 2146 1375 ξ’,ῗζ

1196 1385 1390 1429 quandoque
1416 1385 1554 1419 indebite
1581 1386 1733 1419 damnum
1763 1387 1943 1430 patiantur,
1959 1387 2146 1437 'djflnjfj²53¹e¹;jg¹5

1197 1438 1402 1472 decernimus
1421 1440 1506 1483 quod
1526 1439 1621 1472 verba
1642 1450 1741 1484 super
1759 1440 1876 1484 quihus
1896 1441 1945 1474 in·
1961 1424 1971 1444 p
2010 1431 2013 1434 Ι
2033 1430 2036 1435 ’
2141 1432 2146 1436 “

1197 1497 1379 1534 tei-rogatur
1410 1503 1496 1532 reus,
1525 1503 1563 1526 eo
1583 1493 1679 1526 modo
1712 1504 1777 1537 quo
1801 1493 1869 1538 ipse
1894 1495 1947 1528 illa

1197 1545 1331 1589 profert,
1354 1545 1385 1578 in
1402 1545 1549 1586 latinum,
1571 1545 1596 1578 si
1617 1545 1713 1579 latine
1726 1547 1879 1590 proferat,
1900 1549 1947 1581 vel

1196 1598 1318 1641 vulgari
1339 1608 1487 1632 sermone
1503 1609 1561 1642 per
1576 1598 1736 1632 notarium
1755 1599 1949 1641 scribantur;

1197 1657 1228 1685 et
1248 1651 1272 1685 si
1292 1662 1368 1685 reus
1382 1652 1533 1696 loquatur
1553 1652 1585 1685 in
1605 1652 1738 1695 vulgari,
1761 1653 1951 1688 adhibeatur

1197 1705 1342 1738 notarius
1357 1704 1444 1738 illius
1459 1705 1587 1749 linguae
1610 1706 1659 1738 vel
1679 1705 1840 1740 idiomatis
1859 1707 1951 1741 cuius

1198 1764 1244 1791 est
1259 1769 1345 1800 reus,
1363 1759 1410 1792 vel
1427 1769 1500 1792 curn
1517 1758 1691 1803 interprete
1707 1759 1793 1792 illius
1807 1759 1946 1804 linguae.

1242 1807 1257 1851 ᾗ
1276 1807 1329 1841 Ἰθ.
1353 1808 1389 1841 Et
1410 1808 1434 1841 si
1455 1809 1619 1851 contingat
1643 1819 1734 1841 reum
1755 1808 1949 1843 indiciorum
2023 1826 2149 1848 indiciorum

1198 1857 1323 1901 copiam
1339 1864 1446 1901 petere
1461 1859 1552 1905 velle,
1568 1858 1663 1892 iidem
1680 1859 1795 1892 notarii
1807 1870 1866 1904 per
1880 1870 1950 1894 mo·
1965 1858 2149 1910 ζῖξζζξῃάθξᾞζζ“

1199 1907 1275 1939 dum
1301 1912 1461 1940 extractus
1481 1913 1511 1940 et
1535 1918 1599 1940 non
1626 1907 1770 1950 regestri‚
1793 1913 1824 1940 et
1853 1907 1952 1942 literis
1966 1924 2018 1941 eivs,

1199 1956 1331 1990 minutis
1355 1962 1386 1990 et
1409 1957 1627 1997 currentibus,
1654 1962 1685 1990 et
1714 1967 1774 2001 pro
1806 1958 1951 2000 quolibet

1199 2006 1343 2048 margine
1364 2007 1461 2050 pleno
1482 2006 1609 2049 triginta
1625 2017 1735 2039 versus
1751 2008 1947 2047 continente,

1201 2055 1336 2096 trudant,
1359 2067 1395 2089 ac
1413 2066 1471 2099 pro
1487 2055 1629 2099 quolibet
1647 2056 1830 2089 centenario
1851 2061 1950 2089 carta-

1200 2116 1271 2137 rum
1299 2104 1490 2149 scriptarum
1516 2115 1580 2137 non
1607 2105 1777 2148 plusquam
1808 2104 1951 2149 quinque

1199 2154 1332 2187 ducatos
1353 2154 1520 2198 recipiant,
1539 2159 1567 2187 et
1589 2154 1633 2187 sic
1658 2165 1717 2198 pro
1738 2159 1806 2187 rata
1830 2154 1863 2187 in
1889 2153 1949 2187 rni-

1199 2203 1269 2235 nori
1302 2204 1348 2236 vel
1377 2203 1489 2236 maiori
1519 2208 1679 2236 cartarum
1706 2213 1860 2243 numero,
1891 2203 1950 2237 sub

1201 2263 1303 2295 poena
1328 2252 1489 2296 praedicta
1514 2251 1778 2285 irremissibiliter
1797 2252 1948 2296 exigenda

1200 2306 1229 2334 et
1249 2301 1451 2346 applicanda,
1475 2306 1509 2334 ut
1528 2300 1752 2344 praemittitur.

1244 2351 1331 2393 §ll
1356 2350 1480 2384 sivero
1501 2351 1540 2382 ad
1574 2350 1670 2382 alium
1706 2350 1846 2383 iudicem
1880 2356 1948 2384 acta
1978 2376 2102 2403 negantum
2113 2376 2147 2397 fi„

1200 2399 1303 2432 forent
1324 2399 1581 2443 transportanda,
1604 2405 1680 2431 tunc
1696 2398 1750 2431 siat
1771 2405 1948 2442 regestrum
1964 2415 2057 2432 actorum
2077 2414 2148 2433 uanu-

1199 2454 1227 2481 et
1250 2450 1389 2481 solvatur
1414 2454 1510 2492 prout
1539 2449 1570 2480 in
1604 2448 1694 2481 curia
1727 2448 1839 2481 eadem
1872 2448 1949 2482 solvi
1965 2445 2100 2470 “⁰“³²⁰¹¹¹'¹³'

1200 2499 1365 2531 cousuevit
1394 2509 1452 2541 pro
1477 2498 1621 2542 quolibet
1643 2498 1828 2531 centenario
1856 2499 1949 2532 solio-

1200 2558 1271 2580 rum
1289 2547 1433 2591 regestri.

1243 2598 1257 2641 g
1278 2597 1330 2630 ¹12.
1354 2597 1391 2630 Et
1411 2597 1436 2630 si
1455 2597 1571 2640 aliquis
1595 2602 1778 2630 carceratus
1797 2597 1952 2631 innocens

1237 2666 1247 2691 1
1266 2666 1298 2692 In
1314 2667 1401 2696 visita.
1421 2663 1536 2691 Cherub.
1559 2664 1597 2699 (n.
1618 2663 1667 2696 τ.).
