2227 3001
39 259 88 291 A'n.
105 260 133 287 C.
157 259 220 286 1558

887 253 1005 277 rarus
1024 252 1056 277 tv
1076 253 1121 276 rrt

1010 307 1151 339 ⁴tionem
1187 303 1274 336 Pauli
1308 307 1335 334 01
1371 300 1439 334 10111
1478 299 1521 338 H,
1561 298 1785 342 praedecesso-

234 309 388 350 iusmodi,
413 319 486 343 cum
509 308 658 341 omnibus
684 314 711 341 ct
736 307 869 349 singulis
890 307 920 339 iu
944 307 989 339 cis

1681 235 1743 269 3:35

237 364 394 397 contentis
406 362 571 401 clausulis,
587 372 727 405 persua>
747 361 854 393 literas
871 371 989 404 appro-
1011 360 1013 386 l
1036 370 1105 392 rum
1127 357 1325 395 huiusmodi,
1348 366 1383 388 ac
1406 364 1502 387 causa
1522 363 1586 386 nou
1610 353 1737 394 cognita
1759 360 1784 385 et

235 417 356 450 baverit
387 422 414 449 et
446 416 663 456 innovarem,
691 426 726 447 ac
757 420 913 458 perpetua
939 424 989 446 ro-

236 471 322 504 boris
342 469 493 502 firmitate
519 469 691 501 subsistere
721 474 749 500 et
767 467 992 501 inviolabiliter

238 523 399 556 observari
416 522 543 554 debere.
563 521 694 554 Necnon
708 520 990 564 congregationem

237 576 457 609 (classinensem
480 576 655 618 praefatam
678 581 705 607 et
727 574 813 607 illius
834 574 992 618 praelatos

237 636 267 662 et
301 638 464 672 personas,
501 634 611 661 contra
646 634 790 661 tenorem
826 627 991 659 literarum

237 683 351 716 Leonis
363 681 618 726 praedecessoris
635 681 831 717 huiusmodi,
849 680 991 717 nulliter‚

239 736 355 769 iniuste
383 743 410 768 et
441 736 580 769 indebite
611 735 794 768 inolestatos
815 741 844 768 et
867 740 993 777 pertur-

238 791 330 823 batos
350 791 459 831 fnisse,
483 796 511 823 et
534 790 577 823 sic
604 789 738 822 iudicari
759 788 889 824 debere,
913 794 938 820 et
969 788 993 820 si

236 844 513 888 secusrontigerit
530 844 689 883 attentari,
709 843 834 875 irritum
854 848 880 873 et
900 841 994 874 inane

239 898 434 935 ‹lecreverit;
463 907 559 941 quain
590 898 731 929 diversae
761 895 841 928 aliae
867 896 994 937 regula-

239 951 323 985 rium
346 957 374 984 et
396 952 502 984 forsan
531 950 746 984 saecularium
782 959 994 993 personarum

240 1005 505 1047 congregationes
532 1010 562 1037 et
590 1004 694 1037 forsan
722 1003 801 1036 aliae
823 1012 993 1046 personae.

238 1061 346 1093 forsan
368 1070 403 1091 ex
431 1069 468 1091 eo
495 1059 581 1103 quod
611 1069 627 1091 a
658 1056 835 1097 nonnullis,
859 1056 995 1089 nimium

239 1113 437 1157 scrupolosis
471 1119 499 1146 et
530 1113 700 1156 plusquam
731 1116 857 1155 oportet
884 1120 995 1153 sapere

240 1166 529 1206 contendentibus,
566 1164 744 1198 haesitetur
781 1174 821 1196 an
860 1163 997 1196 uniones

239 1224 312 1253 ante
330 1219 435 1264 ipsum
452 1218 623 1252 Martinum
641 1218 922 1262 praedecessorem
941 1226 998 1260 per

238 1272 320 1306 alios
348 1272 509 1306 Romanos
534 1270 707 1304 Pontifices
733 1270 997 1313 praedecessores

240 1336 316 1360 suos
336 1326 456 1366 iactae,
481 1325 540 1358 sub
568 1324 668 1358 literis
698 1324 787 1357 Pauli
807 1324 997 1368 praedeces-
1018 1337 1019 1346 ¹

241 1379 323 1413 soris
343 1378 530 1412 huiusmodi
551 1377 882 1423 comprehendantur,
897 1383 923 1409 et
939 1377 998 1409 for-

241 1444 297 1466 san
317 1433 449 1466 diversis
469 1432 538 1465 aliis
566 1431 784 1477 praetextibus
814 1429 999 1463 communia

243 1486 365 1519 minuta
387 1485 525 1525 servitia,
548 1490 682 1517 auuatas
703 1491 730 1517 et
754 1483 816 1517 alia
844 1483 914 1517 iura
941 1484 998 1515 Ca-

243 1549 350 1572 tuerae
377 1546 401 1571 01
443 1538 578 1581 collegio
614 1550 649 1570 ac
685 1536 876 1570 officialibus
906 1547 999 1581 prae-

243 1592 348 1633 dictis,
373 1593 497 1625 ratione
522 1592 682 1625 unionum
707 1591 751 1623 eis
776 1591 814 1623 de
838 1596 999 1623 monaste·
1020 1603 1022 1613 v

242 1646 310 1685 riis,
333 1645 529 1689 prioratibus
550 1651 576 1676 et
604 1644 674 1677 aliis·
704 1643 868 1676 beneficiis
897 1644 1000 1676 eccle-

243 1699 376 1732 siasticis
387 1699 710 1732 hactenusl‘actarum
726 1725 732 1735 ,
756 1698 860 1731 debita
878 1699 1000 1741 persol-

243 1763 317 1786 vere
339 1758 500 1789 recusent,
525 1762 677 1785 censuras
699 1757 727 1784 et
748 1762 867 1795 poenas
889 1752 919 1783 in
937 1752 1000 1783 sin-

243 1806 327 1847 gulis
356 1806 457 1839 literis
483 1807 654 1850 praedictis
680 1810 846 1839 contentas
871 1806 1001 1838 (101000-

244 1859 353 1892 biliter
372 1859 582 1894 incurrendo,
606 1860 637 1892 in
659 1860 841 1892 animarum
868 1869 1000 1891 suarum

244 1911 440 1958 periculum,
464 1918 493 1945 et
513 1912 665 1946 Gamerae
694 1923 731 1945 ac
760 1912 885 1954 collegii
908 1917 936 1944 et
958 1912 1002 1944 os—

245 1966 399 2000 finialium
418 1966 657 2010 praedictorum
679 1966 919 1999 detrimentum.

1036 423 1097 445 non
1119 412 1234 444 vocatis
1252 420 1307 442 uec
1326 408 1441 441 auditis
1462 417 1602 450 quorum
1627 406 1788 439 intererat.

1035 464 1262 499 emanaverint,
1280 470 1307 496 ct
1323 473 1379 506 per
1394 472 1446 494 ca>
1469 462 1517 493 ius
1544 460 1647 499 tertii,
1679 465 1789 492 contra

1035 526 1179 551 tenorem
1197 516 1463 550 constitutionum
1484 524 1604 557 percos
1617 512 1787 547 editarum,

1036 572 1202 605 manifeste
1230 572 1380 609 tollatur,
1404 570 1552 601 effectum
1589 566 1695 599 sortiri
1726 576 1789 598 uon

1036 625 1164 663 debere,
1187 624 1332 656 omnium
1355 629 1380 655 et
1404 621 1603 663 singularum
1626 620 1790 652 literarum

1037 678 1273 722 praedictarum
1305 677 1446 709 veriores
1479 681 1622 715 tenores,
1645 684 1681 706 ac
1707 673 1732 706 si
1753 673 1791 705 de

1037 732 1131 765 verbo
1148 731 1185 764 ad
1207 731 1338 763 verbum
1361 730 1592 768 insererentur,
1614 727 1791 772 praesenti-

1038 787 1096 818 bus
1117 796 1175 829 pro
1206 785 1361 828 expressis
1391 783 1566 821 habentes:
1590 792 1624 814 ac
1651 781 1793 824 singulas·

1038 839 1145 871 literas
1186 837 1320 880 liu-genii
1353 843 1380 869 et
1415 835 1529 870 Leonis
1556 846 1591 868 ac
1621 834 1793 868 Clementis

1039 892 1323 937 1·›raetlecessortun
1355 889 1560 929 huiusmodi,
1589 889 1626 921 ad
1660 889 1743 922 viam
1764 894 1793 921 et

1040 945 1193 979 terminos
1213 945 1291 978 iuris
1308 945 1498 977 reducentes
1515 949 1541 976 et
1561 943 1710 976 reductas
1725 953 1792 976 esse

1039 1000 1268 1039 decernente>-7
1293 1003 1380 1031 motu
1402 998 1556 1041 proprio,
1581 1007 1643 1030 non
1674 996 1713 1029 ad
1735 996 1792 1029 ali<

1040 1054 1131 1087 cuius
1153 1054 1244 1085 nobi<
1279 1063 1376 1096 super
1403 1052 1464 1085 hoc
1487 1052 1611 1084 oblatae
1633 1051 1793 1095 petitionis

1040 1109 1242 1146 instantiam,
1273 1107 1326 1139 sed
1355 1117 1390 1138 ex
1421 1112 1506 1139 certa
1532 1106 1663 1138 scientia
1690 1116 1727 1139 ac
1757 1105 1794 1138 de

1040 1171 1127 1194 mera
1149 1161 1378 1193 deliberatione
1400 1165 1519 1201 nostra,
1546 1171 1658 1193 omues
1679 1165 1707 1192 et
1729 1160 1793 1193 sin-

1039 1215 1129 1257 gulas
1163 1214 1320 1253 uniones,
1355 1213 1570 1254 0000κί0005,
1604 1214 1794 1257 incorpora—

1040 1268 1155 1308 tiones,
1178 1268 1412 1312 applicationes
1447 1273 1477 1299 01
1505 1267 1736 1300 submissiones
1757 1266 1794 1300 dc

1040 1321 1203 1365 quibusvis
1224 1320 1436 1360 monasteriis,
1464 1320 1673 1364 prioratibus,
1702 1330 1795 1364 prae-

1041 1375 1212 1419 posituris,
1250 1374 1539 1419 praepositatibns,
1568 1374 1794 1417 dignitatibus,

1041 1427 1285 1472 personatibus,
1309 1424 1660 1468 administrationibus,
1684 1428 1797 1461 officiis

1042 1487 1069 1515 et
1091 1481 1258 1514 beneficiis
1287 1481 1530 1521 ecclesiasticis,
1555 1491 1628 1513 cum
1660 1491 1738 1514 cura
1767 1486 1795 1513 et

1043 1535 1109 1568 siue
1132 1546 1221 1575 cura,
1239 1534 1461 1568 st‘tecnlaribus
1481 1540 1509 1567 et
1531 1534 1719 1578 quorumvis
1739 1534 1797 1568 Or-

1042 1589 1154 1621 dinum
1185 1599 1240 1621 seu
1275 1588 1462 1621 militiarum
1495 1587 1699 1631 regularibus
1724 1587 1797 1631 qui·

1043 1643 1258 1686 buscumque,
1283 1641 1459 1685 collegiatis
1487 1641 1630 1675 ecclesiis
1662 1653 1718 1675 seu
1744 1652 1797 1675 ea-

1044 1707 1115 1729 rum
1138 1696 1256 1730 mensis
1284 1696 1517 1740 capitularibus
1550 1707 1606 1729 seu
1641 1694 1796 1739 collegiis,

1045 1750 1307 1783 000-0050011005
1340 1755 1367 1782 et
1404 1750 1573 1794 utriusque
1600 1760 1693 1783 sexus
1720 1760 1798 1782 con-

1044 1803 1295 1846 gregationibus,
1314 1810 1376 1836 tam
1400 1802 1620 1836 saecularibus
1635 1814 1732 1846 quam
1748 1814 1799 1836 re-

1044 1857 1222 1901 gularibus,
1241 1858 1336 1890 etiam
1354 1857 1461 1890 Sancti
1479 1857 1605 1900 Georgii
1622 1856 1653 1890 in
1666 1858 1756 1901 Alga,
1771 1863 1799 1890 et

1044 1911 1223 1944 Cassinensi
1261 1911 1454 1955 praedictis,
1485 1922 1521 1943 ac
1547 1911 1661 1944 Montis
1690 1910 1800 1944 Oliveti

1023 1991 1025 1995 .
1046 1971 1075 1997 et
1092 1965 1340 2005 Camaldulensi‚
1362 1975 1489 1998 necnon
1511 1964 1673 2006 domibus,
1703 1965 1800 1998 fabri-

1870 241 1898 268 C.
1921 240 1985 269 ¹558

289 2022 304 2065 ἑ
323 2021 354 2054 8.
375 2021 451 2059 Nos,
478 2020 717 2053 considerantes
737 2020 917 2065 praefatum
938 2020 1001 2053 Eu—
1022 2007 1025 2024 '
1046 2019 1101 2060 cis,
1125 2019 1336 2065 hospitalibus
1363 2025 1392 2052 et
1418 2019 1489 2052 aliis
1509 2019 1570 2064 piis
1595 2019 1695 2059 locis,
1718 2030 1800 2063 quae

245 2075 375 2117 genium
407 2073 689 2118 praedecessorem
720 2084 778 2117 per
807 2074 876 2106 eins
895 2073 1003 2107 literas
1046 2085 1082 2106 ex
1102 2084 1215 2106 eorum
1252 2073 1466 2117 perpetuitate
1494 2083 1558 2106 000
1591 2078 1724 2114 vacant,
1744 2084 1802 2118 per

247 2128 487 2162 successoribus
509 2127 575 2160 suis
595 2127 747 2160 Romanis
774 2126 1000 2166 Pontificibus,
1024 2131 1025 2172 J
1045 2138 1270 2171 quoscumque
1291 2127 1452 2160 Romanos
1476 2126 1649 2160 Pontifices
1669 2127 1802 2172 praede-

248 2192 324 2216 cum
344 2192 403 2226 par
423 2182 454 2214 in
476 2191 586 2226 parem
605 2192 669 2214 non
686 2181 799 2214 babeat
818 2181 1002 2224 imperium.
1024 2174 1025 2205 1
1046 2192 1189 2215 cessores
1222 2186 1361 2220 nostros,
1389 2192 1598 2225 quocumque
1633 2187 1799 2225 ternpore,

248 2241 279 2269 et
297 2246 356 2280 per
383 2245 585 2278 consequens
619 2234 755 2277 collegio
790 2233 1001 2267 cardinalium
1046 2236 1140 2268 etiam
1163 2241 1235 2277 ante
1257 2236 1361 2279 ipsum
1384 2235 1556 2269 Martinum
1577 2236 1802 2280 praedecesso-

247 2294 275 2323 et
297 2288 485 2321 officialium
501 2288 792 2324 RomanaeCuriae
814 2298 943 2321 causam
965 2288 1004 2320 ab
1024 2283 1025 2322 1
1046 2299 1114 2322 rem
1136 2299 1171 2321 ac
1191 2299 1260 2327 nos,
1277 2290 1335 2321 sub
1356 2289 1617 2333 quibuscumque
1635 2290 1802 2323 tenoribus

248 2342 324 2387 ipsis
356 2342 509 2375 Romanis
549 2341 759 2375 Pontificibus
798 2341 1002 2379 habentibus,
1047 2348 1073 2375 et
1097 2343 1218 2381 formis,
1239 2354 1275 2375 ac
1307 2353 1380 2376 cum
1408 2343 1573 2387 quibusvis
1599 2343 1753 2376 clausulis
1773 2350 1819 2384 et,

248 2395 475 2439 praeiudicare
495 2406 561 2428 000
590 2396 754 2440 potuisse:
778 2401 805 2427 et
832 2401 1003 2440 propterea
1024 2387 1026 2411 ¹
1046 2395 1197 2437 decretis,
1212 2403 1370 2440 perpetuo
1388 2396 1497 2437 saetas,
1512 2402 1541 2429 et
1556 2397 1594 2430 de
1612 2402 1719 2430 cetero
1737 2402 1800 2430 tam

247 2449 298 2482 ius
334 2453 481 2482 nostrum
516 2454 547 2481 et
580 2448 707 2490 collegii
746 2459 782 2481 ac.
817 2447 1002 2484 officialium
1024 2482 1026 2490 ,
1047 2459 1104 2492 per
1126 2459 1184 2482 005
1204 2460 1301 2493 quam
1331 2460 1534 2482 successores
1562 2456 1687 2483 nostros
1713 2449 1801 2482 simi-

248 2497 489 2541 praedictorum
516 2497 663 2530 illaesum
689 2497 880 2530 remansisse
903 2502 930 2529 et
952 2507 1004 2529 re-
1024 2492 1026 2537 1
1048 2498 1120 2530 liter
1136 2504 1292 2542 perpetuo
1314 2498 1486 2533 faciendas,
1514 2498 1573 2530 sub
1594 2498 1693 2530 literis
1713 2498 1802 2531 Pauli

249 2557 401 2586 manere,
424 2557 467 2579 ac-
490 2546 598 2579 literas
629 2546 745 2579 Leonis
774 2552 805 2580 et
832 2545 1004 2579 Clementis
1024 2541 1025 2584 f
1047 2547 1303 2590 praedecessoris
1344 2547 1529 2580 huiusmodi
1571 2546 1801 2589 comprehendi

248 2596 535 2640 praedecessorum
559 2595 770 2636 huiusmodi,
798 2606 872 2629 cum
893 2600 1003 2632 contra
1047 2600 1073 2632 et
1094 2595 1226 2628 includi.
1246 2596 1282 2629 Et
1298 2602 1469 2640 propterea
1493 2602 1555 2628 tam
1581 2595 1801 2637 Cassinensem

248 2644 480 2685 ordinationes,
505 2649 632 2680 statuta,
656 2644 784 2677 decreta
805 2649 833 2675 et
848 2644 1004 2676 rdeclara-
1024 2642 1025 2646 ’
1047 2650 1073 2676 et
1096 2645 1210 2677 1100115
1230 2643 1340 2679 Oliveti
1367 2655 1401 2679 ar
1431 2644 1711 2678 Gamatdulensem
1731 2655 1803 2680 nec.-

1022 2685 1025 2698 t

77 2096 172 2118 Declnrut
192 2098 231 2123 1έί-

48 2130 80 2149 tur
89 2129 123 2149 hie
134 2128 230 2148 Pontum

47 2165 121 2180 omnes
140 2163 232 2185 congre-

47 2190 232 2216 gationesetatios

47 2222 71 2242 ad
94 2227 180 2248 qnorum
200 2220 233 2240 13-

47 2258 118 2274 vorem
129 2253 231 2273 beneficia

47 2285 105 2304 unita
147 2285 231 2304 inerunt

48 2316 116 2336 teneri
132 2316 156 2336 ad
172 2316 232 2336 5010-

48 2348 126 2368 tionem
142 2350 232 2367 annam-

49 2384 91 2399 rmu
110 2381 156 2403 aa,
169 2381 189 2398 ot
207 2378 231 2397 ad

47 2410 71 2425 ne
99 2405 231 2430 obt-gaudum

49 2436 73 2455 de
88 2434 129 2455 illis
147 2435 233 2455 salven-

48 2467 86 2487 dis*
