2227 3001
240 233 287 259 An,
307 233 333 259 C.
359 235 423 262 25:52

233 1045 262 1067 tia
278 1050 297 1067 ut
310 1051 414 1067 rectorem

233 1077 326 1103 aliosque
336 1077 415 1101 eligere

232 1111 415 1135 mmmm-quesn

237 1469 357 1495 Scholaren,
367 1471 413 1491 bac-

229 1502 340 1522 calaureus
375 1505 411 1522 etr.

228 1534 252 1553 ad
262 1532 354 1553 lauream
367 1538 414 1559 pro—

227 1568 329 1588 movet-03
345 1567 366 1583 et
388 1569 414 1584 e-

228 1595 297 1621 quites
323 1594 413 1615 milites-

228 1630 267 1651 que
282 1631 363 1646 creare.

480 226 545 260 458
1033 239 1211 262 nrrmmrn
1237 239 1385 263 nomnen
1994 240 2043 268 An.
2057 242 2086 268 c>
2109 242 2180 268 1552

439 298 591 332 personas
618 294 648 321 et
678 290 880 334 suppositos,
910 297 973 322 tam
1007 291 1186 323 saeculares

437 353 533 386 quam
541 343 728 387 quorumvis
736 343 890 377 Ordinum
900 344 1073 385 regulares,
1082 343 1187 377 cuius-

437 393 577 440 cumque
592 401 700 434 status,
720 397 849 439 gradus,
873 396 1007 433 ordinis,
1026 397 1187 440 dignitatis

436 457 463 483 et
508 450 768 494 praeeminentiae
806 450 985 491 extiterint,
1027 451 1120 483 etiam
1161 452 1184 484 si

436 503 573 547 exempti
599 508 626 536 et
660 503 732 535 Sedi
764 502 962 546 Apostolicae
1004 504 1185 538 immediate

435 562 487 589 aut
512 557 602 589 alteri
627 557 770 600 praelato
796 556 948 593 subiecti.
975 569 1029 590 seu
1063 558 1185 592 alienae

435 610 589 643 dioecesis
600 609 728 646 fuerint,
741 610 972 651 omnimodam,
986 617 1048 644 tarn
1060 612 1184 645 civilem

433 674 528 707 quam
541 663 741 696 criminalem
758 669 787 696 et
801 664 929 697 mixtam
942 670 1130 709 potestatem
1140 666 1185 710 (in

434 717 490 749 sibi
512 716 655 750 subditos
675 716 839 758 videlieet,
865 729 921 751 sua
939 719 1120 757 ordinaria;
1154 720 1185 753 in

433 775 596 814 exemptos
616 781 689 803 vero
707 782 761 804 seu
776 771 900 805 alienae
921 772 1087 813 dioecesis,
1106 785 1184 817 apo-

433 823 542 857 stoliea
563 824 753 857 auctoritate
770 825 946 868 praedicta)
962 836 1125 866 exercere,
1144 827 1184 859 vi—

432 877 545 917 sitare,
583 878 757 911 reformare
783 884 811 911 et
843 879 1025 922 corrigere,
1062 891 1097 913 ac
1133 891 1183 913 er-

433 936 539 964 rantes
559 930 674 974 punire
700 936 731 963 et
751 932 916 975 castigare.

476 985 490 1027 ξ
519 983 548 1017 7.
581 984 710 1017 Necnon
747 984 846 1028 ipsius
876 985 1094 1020 lfniversitatis
1135 999 1183 1021 re-

432 1042 547 1077 ctores,
570 1037 750 1082 magistros,
775 1039 922 1076 tectores,
945 1046 1182 1084 praeceptores,

431 1096 658 1136 procuratores
693 1098 719 1124 et
758 1092 837 1126 alios
882 1093 1033 1127 officiales
1071 1095 1183 1128 liuius-

431 1145 517 1178 modi
537 1145 669 1189 eligere,
698 1157 752 1179 seu
774 1158 887 1180 eorum
914 1148 1086 1181 electiones
1115 1149 1184 1181 aliis

430 1198 641 1237 committere,
662 1210 792 1243 easque,
810 1207 978 1244 postquam
1003 1201 1100 1234 sactae
1117 1203 1183 1235 fue-

430 1251 504 1292 rint,
532 1251 725 1285 confirmare
747 1258 775 1285 et
796 1253 988 1296 approbare,
1010 1265 1065 1287 seu
1087 1255 1181 1288 etiam

429 1305 497 1338 aliis
521 1304 758 1338 confirmandas
783 1312 811 1339 et
835 1307 1058 1350 approbandas
1093 1319 1181 1341 coni-

431 1358 570 1392 mittere.

472 1412 486 1455 g
511 1411 541 1445 8.
574 1412 704 1445 Necnon
730 1413 816 1456 quod
839 1418 900 1445 tain
926 1414 992 1457 ipse
1018 1414 1099 1447 Otho
1116 1426 1182 1447 car—

428 1464 542 1498 dinalis
574 1477 670 1509 quam
701 1467 836 1499 lectores
872 1468 993 1510 publici
1028 1468 1183 1501 llniversi-

428 1519 500 1552 tatis
524 1519 823 1564 h11i11s1110di,quos
847 1521 904 1561 eis,
930 1526 965 1554 ut
987 1522 1179 1565 praefertur,

428 1571 599 1609 studuisse,
623 1583 659 1604 ae
679 1572 738 1605 vita
757 1578 784 1605 et
802 1574 948 1607 moribus
966 1574 1098 1607 idoneos
1113 1586 1181 1608 esse

428 1624 617 1664 constiterit,
640 1625 678 1658 ad
699 1626 816 1668 gradus
832 1626 1029 1663 huiusmodi,
1047 1639 1120 1660 curn
1139 1628 1180 1660 ri-

427 1689 543 1721 goroso
564 1679 708 1711 examine
729 1690 764 1712 ac
788 1680 882 1712 modo
903 1686 931 1713 et
950 1680 1051 1713 fornia
1072 1686 1102 1714 et
1122 1682 1181 1714 sub

428 1731 665 1765 conditionibus
686 1744 743 1776 per
768 1733 872 1777 ipsum
900 1733 1056 1767 Othonem
1079 1735 1181 1767 cardi-

428 1785 530 1818 nalem
553 1786 738 1823 statuendis,
760 1797 960 1829 promoverffi
983 1799 1019 1821 ae
1040 1799 1121 1831 quos
1142 1788 1180 1821 ad

427 1839 613 1872 doctoratus
632 1840 768 1882 gradum
797 1841 1030 1884 promoverint,
1055 1852 1180 1874 necnon

427 1892 579 1935 dignitate
616 1898 642 1925 et
671 1893 816 1936 insigniis
845 1895 1048 1937 equestribus
1067 1895 1180 1941 dignos

427 1957 493 1979 esse
516 1946 746 1986 iudicaverint,
770 1947 836 1991 ipse
857 1948 938 1981 Otho
960 1942 1180 1981 cardinaliset

426 2011 627 2034 successores
653 2001 700 2034 sui
733 2001 865 2045 praefati
895 2007 1029 2039 tantum,
1065 2003 1180 2036 milites

426 2065 481 2087 seu
495 2055 618 2098 equites
641 2060 778 2094 auratos
799 2055 987 2088 auctoritate
1004 2061 1033 2089 et
1049 2056 1179 2089 nomine

426 2108 553 2148 nostris,
574 2119 683 2141 creare
699 2114 726 2141 et
750 2109 957 2147 constituere,
976 2120 1012 2142 ac
1025 2110 1178 2152 equestri-

426 2162 485 2194 bus
506 2161 650 2205 insigniis
666 2162 831 2202 decorare,
850 2162 1022 2207 omniaque
1041 2163 1177 2196 militum

427 2220 614 2248 ornamenta
640 2215 696 2251 eis,
723 2216 764 2248 ita
795 2217 882 2259 quod
908 2217 1059 2250 omnibus
1087 2217 1178 2260 privi-

426 2269 528 2312 legiis,
551 2270 819 2313 exemptionibus,
843 2270 1109 2308 immunitatibus,
1125 2272 1179 2303 lio-

426 2323 569 2359 noribus,
581 2324 787 2366 dignitatibus
803 2330 831 2356 et
844 2325 1082 2367 praerogativis,
1110 2325 1178 2367 qui-

426 2378 484 2410 bus
504 2377 557 2409 alii
579 2377 695 2409 milites
714 2388 768 2409 sen
785 2379 907 2420 ‹quia-s
935 2379 1036 2411 aurati
1057 2378 1178 2411 anobis

425 2431 521 2463 creati
543 2436 688 2467 utuntur,
711 2432 877 2474 puniuntur
903 2438 929 2465 et
956 2433 1111 2475 gaudent,
1141 2444 1178 2465 ac

427 2480 482 2515 uti,
503 2479 596 2524 potiri
618 2486 645 2513 et
668 2481 805 2522 gaudere
829 2487 977 2524 poterunt
1000 2482 1177 2524 quomodo-

425 2528 497 2560 libet
520 2528 729 2567 infuturum,
760 2530 890 2572 perinde
923 2541 959 2562 ac
989 2530 1012 2562 si
1043 2542 1100 2575 per
1122 2541 1177 2562 nos

427 2578 523 2610 creati
544 2577 688 2617 fuissent,
710 2583 850 2616 utantur,
870 2579 1031 2622 potiantur
1051 2585 1077 2611 et
1101 2591 1177 2622 gau-
1197 2621 1198 2627 ἵ

1197 2633 1198 2638 ’
1221 2628 1310 2665 etari,
1334 2639 1437 2673 neque
1458 2634 1626 2671 propterea
1642 2630 1707 2663 suis
1722 2630 1886 2664 beneficiis
1906 2631 1968 2676 pri-

425 2628 530 2665 deant,
554 2627 739 2661 concedere⁴

1274 292 1287 334 ξ
1307 291 1337 324 9.
1361 291 1537 336 Omniaque
1558 298 1588 325 et
1607 293 1731 336 singula
1751 293 1812 326 alia
1833 294 1864 326 in
1887 305 1978 337 prae-
2014 303 2097 338 ⁴Poto-²
2113 305 2174 338 eit-m

1231 344 1333 377 missis
1363 349 1393 377 et
1423 344 1507 378 circa
1537 357 1573 378 ea
1602 346 1779 380 necessaria
1815 347 1919 381 facere
1947 353 1978 381 et
1992 334 2176 392 {gussajsssscfssss

1230 398 1356 442 exequi,
1375 409 1410 430 ac
1432 398 1470 430 ad
1490 410 1527 431 ea
1547 400 1653 433 onmia
1678 401 1759 434 vices
1780 412 1853 434 suas
1874 401 1975 435 eidem
1992 397 2026 417 ¹²³⁸
2039 397 2173 418 ⁵¹¹¹'⁵¹³¹²¹“⁸·

1230 452 1384 484 moderno
1405 457 1434 484 et
1456 463 1514 496 pro
1535 453 1679 497 tempore
1701 454 1844 487 existenti
1866 466 1924 488 suo
1946 455 1977 488 in

1229 505 1449 549 spiritualibus
1476 506 1507 538 in
1528 506 1610 540 dicta
1634 509 1768 542 ecclesia
1794 510 1977 553 Augustana

1229 559 1345 592 vicario
1376 560 1517 602 generali
1544 561 1753 595 committere.

1273 613 1286 652 ,ξ
1318 611 1364 645 10.
1393 612 1523 645 Necnon
1544 614 1631 656 quod
1657 625 1715 658 pro
1738 620 1882 660 tempore
1912 616 1977 649 exi·
2016 622 2178 658 fissuramque

1229 669 1345 698 stentes
1357 665 1456 709 ipsius
1468 665 1683 700 Universitatis
1694 673 1811 708 rector,
1826 669 1978 712 magistri,
1993 656 2121 706 lillit'ffi‘
2135 655 2179 706 bg?

1228 718 1392 756 doctores,
1414 719 1567 759 lectores,
1591 726 1814 765 praeceptores
1835 727 1865 754 et
1884 723 1978 756 scho-
1993 715 2179 773 fffissss’f‘ffiffl'ss

1229 772 1309 805 lares
1329 772 1475 816 praefati,
1497 774 1537 806 ad
1564 774 1822 818 quinquennium
1844 775 1875 808 in
1896 776 1979 810 dicta
1993 778 2094 798 '‘mm“
2124 779 2180 798 ‘⁸⁸⁵⁴

1228 824 1435 858 [niversitate
1452 826 1633 867 residendo,
1649 832 1679 860 et
1690 827 1856 861 literarum
1874 829 1979 862 studio
1994 808 2051 829 dm

1228 878 1413 919 insistendo,
1429 879 1536 912 omnia
1557 885 1585 913 et
1607 880 1731 924 singula
1753 882 1887 921 fructus,
1910 882 1980 915 red-

1227 931 1312 965 ditus
1332 938 1361 964 et
1382 938 1566 977 proventus.
1604 934 1691 973 iura,
1723 934 1930 968 obventiones
1950 940 1981 969 et

1227 986 1444 1019 emolumenta
1454 998 1736 1031 quorumcumque
1746 987 1979 1022 beneficiorum

1227 1039 1531 1076 ecelesiasticorum,
1560 1051 1633 1073 cum
1656 1051 1733 1073 eura
1749 1046 1777 1074 et
1800 1040 1866 1075 sine
1887 1053 1977 1083 cura,

1226 1093 1440 1126 saecularium
1472 1099 1499 1126 et
1529 1095 1717 1137 quorumvis
1742 1095 1897 1128 Ordinum
1927 1107 1978 1130 re·

1226 1145 1647 1190 gularium,quomodolibet
1660 1147 1930 1191 qualificatorum,
1943 1160 1978 1183 ac

1225 1199 1263 1232 de
1274 1199 1355 1239 iure,
1371 1205 1500 1239 statuto,
1515 1201 1759 1243 consuetudine,
1778 1202 1976 1243 fundatione,

1225 1252 1391 1297 privilegio
1421 1260 1471 1287 aut
1494 1255 1572 1287 alias
1606 1256 1808 1298 personalem
1838 1256 1978 1290 residen—

1226 1306 1301 1339 tiam
1323 1313 1351 1340 et
1374 1308 1501 1352 synodis
1521 1309 1788 1353 eomparitionem
1814 1310 1980 1355 requiren-

1225 1359 1327 1400 tium,
1364 1372 1445 1404 quat¹
1480 1361 1509 1394 in
1541 1362 1704 1405 quibusvis
1739 1363 1882 1396 eeclesiis
1914 1364 1978 1397 sive

1224 1413 1304 1446 locis
1330 1424 1414 1447 nunc
1440 1415 1546 1448 forsan
1578 1416 1752 1460 respective
1778 1417 1923 1450 obtinent
1948 1423 1978 1451 et

1224 1466 1255 1499 in
1273 1467 1418 1500 futurum
1431 1468 1632 1509 obtinebunt,
1645 1480 1719 1502 eum
1736 1481 1772 1503 ea
1784 1469 1974 1513 integritate,

1224 1520 1419 1563 quotidianis
1439 1521 1719 1555 distributionibus
1743 1523 1907 1556 dumtaxat
1927 1535 1976 1557 ex-

1224 1573 1336 1617 eeptis,
1364 1586 1438 1607 cum
1465 1586 1527 1618 qua
1554 1575 1624 1608 illos
1650 1576 1866 1620 perciperent,
1894 1577 1918 1610 si
1944 1577 1975 1611 in

1224 1626 1343 1659 eisdem
1365 1627 1508 1660 eeclesiis
1529 1634 1557 1661 et
1579 1629 1658 1662 loeis
1674 1629 1886 1673 personaliter
1901 1630 1977 1664 resi-

1224 1680 1336 1713 derent
1355 1692 1391 1714 ac
1413 1681 1443 1713 in
1465 1682 1592 1725 synodis
1612 1689 1850 1726 comparerent,
1873 1684 1976 1728 perci-

1225 1745 1312 1776 pere:
1344 1744 1379 1767 ac
1414 1734 1542 1767 interim
1577 1735 1695 1769 eisdem
1730 1736 1895 1771 benefieiis
1919 1749 1976 1781 per

1223 1788 1439 1831 cappellanos,
1458 1788 1496 1820 ad
1513 1799 1626 1822 eorum
1648 1794 1761 1822 nutum
1779 1790 1973 1832 amovibiles‚

1224 1852 1281 1883 per
1301 1852 1354 1874 eos
1375 1841 1547 1885 respective
1569 1853 1627 1885 pro
1649 1848 1791 1886 tempore
1817 1844 1974 1889 deputan-

1223 1894 1291 1933 dos,
1314 1894 1344 1926 in
1366 1894 1478 1927 divinis
1493 1895 1655 1937 deserviri,
1674 1908 1710 1930 ac
1731 1908 1842 1930 curam
1855 1898 1974 1932 aniina-

1224 1958 1294 1979 runi
1317 1947 1378 1980 illis
1399 1947 1620 1981 imminentem
1642 1950 1796 1990 exerceri,
1819 1956 1847 1983 et
1869 1952 1973 1985 eccle-

1222 2001 1346 2035 siastica
1376 2009 1574 2035 saei-amenta
1606 2003 1737 2037 illorum
1770 2005 1975 2048 parochianis

1222 2055 1396 2089 ministrari
1414 2058 1528 2097 faeere,
1547 2057 1813 2091 dioecesanorum
1825 2059 1973 2093 locorum

1221 2110 1267 2142 vel
1295 2111 1482 2152 quorumvis
1510 2111 1646 2145 aliorum
1674 2112 1801 2145 licentia
1835 2113 1974 2158 desuper

1222 2163 1355 2195 minime
1381 2163 1544 2207 requisita,
1573 2164 1672 2198 libere
1693 2171 1720 2198 et
1744 2166 1830 2199 licite
1853 2167 1973 2210 possint

1222 2222 1253 2249 et
1271 2216 1406 2253 valeant,
1427 2217 1553 2261 plenam
1571 2223 1598 2250 et
1612 2218 1759 2256 liberam.
1783 2219 1971 2254 auctoritate

1222 2269 1416 2313 apostoliea,
1441 2275 1551 2303 tenore
1568 2272 1799 2314 praesentium,
1822 2275 1971 2308 concedi-

1222 2334 1292 2355 mus
1313 2323 1508 2356 facultatem.
1526 2324 1681 2368 Quodque
1703 2326 1742 2358 ad
1764 2326 1968 2361 residendum

1222 2377 1348 2409 interim
1363 2376 1392 2409 in
1411 2377 1719 2419 ‹1*isileiiil›eneticiis‚
1739 2386 1794 2413 aut
1813 2380 1875 2413 illis
1896 2392 1969 2425 per-

1222 2431 1372 2463 sonaliter
1412 2431 1673 2472 deserviendum,
1709 2444 1746 2466 ac
1780 2434 1811 2467 in
1844 2435 1970 2478 synodis

1221 2480 1474 2522 coniparenduiu
1497 2480 1627 2514 minime
1653 2487 1834 2523 teneantur,
1853 2494 1911 2517 nec
1930 2485 1970 2517 ad

1220 2529 1249 2561 id
1280 2530 1318 2562 ab
1358 2530 1475 2562 eisdem
1522 2531 1667 2563 locorum
1705 2531 1874 2565 ordinariis
1913 2544 1967 2566 seu

1220 2578 1384 2622 quibusvis
1407 2578 1476 2611 aliis
1506 2579 1590 2612 inviti
1619 2581 1768 2624 compelli
1794 2587 1847 2614 aut
1876 2593 1967 2615 coar-
