2227 3001
223 259 274 288 An.
290 261 319 289 C.
344 260 409 289 t5t43

272 688 406 708 novoe-mim

221 726 330 747 quaecum.
339 725 407 740 exem-

223 756 314 778 ptiones.

220 2031 318 2050 Unus-uta
334 2030 407 2053 subla-

221 2066 240 2082 13
255 2066 294 2082 etot

242 2621 411 2648 {leputatloexe-

229 2657 331 2674 calutum.

468 251 532 287 343ss

423 316 575 350 omnibus
590 317 661 350 aliis
677 316 939 350 extraordinariis
955 317 1176 351 exactionibus

422 370 647 403 abstinendum
677 370 892 402 decernimus.
924 370 1174 415 provinciaeque

421 429 549 456 nostrae
561 423 802 458 Romandiolae,
817 428 984 456 exarcatus
993 424 1172 461 Ravennae,

420 476 591 516 Marchiae,
604 475 766 516 Umbriae,
780 476 929 509 Perusiae
942 482 968 509 et
986 477 1173 511 Patrimonii

421 539 503 562 onus
534 529 719 561 huiusmodi
754 540 827 562 cum
854 540 980 562 sumnia
1011 531 1174 563 alacritate

420 594 457 616 ac
479 583 553 616 fidei
574 583 775 616 observantia
796 590 1055 627 acceptaverunt.

465 636 479 679 ξ
500 636 529 668 2.
553 637 588 668 Et
617 636 693 680 quia
724 636 853 680 publice
879 636 1008 669 interest
1036 638 1174 671 exactio-

421 700 494 722 nem
515 689 703 722 huiusmodi
721 689 802 729 sieri,
825 690 967 723 volentes
987 690 1073 723 illam
1096 692 1173 725 saei-

419 742 523 780 ]itare,
538 753 573 775 ac
586 742 728 786 reliquos
744 742 887 775 subditos
903 743 1006 776 dictae
1022 744 1174 777 Romana?

419 796 580 829 Ecclesiae
597 796 636 828 ad
657 796 735 828 illud
752 796 940 829 solvendum
958 797 1175 841 promptiores

419 849 565 887 reddere,
588 855 679 882 motu
699 849 831 893 proprio
853 854 880 882 et
903 860 939 881 ex
960 856 1046 883 certa
1067 856 1174 883 nostra

419 903 562 943 scientia,
583 908 693 935 tenore
706 903 936 946 praesentium,
959 903 1129 936 statuimus
1145 910 1172 937 et

419 956 607 989 ordinamus
631 956 732 999 quod,
759 956 894 988 durante
921 956 1069 989 triennali
1096 968 1173 990 con-

418 1009 594 1042 tributione
611 1015 830 1042 trecentorum
847 1010 984 1042 millium
1007 1016 1172 1044 scutorum

419 1063 620 1101 huiusmodi,
643 1074 755 1096 omnes
773 1069 800 1095 et
814 1063 931 1106 singuli
948 1064 978 1096 S.
992 1064 1027 1096 R.
1043 1064 1078 1096 E.
1098 1065 1173 1097 sub-

421 1116 475 1148 diti
489 1117 683 1152 saeculares,
697 1116 792 1149 etiam
809 1116 833 1149 si
846 1116 993 1159 regimini
1011 1117 1172 1150 civitatum

421 1175 450 1202 et
470 1170 619 1203 locorum
639 1169 792 1213 praesint,
815 1181 850 1202 ae
872 1170 1089 1210 marchiones,
1118 1171 1173 1204 ba-

422 1234 528 1263 rones,
551 1222 731 1263 scudatarfi,
750 1233 906 1266 personae
927 1228 955 1255 et
978 1223 1130 1256 officiales
1146 1230 1172 1257 et

421 1277 525 1319 quivis
544 1277 609 1315 alii,
627 1287 834 1320 quacumque
850 1276 1002 1318 dignitate
1023 1283 1051 1309 et
1073 1279 1174 1310 excel-

422 1330 518 1362 lentia
537 1329 685 1374 praediti,
704 1336 732 1362 et
752 1335 1052 1373 quantumcumque
1071 1341 1175 1363 exem-

422 1383 465 1428 pti
492 1390 519 1416 et
546 1382 733 1426 privilegiati
761 1384 894 1423 fuerint,
923 1383 961 1415 ad
987 1384 1172 1416 solvendum

423 1442 522 1469 ratam
544 1436 646 1469 dictae
668 1435 916 1469 contributionis
931 1436 976 1468 eis
993 1442 1172 1479 tangentem

422 1490 553 1523 omnino
575 1495 755 1525 teneantur,
779 1495 806 1522 et
828 1490 865 1521 ad
892 1489 922 1521 id
943 1490 1013 1532 cogi
1034 1495 1062 1522 et
1085 1501 1173 1522 com-

422 1544 497 1588 pelli
519 1544 651 1587 possint.
674 1543 737 1575 Nos
757 1543 842 1575 enim
860 1554 1087 1586 quaecumque
1109 1545 1174 1587 pri-

421 1598 545 1640 vilegia,
568 1597 787 1641 exemptiones
811 1602 838 1629 et
867 1597 989 1630 indulta
1014 1597 1076 1629 illis
1097 1608 1175 1630 con-

422 1662 521 1688 cessa,
534 1662 570 1683 ae
587 1650 837 1683 consuetiulines
852 1657 880 1684 et
898 1650 977 1683 iuris
993 1651 1176 1683 eommunis

421 1705 645 1748 dispositiones
665 1704 695 1737 in
713 1715 825 1737 eorum
847 1704 985 1737 savorem
1014 1704 1174 1738 facientes.

421 1770 478 1802 per
498 1758 672 1791 triennium
695 1759 886 1802 praefatum,
915 1758 1020 1801 quoad
1055 1759 1175 1791 contri-

420 1812 586 1845 butionem
613 1812 772 1848 eamdem,
801 1811 863 1844 illis
888 1811 966 1843 alias
987 1811 1018 1843 in
1044 1823 1102 1844 suo
1124 1822 1175 1844 ro-

420 1866 498 1898 bore
524 1865 756 1908 permansuris,
791 1865 923 1898 omnino
949 1865 1177 1909 suspendimus

421 1930 457 1951 ac
479 1918 540 1951 illis
566 1918 734 1961 suflragari
757 1918 888 1950 minime
907 1929 998 1961 posse
1014 1918 1173 1951 volumus.

465 1974 480 2015 ς’
499 1972 530 2005 3.
555 1973 768 2005 Decernentes
789 1972 833 2004 sie
861 1982 918 2014 per
938 1982 1174 2015 quoscumque.

420 2031 484 2058 tam
519 2025 682 2058 ordinaria
716 2035 812 2068 quam
848 2024 991 2067 delegata
1026 2030 1053 2057 et
1083 2024 1175 2057 mixta

421 2079 610 2111 auctoritate
627 2079 806 2121 fungentes,
833 2077 957 2110 iudices
975 2105 981 2117 ,
1010 2089 1174 2121 personas,

421 2131 514 2164 etiam
528 2142 698 2164 causarum
707 2131 815 2163 Palatii
831 2130 1003 2174 ,xpostoliei
1016 2131 1179 2164 auditores

422 2196 458 2218 ac
479 2185 582 2218 dictae
609 2185 771 2217 [limianae
795 2183 957 2216 Ecclesiae
984 2184 1175 2224 cardinales,

423 2238 543 2281 ubique
575 2238 726 2273 iudicari,
755 2237 905 2280 cognosci
936 2248 971 2269 ac
998 2237 1102 2270 decidi
1128 2238 1179 2270 de-

422 2292 510 2330 bere,
528 2291 652 2324 sublata
668 2292 713 2324 eis
729 2297 756 2323 et
781 2302 893 2324 eorum
917 2291 1047 2324 cuilibet
1070 2291 1180 2334 quavis

423 2345 516 2378 aliter
536 2345 698 2378 iudicandi
715 2351 741 2377 et
761 2344 990 2388 interpretandi
1016 2345 1177 2378 facultate:

424 2409 551 2431 necnon
577 2398 703 2431 irritum
729 2405 756 2431 et
785 2399 878 2431 inane
903 2397 1061 2441 quidquid
1088 2409 1180 2430 secus

425 2464 523 2496 super
542 2453 592 2485 liis
606 2464 622 2484 a
639 2463 822 2495 quoquam,
845 2451 955 2495 quavis
975 2451 1177 2485 auctoritate.

426 2503 564 2536 scienter
572 2503 618 2535 rel
629 2502 825 2545 ignoranter,
838 2501 1005 2544 eontigerit
1017 2501 1176 2533 attentari.

470 2553 530 2596 {4
549 2551 706 2591 Quocirca
718 2551 835 2583 dilecto
853 2550 918 2582 tilio
931 2550 1069 2583 (luidoni
1088 2550 1181 2582 Asca-

427 2602 480 2635 nio
513 2602 647 2635 Stortiae
677 2600 784 2634 Sancti
816 2599 1005 2636 Eustachii,
1044 2599 1180 2631 diacono

428 2651 580 2684 cardinali
602 2651 639 2681 tle
656 2650 769 2683 Sancta
791 2649 895 2682 Flora.
920 2649 1100 2681 vain-mario
1123 2659 1178 2680 no-

1022 265 1198 289 antAntttn
1224 266 1373 289 nmmxrn

1219 324 1296 358 stro,
1323 329 1421 362 quem
1447 329 1544 363 super
1564 317 1761 364 praemissis,
1788 318 1872 352 ultra
1888 319 1973 353 ordi-

1218 371 1340 404 nariam
1359 372 1407 404 sui
1425 372 1654 406 camerariatus
1666 373 1761 407 officii
1771 373 1969 413 facultatem,

1219 424 1475 458 commissarium
1514 431 1543 459 et
1581 432 1785 460 executorem
1824 432 1971 460 nostrum

1217 479 1401 520 generalem
1427 479 1577 520 facimus,
1611 480 1837 514 constituimus
1862 486 1892 514 et
1916 481 1971 514 de—

1218 536 1382 575 putamu8‚
1405 543 1464 575 per
1482 539 1667 576 praesentes
1685 533 1916 567 committimus
1942 539 1971 566 et

1218 585 1409 617 mandamus
1443 590 1603 628 quatenus
1627 586 1754 620 easdem
1787 591 1972 630 praesentes

1217 643 1246 670 et
1272 637 1304 670 in
1329 638 1375 671 eis
1403 644 1553 671 contenta
1581 650 1807 684 quaecumque
1837 641 1970 684 plenum

1217 690 1369 724 effectum
1385 692 1504 733 sortiri,
1522 698 1549 725 et
1567 693 1794 726 inviolabiliter
1809 694 1970 727 obsemari

1218 744 1347 777 mandet
1359 750 1387 777 et
1400 745 1506 778 saciat.
1519 745 1787 786 Contradictores‚
1797 747 1972 780 renitentes

1217 803 1245 829 et
1285 798 1421 831 rebelles
1457 809 1515 842 per
1545 809 1698 832 censuras
1738 800 1972 833 ecclesiasticas

1217 855 1245 882 et
1259 861 1392 893 poenas,
1406 851 1501 884 etiam
1523 852 1740 895 pecuniarias,
1759 852 1891 886 arbitrio
1912 863 1971 886 suo

1217 903 1407 947 infligendas
1440 910 1467 937 et
1490 905 1709 949 applicandas,
1746 911 1775 939 et
1803 906 1865 939 alia
1892 906 1972 939 iuris

1217 958 1359 991 remedia
1380 964 1574 1002 opportuna.
1602 959 1818 1003 appellatione
1842 964 1972 1003 postpo-

1217 1011 1287 1051 sita,
1307 1012 1556 1056 compescendo,
1575 1012 1720 1045 invocato
1735 1012 1830 1045 etiam
1842 1013 1882 1046 ad
1895 1013 1969 1053 hoc,

1217 1063 1241 1095 si
1263 1075 1345 1108 opus
1369 1064 1476 1105 suerit,
1504 1065 1623 1097 auxilio
1643 1065 1767 1098 brachii
1783 1065 1969 1098 saecularis.

1262 1118 1276 1159 ,Q
1307 1119 1337 1152 5.
1370 1118 1439 1151 Non
1475 1118 1676 1151 obstantibus
1713 1118 1900 1162 praemissis
1932 1129 1970 1152 ae

1218 1172 1502 1204 constitutionibus
1522 1177 1549 1204 et
1572 1171 1831 1204 ordinationibus
1846 1176 1972 1215 aposto—

1216 1225 1307 1265 licis,
1342 1226 1466 1257 statutis
1491 1231 1519 1258 et
1546 1225 1848 1265 consuetudinibus,
1875 1225 1970 1258 etiam

1218 1278 1415 1315 inmmerito,
1449 1279 1695 1312 confirmatione
1725 1278 1900 1323 apostoliea
1924 1280 1970 1312 vel

1217 1331 1327 1373 quavis
1352 1332 1413 1364 alia
1430 1332 1581 1364 firmitate
1603 1332 1775 1371 roboratis,
1798 1332 1973 1376 privilegiis

1217 1395 1364 1427 quoque,
1404 1385 1536 1417 indultis
1567 1396 1602 1417 ac
1635 1385 1737 1418 literis
1766 1385 1970 1428 apostolicis,

1218 1437 1397 1481 ceterisque
1425 1438 1594 1470 contrariis
1619 1438 1893 1482 quibuscumque;
1919 1444 1971 1471 aut

1218 1490 1241 1522 si
1268 1491 1439 1533 aliquibus,
1466 1491 1683 1524 communiter
1705 1492 1753 1524 vel
1778 1492 1915 1533 divisim,
1935 1492 1973 1525 al»

1218 1544 1401 1587 Apostolica
1427 1545 1463 1577 sit
1491 1544 1571 1578 Sede
1588 1545 1748 1577 indultum
1769 1545 1856 1588 quod
1877 1545 1974 1578 inter-

1218 1596 1301 1635 dici,
1330 1597 1483 1641 suspendi
1522 1598 1568 1630 vel
1600 1598 1876 1631 excommunicari
1908 1608 1972 1631 non

1219 1651 1340 1693 possint
1371 1662 1429 1695 per
1459 1652 1568 1684 literas
1599 1652 1792 1695 apostolicas
1829 1662 1893 1685 non
1927 1651 1973 1684 sa-

1219 1704 1340 1737 cientes
1360 1705 1488 1748 plenam
1510 1711 1537 1738 et
1565 1716 1746 1748 expressam
1767 1716 1804 1738 ac
1825 1705 1863 1738 de
1878 1705 1974 1738 verbo

1219 1757 1257 1789 atl
1283 1759 1414 1791 verbum
1442 1759 1480 1791 ‹le
1513 1759 1638 1792 indulto
1669 1759 1857 1792 huiusmodi
1887 1770 1975 1792 men-

1221 1811 1353 1844 tionem.

1263 1865 1378 1898 Datum
1417 1866 1556 1907 Maroni,
1588 1866 1776 1900 Albanensis
1808 1866 1973 1903 dioecesis,

1221 1919 1279 1951 sub
1304 1919 1425 1952 annulo
1451 1920 1632 1959 Piscatoris,
1653 1920 1702 1953 die
1727 1930 1749 1953 11
1768 1920 1971 1964 septembris,

1221 1972 1391 2005 millesimo
1430 1973 1689 2016 quingentesimo
1727 1973 1974 2016 quadragesimo

1220 2027 1326 2066 tertio,
1350 2026 1557 2069 pontificatus
1578 2026 1677 2059 nostri
1698 2037 1783 2059 anno
1803 2037 1843 2059 tx.

1242 2083 1301 2114 [lat.
1322 2085 1368 2114 die
1387 2085 1404 2114 Q
1428 2084 1606 2124 septembris
1624 2085 1825 2124 1543‚p0ntit.
1849 2094 1896 2114 an.
1919 2093 1955 2114 tx.

1220 2201 1374 2244 Sequitur·
1401 2201 1575 2233 declaratio
1604 2201 1708 2233 <lictae
1737 2201 1977 2234 constitutionis

1423 2255 1527 2297 quoad
1547 2255 1775 2297 csemplitmes.

1284 2335 1383 2364 Paulus
1406 2335 1550 2370 episcopus
1570 2342 1666 2364 servus
1690 2342 1828 2364 servornm
1847 2334 1911 2367 Del,

1381 2391 1414 2418 ad
1444 2390 1567 2418 futuram
1591 2390 1632 2418 rei
1651 2389 1818 2418 memoriam.

1268 2453 1310 2485 Ex
1340 2452 1447 2485 debito
1481 2452 1649 2495 pastoralis
1675 2452 1770 2484 officii
1795 2452 1834 2484 ad
1859 2462 1915 2492 ea,
1943 2458 1974 2484 ut

1223 2501 1390 2538 debemus,
1412 2500 1550 2533 libenter
1576 2500 1789 2541 intendimus,
1813 2511 1871 2544 per
1895 2511 1977 2544 quae

1224 2550 1354 2593 provide
1374 2549 1518 2581 ordinata
1536 2555 1714 2588 serventur,
1738 2555 1779 2587 et,
1797 2555 1829 2582 ut
1843 2549 1976 2592 plenum

1224 2598 1398 2630 sortiantur
1418 2598 1580 2635 effectum,
1600 2609 1694 2642 opem
1716 2604 1743 2631 et
1766 2609 1899 2641 operam
1920 2597 1978 2630 im-

1224 2647 1394 2689 pendimus
1407 2647 1562 2680 efficaces.
1586 2648 1711 2680 Dudum
1738 2647 1977 2693 siquidem,pro

1987 267 2036 295 An.
2054 269 2083 296 C.
2104 269 2169 296 ¹515>

2001 1126 2112 1152 Deroguin
2120 1132 2171 1147 eon-

1987 1158 2106 1178 irariumm.

2007 2462 2088 2484 Relatio
2102 2467 2178 2488 supra-

1993 2496 2062 2515 dictae
2089 2495 2178 2520 imposi-

1994 2526 2066 2546 lienus⁴
