2227 3001
219 264 268 291 An.
287 264 316 292 C.
341 267 401 293 135¹

221 1875 331 1897 clausulae
344 1883 377 1903 pr.-
384 1883 407 1898 0-

222 1909 349 1929 unatim,

465 258 528 292 440

421 322 481 355 bus
501 327 528 354 et
550 321 715 364 quibusvis
724 320 794 354 aliis
804 320 1168 365 pcccatis,criminibus,

420 374 601 408 excessibus
641 379 671 407 et
705 374 840 411 delictis,
871 379 1172 417 quantumcumque

419 428 567 471 gravibus
593 433 623 461 et
649 427 848 466 enormibus,
871 427 966 459 etiam
983 427 1111 467 talibus,
1134 427 1172 459 de

418 481 536 526 quibus
555 486 637 514 esset.
657 480 755 513 Sedes
775 479 938 524 praedicta
958 480 1073 513 merito
1094 489 1172 513 con-

419 534 564 574 sulenda,
590 534 737 567 videlicet
762 534 793 566 in
820 533 947 567 casibus
971 533 1074 566 dictae
1100 533 1172 566 Sedi

418 587 698 631 qualitercumque
723 586 891 619 reservatis
916 586 1070 630 (exceptis
1095 597 1173 619 con-

416 641 511 674 tentis
527 641 559 674 in
580 641 680 680 bulla,
704 640 735 673 in
757 640 807 673 die
828 640 952 674 Coenae
969 640 1095 673 Domini
1113 640 1172 683 legi

417 694 595 736 consueta),
614 694 712 727 semel
728 694 893 726 dumtaxat
908 694 1043 737 singulis
1069 694 1171 733 annis,

417 754 445 780 et
472 747 567 780 etiam
595 746 627 779 in
658 747 750 780 dictis
779 747 919 791 exceptis
958 757 993 779 ac
1024 747 1056 779 in
1086 747 1175 780 bulla

416 800 601 834 huiusmodi
627 800 797 840 contentis,
816 800 848 832 in
873 810 946 833 vero
967 801 1078 833 mortis
1098 801 1174 833 arti-

418 853 504 893 culo3
526 853 559 886 in
579 853 649 886 aliis
670 864 744 886 vero
766 853 871 886 eidem
892 853 964 887 Sedi
986 864 1051 887 non
1072 865 1174 887 reser-

417 906 494 940 vatis
516 907 656 948 casibus,
679 907 805 951 quoties
825 912 1049 950 opportunum
1065 907 1172 947 fuerit,

417 960 673 993 confessionibus
706 971 819 993 eorum
853 960 1023 1004 diligenter
1049 961 1174 1000 auditis,

417 1014 595 1054 absolvere,
613 1024 649 1046 ac
671 1014 717 1047 eis
733 1024 791 1058 pro
809 1014 990 1047 commissis
1006 1014 1175 1058 poeniten-

418 1067 494 1099 tiam
528 1068 701 1101 salutarem
736 1067 925 1111 iniungere:
947 1078 1075 1101 necnon
1104 1073 1175 1101 vota

418 1131 658 1165 quaecumque,
681 1127 823 1165 quatuor
846 1121 1025 1154 maioribus
1046 1121 1175 1154 dumta-

418 1179 470 1207 xat
489 1175 641 1219 exceptis,
675 1175 707 1207 in
728 1174 789 1207 alia
821 1174 948 1219 pietatis
969 1185 1067 1219 opera
1089 1186 1176 1208 com-
1196 1199 1197 1202 η

419 1233 557 1268 mutare;
584 1233 613 1260 et
638 1228 839 1268 iuramenta,
867 1228 935 1261 sine
959 1222 1065 1261 tamen
1091 1224 1198 1261 tertiii

420 1281 631 1324 praeiudicio,
651 1282 808 1321 relaxare;
830 1292 867 1314 ac
892 1282 1038 1314 omnium
1060 1293 1175 1326 pecca-

420 1339 527 1367 torum
549 1345 696 1374 suorum,
719 1335 757 1368 de
778 1334 897 1378 quibus
924 1335 1020 1368 corde
1047 1336 1175 1368 contriti

419 1392 450 1420 et
470 1388 605 1421 confessi
622 1387 753 1429 fuerint,
770 1394 820 1421 ter
839 1388 871 1421 in
892 1388 953 1421 vita
970 1393 1000 1421 et
1016 1388 1047 1421 in
1066 1389 1177 1422 mortis

420 1440 569 1481 articulo,
597 1441 692 1474 etiam
718 1441 742 1473 si
768 1446 845 1474 tunc
871 1452 958 1474 mors
979 1452 1043 1474 non
1065 1442 1176 1475 subse-

421 1499 550 1537 quatur,
578 1494 757 1538 plenariam
783 1495 1005 1528 remissionem
1032 1500 1060 1528 et
1082 1496 1176 1529 abso-

419 1547 589 1587 lutionem,
608 1548 650 1580 ita
670 1554 703 1581 ut
725 1548 910 1581 huiusmodi
925 1549 1018 1593 plena
1031 1549 1177 1582 remissio

420 1600 451 1633 in
477 1600 562 1634 dicto
588 1601 699 1634 mortis
729 1601 866 1635 articulo
894 1602 939 1635 eis
964 1603 1175 1645 suffragetur,

420 1654 610 1687 auctoritate
634 1655 828 1699 apostoliea,
854 1655 1041 1700 impendere
1060 1656 1174 1700 possit,

421 1707 540 1750 eligere
556 1708 656 1741 libere
672 1714 702 1741 et
717 1708 803 1741 licite
827 1709 952 1742 valeant
968 1709 1178 1743 concedimus

421 1766 451 1793 ct
471 1760 688 1805 indulgemus.

466 1814 553 1859 §⁶22
590 1816 634 1848 Ac
669 1822 854 1860 praesentes
888 1817 996 1850 literas
1025 1823 1053 1850 et
1081 1818 1112 1850 in
1134 1818 1179 1851 eis

422 1874 572 1903 contenta
591 1881 830 1914 quaecumque,
858 1871 917 1903 sub
938 1871 1106 1915 quibusvis
1126 1883 1178 1905 re·
1198 1894 1200 1919 1

1199 1922 1200 1954 ζ
1221 1914 1394 1957 pellatione
1425 1916 1618 1958 postposita,
1650 1916 1905 1959 compescendo,
1939 1926 1976 1949 ac

421 1919 654 1959 vocationibus,
693 1920 974 1963 suspensionibus,
1012 1921 1177 1955 limitatio-

422 1968 529 2008 nibus,
556 1969 862 2009 modificationibus,
889 1970 1043 2007 decretis,
1071 1971 1178 2004 decla-

423 2017 602 2051 rationibus
622 2025 649 2051 et
671 2018 888 2051 Cancellariae
904 2020 1107 2063 Apostolicae
1127 2031 1179 2053 rc-
1199 2047 1201 2056 ,

424 2066 516 2108 gulis,
527 2078 562 2100 ex
574 2067 738 2111 quibusvis
753 2068 867 2103 causis,
877 2074 1179 2113 quantumcumque

425 2115 572 2148 maximis
583 2121 613 2149 et
625 2116 872 2159 urgentissimis,
886 2116 982 2150 etiam
995 2118 1025 2150 in
1036 2118 1178 2151 favorem

426 2162 500 2196 ndei
513 2169 543 2197 et
558 2175 617 2208 pro
633 2165 729 2198 divini
751 2166 858 2199 cultus
873 2172 1060 2209 augmento,
1083 2167 1178 2200 etiam
1200 2188 1202 2194 ·

427 2213 702 2255 consistorialiter,
730 2226 817 2248 nunc
838 2220 869 2248 et
889 2226 948 2258 pro
969 2221 1115 2260 tempore
1137 2217 1179 2249 sa-

425 2262 484 2296 ctis
513 2269 543 2296 et
569 2263 672 2303 editis,
696 2265 880 2297 nullatenus
915 2265 1201 2309 comprehensas,¹¹

424 2311 478 2345 sed
503 2322 631 2355 semper
655 2312 693 2344 ab
711 2313 774 2346 illis
798 2319 956 2356 exceptas,
982 2319 1009 2347 et
1031 2315 1203 2358 quotiens·

424 2360 498 2394 illae
519 2361 727 2401 emanabunt,
746 2362 862 2395 totiens
879 2362 909 2395 in
932 2363 1104 2407 pristinum
1123 2370 1179 2397 sta-

425 2415 493 2443 tum
519 2409 681 2442 restitutas
707 2410 839 2443 existere
865 2417 893 2444 et
916 2412 1053 2452 censeri,
1077 2412 1179 2456 ipsos-

425 2468 488 2501 que
513 2458 731 2502 patriarchas,
765 2460 1026 2504 archiepiscopos
1057 2466 1087 2494 et
1111 2462 1180 2505 epi-

426 2517 540 2550 scopos
565 2507 750 2550 praemissis
771 2508 934 2548 omnibus,
953 2509 1048 2542 etiam
1067 2521 1179 2543 eorum
1201 2534 1202 2538 ,

426 2565 444 2587 a
464 2554 547 2588 dicta
567 2555 661 2588 Curia
690 2556 852 2596 absentia,
881 2557 977 2590 etiam
1007 2564 1178 2602 postquam

426 2604 609 2638 assistentes
633 2615 702 2638 esse
732 2605 906 2645 desierint,
933 2607 1001 2646 uti,
1031 2607 1126 2649 potiri
1153 2612 1181 2640 et

426 2653 566 2696 gaudere
584 2663 686 2698 posse.

1018 267 1196 292 Bi‘LLARwM
1219 267 1369 291 ROMANCM

1257 319 1271 362 ξ
1288 319 1341 352 23.
1360 319 1476 363 Sicque
1492 319 1524 352 in
1540 319 1725 364 praemissis
1741 320 1893 353 omnibus
1910 331 1969 365 per

1213 383 1438 416 quoscumque
1478 372 1600 406 iudices
1637 379 1668 407 et
1706 373 1966 415 commissarios,

1213 425 1324 469 quavis
1348 426 1538 459 auctoritate
1563 427 1748 470 fungentes,
1775 427 1900 460 sublata
1925 427 1970 461 eis

1215 484 1243 511 et
1265 489 1378 512 eorum
1404 479 1536 512 cuilibet
1559 480 1669 522 quavis
1693 480 1786 514 aliter
1806 480 1969 514 iudicandi

1216 532 1364 566 facultate
1376 538 1406 566 et
1421 533 1622 573 auctoritate,
1642 533 1777 567 iudicari
1793 539 1823 568 et
1842 534 1970 568 definiri

1215 585 1345 625 debere;
1363 596 1399 618 ac
1420 586 1444 618 si
1455 597 1547 619 secus
1567 597 1665 630 super
1683 587 1733 620 his
1753 598 1770 620 a
1790 598 1968 633 quoquam,

1216 638 1325 681 quavis
1339 639 1542 680 auctoritate,
1556 639 1695 673 scienter
1710 641 1757 674 vel
1771 641 1969 683 ignoranter,

1216 691 1386 734 contigerit
1413 692 1573 733 attentari,
1601 692 1729 726 irritum
1750 699 1779 727 et
1799 694 1894 728 inane
1915 695 1970 727 de-

1217 745 1392 778 cernimus.

1260 799 1274 842 g
1295 798 1347 831 24.
1376 798 1534 838 Quocirca
1555 799 1794 834 venerabilibus
1818 801 1971 834 fratribus

1217 851 1412 884 Salutiarum
1439 858 1469 885 et
1499 852 1705 896 Albiganensi
1730 864 1767 887 ac
1801 854 1971 889 Balneore-

1216 905 1317 947 giensi
1343 905 1503 949 episcopis
1530 917 1588 950 per
1614 913 1799 950 praesentes
1827 908 1972 941 commit-

1216 959 1313 991 timus
1347 964 1376 991 et
1407 959 1599 993 mandamus
1634 965 1795 1003 quatenus
1828 961 1891 1005 ipsi
1922 962 1970 995 vel

1217 1012 1281 1044 duo
1308 1017 1362 1045 aut
1384 1023 1470 1045 unus
1495 1023 1622 1053 eorum,
1650 1024 1708 1057 per
1732 1025 1764 1047 se
1794 1014 1842 1047 vel
1871 1014 1970 1048 alium

1217 1075 1273 1098 seu
1294 1065 1385 1105 alios,
1405 1071 1590 1109 praesentes
1604 1066 1714 1100 literas
1726 1072 1755 1100 et
1776 1067 1809 1100 in
1829 1067 1875 1101 eis
1895 1079 1972 1102 con-

1217 1124 1302 1152 tenta
1324 1130 1570 1163 quaecumque,
1598 1120 1653 1153 ubi
1679 1125 1710 1153 et
1734 1121 1866 1164 quando
1890 1131 1973 1167 opus

1217 1171 1329 1212 fuerit,
1357 1183 1392 1205 ac
1419 1173 1545 1216 quoties
1574 1183 1633 1217 pro
1659 1178 1750 1218 parte
1782 1175 1971 1209 eorumdem

1218 1225 1490 1268 patriarcharum,
1513 1226 1836 1271 archiepiscoporum
1857 1233 1888 1261 et
1907 1227 1973 1273 epi-

1218 1289 1391 1322 scoporum
1419 1280 1660 1323 praedictorum
1691 1280 1832 1324 desuper
1855 1281 1974 1315 suerint

1218 1332 1376 1376 requisiti,
1403 1333 1590 1366 solemniter
1614 1333 1836 1378 publicantes,
1863 1335 1973 1380 eisque

1219 1383 1250 1417 in
1275 1386 1462 1428 praemissis
1492 1387 1631 1420 efficacis
1655 1387 1850 1421 defensionis
1878 1399 1973 1432 prae-

1219 1437 1298 1471 sidio
1319 1439 1513 1479 assistentes,
1526 1441 1643 1474 faciant
1659 1441 1850 1475 auctoritate
1865 1447 1974 1476 nostra

1219 1498 1406 1536 praesentes
1430 1493 1539 1526 literas
1564 1499 1593 1527 et
1617 1494 1650 1526 in
1674 1494 1720 1528 eis
1740 1500 1891 1528 contenta
1911 1496 1974 1529 hu-

1219 1544 1358 1579 iusmodi
1383 1546 1521 1580 firmiter
1545 1547 1718 1581 observari.
1745 1548 1815 1581 Non
1840 1549 1974 1593 permit-

1198 1624 1199 1627 *
1218 1603 1321 1632 tentes
1332 1610 1386 1633 eos
1398 1600 1537 1645 desuper
1547 1612 1604 1645 per
1615 1612 1853 1646 quoscumque,
1866 1603 1976 1646 quavis

1219 1653 1409 1687 auctoritate
1443 1654 1630 1697 fungentes,
1658 1660 1770 1688 contra
1801 1656 1976 1699 praemissa

1220 1716 1275 1739 seu
1297 1717 1411 1740 eorum
1429 1707 1560 1749 aliquod
1576 1708 1821 1753 quomodolibet
1835 1709 1976 1744 indebite

1220 1760 1397 1801 molestari3
1420 1762 1673 1796 contradictores
1693 1763 1855 1807 quoslibet
1875 1769 1905 1796 et
1924 1774 1976 1797 re·

1219 1813 1319 1847 belles
1339 1826 1398 1859 per
1417 1826 1571 1849 censuras
1592 1821 1623 1850 et
1642 1827 1763 1860 poenas
1782 1817 1976 1851 ecclesiasti-

1221 1875 1273 1897 cas
1302 1869 1330 1897 et
1357 1864 1419 1898 alia
1441 1871 1627 1910 opportuna
1647 1866 1728 1900 iuris
1747 1866 1902 1907 remedia,
1925 1877 1977 1911 ap-

1220 1962 1370 2005 legitimis
1390 1974 1488 2008 super
1508 1965 1558 1998 his
1577 1965 1734 1998 habendis
1753 1965 1884 1998 servatis
1904 1975 1977 2009 pro-

1221 2011 1375 2051 cessibus,
1399 2023 1552 2047 censuras
1572 2019 1602 2047 et
1629 2025 1749 2057 poenas
1768 2014 1854 2058 ipsas
1879 2014 1976 2047 etiam

1221 2060 1342 2094 iteratis
1365 2061 1485 2095 vicibus
1497 2063 1711 2105 aggravando,
1723 2063 1870 2096 invocato
1880 2063 1975 2096 etiam

1220 2109 1259 2142 ad
1280 2109 1355 2150 hoc,
1390 2110 1415 2142 si
1450 2121 1531 2154 opus
1565 2111 1672 2151 suerit,
1708 2111 1828 2144 auxilio
1852 2111 1976 2145 brachii

1221 2159 1405 2193 saecularis.

1266 2208 1280 2252 ἓ
1295 2207 1348 2242 ⁵25.
1362 2208 1431 2242 Non
1448 2208 1649 2242 obstantibus
1661 2215 1781 2250 nostra,
1792 2220 1850 2254 per
1865 2221 1975 2254 quam,

1222 2256 1305 2289 inter
1324 2257 1397 2297 alia,
1420 2257 1582 2291 voluimus
1601 2259 1688 2301 quod
1709 2258 1734 2292 si
1754 2259 1827 2303 quis
1841 2259 1873 2292 in
1889 2259 1977 2293 infir—

1222 2305 1331 2339 mitate
1352 2307 1545 2340 constitutus
1564 2307 1743 2350 resignaret
1761 2308 1894 2352 aliquod
1919 2308 1975 2342 be-

1221 2354 1376 2388 neficium
1401 2354 1676 2395 ecclesiasticum,
1704 2361 1735 2389 et
1760 2362 1871 2401 postea
1895 2357 1977 2391 infra

1223 2402 1333 2445 viginti
1349 2403 1417 2436 dies
1432 2403 1445 2426 1
1463 2415 1522 2447 per
1538 2404 1644 2447 ipsum
1661 2404 1876 2447 resignantem
1892 2416 1977 2450 prae-

1223 2452 1326 2485 standi
1356 2462 1533 2486 consensus
1563 2454 1816 2497 computandos,
1846 2465 1883 2488 ex
1909 2454 1977 2500 ipsa

1223 2500 1410 2534 infirmitate
1423 2502 1602 2542 decederet,
1614 2513 1650 2535 ac
1662 2502 1858 2536 beneficium
1871 2503 1978 2548 ipsum

1224 2551 1438 2591 conferretur,
1457 2562 1516 2595 per
1535 2551 1785 2594 resignationem
1802 2552 1846 2585 sic
1862 2553 1978 2586 factam

1225 2600 1354 2633 collatio
1374 2599 1561 2633 huiusmodi
1581 2601 1671 2633 nulla
1691 2607 1783 2641 esset,
1806 2601 1977 2645 ipsumque

1262 2667 1270 2692 l
1292 2668 1314 2692 A
1334 2668 1376 2692 die
1392 2665 1466 2693 addit
1488 2666 1603 2694 Cherub.
1624 2667 1662 2703 (a.
1683 2668 1734 2703 τ.).

1982 269 2031 294 An.
2049 267 2077 294 C.
2101 267 2162 294 133¹

2009 337 2121 359 Deciatum
2136 339 2168 360 ir-

1983 371 2058 391 ritans.

2039 810 2171 832 Exeeutom

1985 844 2047 864 istius
2065 843 2170 863 conutitu-

1985 877 2066 904 tinnis„
2076 880 2171 902 jag-⁶

2012 2217 2122 2239 Clausulas
2137 2219 2177 2240 ‹10-

1992 2250 2118 2276 rogatoriam
