2227 3001
36 262 84 290 An.
103 261 131 289 C.
152 259 219 289 ¹350

67 1253 186 1276 Emi-dnm.

78 1690 144 1710 eausa
160 1687 220 1706 intus

36 1718 203 1738 constitut-ouis.

880 257 997 283 mrtt's
1021 257 1050 282 iv
1072 255 1118 280 Μ’.

234 313 406 361 nipotentis
425 312 479 349 Dei
496 325 532 347 ac
551 311 720 347 beatorum
740 311 825 347 Petri
846 318 875 346 et
894 312 984 345 Pauli

233 368 454 415 apostolorum
475 367 545 401 eius
565 378 597 400 se
616 366 741 400 noverit
761 366 982 399 incursurum.

276 424 390 456 Datum
410 422 529 454 Romae
558 421 643 464 apud
672 420 704 453 S.
726 419 876 458 Petrum,
902 429 985 452 anno

233 475 464 510 incarnationis
491 473 671 507 dominicae
699 473 870 506 millesimo
891 472 986 515 quin-

233 530 408 573 gentesimo
451 528 809 573 quinquagesimonono
827 554 834 567 ‚
871 532 987 570 quarto

233 584 305 617 idus
325 582 412 625 maii,
435 582 640 626 pontificatus
661 580 760 614 nostri
781 590 866 613 anno
886 589 926 612 lv.

283 641 343 672 Dat.
363 641 410 672 die
435 640 471 670 12
495 640 563 671 maii
587 640 670 677 1559,
689 639 791 679 pontis.
807 647 882 668 anno
902 646 938 667 iv.

233 891 478 934 Arclciepiscopi
494 895 522 923 et
538 890 676 933 episcopi
690 889 912 930 cuiuscumque
928 886 987 920 Or-

278 945 366 977 dinis
396 944 600 987 professores,
622 943 664 975 ad
691 942 832 974 claustra
859 950 987 972 suorum

280 998 440 1032 Ordinum
461 998 645 1036 redeuntes,
672 996 714 1029 acl
740 996 806 1027 eius
835 994 936 1037 officia
961 997 989 1026 et

278 1052 456 1095 diym'tcttes
476 1051 599 1083 assumi
612 1060 679 1082 non,
694 1049 832 1091 possint.

251 1133 350 1161 Paulus
368 1132 439 1168 Papa
457 1131 498 1165 lv,
518 1131 552 1159 ad
567 1131 731 1166 perpetuam
748 1129 788 1157 rei
801 1127 970 1156 memoriam.

275 1205 310 1237 Iu
336 1204 434 1237 Sacra
462 1203 496 1236 B.
524 1201 610 1235 Petri
638 1201 740 1241 Sede,
771 1199 892 1233 meritis
917 1199 988 1231 licet

233 1258 424 1302 imparibus,
438 1256 543 1289 divina
554 1254 763 1299 dispositione
780 1252 938 1288 collocati,
951 1251 988 1284 ad

232 1324 269 1345 ea
284 1323 342 1356 per
361 1321 444 1354 quae
465 1310 524 1343 sub
551 1307 726 1352 Religionis
745 1308 820 1351 iugo
853 1305 989 1339 Domino

232 1365 457 1399 famulantium
475 1363 575 1407 quieti
596 1361 778 1396 consulitur
792 1366 820 1393 et
842 1360 990 1393 ambitio-

231 1419 280 1452 nis
290 1419 339 1452 xia
350 1418 582 1462 praecluditur,
599 1416 768 1459 diligenter
783 1413 989 1450 intendimus,

231 1478 262 1506 et
281 1472 313 1505 in
333 1472 384 1505 his
403 1470 505 1505 nostri
521 1470 692 1514 pastoralis
707 1468 804 1502 oflicii
822 1473 928 1512 partes
945 1466 989 1499 sa-

232 1525 417 1559 vorabiliter
437 1523 664 1567 impartimur,
685 1526 782 1565 prout
802 1521 834 1553 in
854 1519 990 1553 Domino

234 1577 454 1621 conspicimus
474 1576 646 1609 salubriter
666 1574 827 1619 expedire.

278 1631 293 1674 g
314 1631 345 1664 i.
368 1630 448 1664 Cum
475 1630 594 1673 itaque,
615 1629 698 1662 sicut
725 1628 818 1661 nobis
838 1625 988 1665 innotuit,

235 1683 384 1717 nonnulli
414 1682 557 1726 episcopi
579 1687 609 1715 et
628 1680 865 1725 archiepiscopi
887 1679 990 1712 diver—

233 1748 346 1771 sorum
366 1736 522 1770 Ordinum
544 1736 752 1780 professores,
772 1734 941 1777 dignitates
961 1739 989 1766 et

234 1791 359 1832 officia,
388 1791 481 1824 etiam
512 1788 756 1833 superioritates
785 1792 989 1830 nuncupata,

233 1855 367 1878 suorum
397 1843 553 1878 Ordinum
583 1841 771 1881 ambientes,
798 1841 837 1873 ad
863 1840 925 1873 hoc
957 1845 987 1871 ut

233 1897 272 1930 ad
293 1897 347 1930 illa
380 1896 500 1930 assumi
538 1906 639 1939 eaque
664 1894 811 1928 obtinere
835 1894 987 1933 valerent,

233 1951 272 1984 ab
293 1961 407 1984 eorum
428 1949 591 1989 ecclesiis,
618 1949 736 1992 quibus
762 1953 937 1991 prceerant,
961 1958 990 1980 e·

233 2004 310 2037 tiam
336 2014 471 2037 munere
501 2002 753 2037 consecrationis
779 2012 837 2044 per
862 2011 916 2034 eos
936 2012 989 2033 su-

233 2063 364 2101 scepto,
395 2068 454 2101 per
484 2057 598 2091 Sedem
627 2055 842 2100 Apostolicam
871 2054 989 2087 absolvi

233 2111 487 2155 procuraverint,
498 2116 525 2144 et
543 2110 582 2143 ad
598 2110 737 2143 claustra
753 2119 887 2141 suorum
898 2106 990 2141 Ordi-

234 2175 311 2197 num
334 2164 517 2204 redeuutes,
536 2174 568 2197 se
588 2163 627 2196 ad
648 2161 816 2205 dignitates
837 2166 864 2194 et
886 2160 990 2194 ossicia

234 2228 271 2250 ac
296 2216 539 2262 superioritates
560 2215 747 2249 huiusmodi
768 2214 899 2248 diversis
920 2225 989 2247 mo-

234 2270 282 2303 dis
302 2276 331 2304 et
362 2270 419 2303 viis
446 2270 566 2304 assumi
602 2280 703 2313 eaque
729 2268 882 2312 consequi
907 2273 989 2301 sate-

233 2323 350 2367 gerint,
373 2329 403 2357 et
418 2323 531 2357 exinde
547 2322 758 2366 quamplures
777 2320 991 2354 dissensiones

234 2382 265 2410 et
290 2376 512 2410 contentiones
543 2387 579 2409 ae
599 2374 774 2418 Religionis
801 2374 989 2407 inobedien-

234 2430 296 2463 tiae
317 2435 445 2463 exortae
466 2429 585 2463 fuerint
606 2435 635 2462 et
656 2429 688 2461 in
709 2428 776 2461 dies
791 2427 988 2465 exoriantur,

235 2483 267 2515 in
288 2483 470 2516 animarum
491 2494 624 2516 suarum
641 2482 823 2527 perieulum
845 2487 875 2514 et
892 2481 992 2513 dicto-

236 2547 308 2570 rum
329 2537 485 2570 Ordinum
508 2536 719 2581 opprobrium
741 2547 778 2569 ae
804 2535 989 2568 scandalum

236 2590 465 2634 plurimorum.

1674 240 1737 276 565
1797 251 1846 277 An.
1866 249 1895 277 c.
1917 248 1982 276 1559

1027 309 1152 344 storalis
1165 306 1261 341 officii
1274 313 1433 346 tenemur,
1453 303 1781 348 providerevolentes,
1816 311 1979 347 Arena-„ampl

1028 370 1117 397 motu
1139 361 1271 407 proprio
1296 366 1324 394 et
1346 371 1382 393 ex
1403 364 1489 393 certa
1509 363 1617 391 nostra
1652 357 1782 389 scientia
1797 346 1984 393 ἣζυὶἵζῗζῖζιᾏῗῂ

1028 418 1187 455 volumus,
1208 421 1235 449 et
1257 413 1433 458 apostolica
1452 411 1642 445 anctoritate
1668 410 1780 443 statui·
1798 408 1933 454 32¹³·‘·¹⁰‘²¹¹¹¹
1945 404 1983 423 ΟΥ·

1821 442 1867 454 nuiu
1880 436 1903 454 ad
1915 434 1983 454 officia

1029 481 1100 502 mus
1121 475 1150 502 et
1171 468 1359 503 ordinamus
1398 466 1484 509 quod
1508 465 1617 498 nullus
1646 462 1785 495 cuiusvis
1800 471 1984 516 zfui'm'n‘mpm‘

1029 523 1154 557 Ordinis
1183 533 1239 555 seu
1260 520 1434 563 Religionis
1459 519 1637 563 professor,
1661 517 1785 560 episco-
1845 512 1849 516 ⁴

1030 587 1090 620 pus
1110 586 1165 608 seu
1181 574 1456 617 archiepiscopus,
1479 576 1647 615 postquam
1669 580 1787 602 munus

1030 627 1281 662 consecrationis
1291 625 1477 659 huiusmodi
1491 623 1667 668 susceperit
1678 623 1786 667 (etiam

1031 684 1054 715 si
1077 694 1094 715 a
1108 682 1238 715 vinculo
1260 680 1429 719 ecclesiae,
1448 679 1499 712 cui
1518 678 1712 721 praefuerat,
1730 687 1788 720 per

1031 736 1145 769 Sedem
1167 735 1312 768 eamdem
1331 733 1509 772 absolutus,
1529 731 1623 774 eique
1645 731 1730 774 quod
1755 729 1787 762 in

1031 800 1089 822 suo
1115 788 1232 822 Ordine
1255 798 1421 821 remanere
1450 791 1477 819 et
1505 786 1543 818 ad
1565 785 1732 827 dignitates
1752 794 1787 816 ac

1031 842 1135 875 ollicia
1148 847 1176 874 et
1190 840 1433 885 snperioritates
1449 838 1635 872 huiusmodi
1654 837 1786 873 assumi,

1032 906 1133 938 eaque
1155 894 1299 927 obtinere
1317 897 1421 937 posset
1439 903 1496 936 per
1512 891 1625 924 Sedent
1642 890 1787 923 eamdent

1032 959 1088 981 seu
1108 948 1194 981 illius
1214 947 1403 980 auctoritate
1425 956 1613 979 concessum
1634 943 1787 986 soret),ad

1032 1001 1200 1043 dignitates
1229 1007 1281 1034 aut
1321 1000 1426 1033 osticia
1461 1010 1516 1032 seu
1549 997 1789 1041 superioritates

1032 1054 1240 1093 huiusmodi,
1274 1053 1510 1095 cuiuscumque
1540 1050 1702 1094 qualitatis
1729 1049 1790 1082 exi-

1033 1112 1115 1140 stant
1131 1111 1160 1140 et
1177 1106 1288 1150 quovis
1303 1105 1435 1138 nomine
1456 1108 1700 1147 nuncupentur,
1714 1102 1788 1145 eligi

1032 1171 1088 1194 scu
1110 1159 1238 1203 assequi
1255 1165 1308 1192 aut
1325 1159 1469 1192 obtinere
1483 1158 1667 1190 nullatenus
1679 1156 1787 1200 possit,

1033 1220 1061 1247 et
1089 1213 1273 1256 ineligibilis
1294 1224 1331 1246 ac
1356 1213 1395 1245 ad
1416 1223 1453 1245 ea
1478 1210 1650 1244 obtinenda
1671 1220 1787 1254 perpe—

1033 1273 1086 1300 tuo
1108 1266 1258 1299 inhabilis
1280 1266 1401 1299 existat.

1076 1321 1090 1363 ξ
1110 1320 1142 1353 3.
1165 1321 1207 1353 Ac
1229 1319 1358 1363 quaevis
1384 1319 1525 1358 indulta,
1550 1317 1786 1356 concessiones,

1847 1324 1990 1351 Dispeneaiiw

1033 1373 1287 1417 dispensationes
1303 1378 1333 1406 et
1349 1373 1514 1406 facultates
1530 1382 1566 1403 ac
1582 1370 1662 1403 aliae
1677 1370 1787 1412 gratiae
1803 1356 1988 1405 2i{.-..2‚⁴d{⁰sf‘

1802 1417 1916 1436 uellantur.

1032 1427 1072 1467 ei,
1096 1433 1159 1460 tam
1186 1438 1202 1459 a
1224 1426 1315 1459 nobis
1336 1431 1366 1459 et
1387 1425 1466 1458 Sede
1489 1423 1670 1468 praedicta,
1693 1423 1787 1456 etiam

1033 1492 1090 1525 per
1105 1481 1212 1513 literas
1228 1479 1430 1524 apostolicas,
1441 1478 1535 1511 etiam
1554 1477 1585 1510 in
1601 1477 1704 1510 forma
1718 1477 1790 1509 hre-

1032 1535 1086 1571 vis,
1098 1535 1147 1567 rel
1159 1534 1236 1567 alias
1252 1534 1291 1566 al)
1310 1533 1379 1566 eius
1394 1532 1506 1575 legatis
1521 1542 1578 1565 seu
1593 1530 1721 1564 nunciis
1736 1536 1788 1563 aut

1034 1587 1147 1621 maiori
1169 1586 1417 1631 poenitentiario
1438 1590 1560 1623 nostro,
1583 1595 1680 1627 quam
1702 1595 1719 1616 a
1735 1595 1788 1617 su-

1034 1641 1216 1685 perioribus
1241 1641 1402 1673 dictorum
1424 1639 1580 1672 Ordinum
1600 1649 1637 1670 ac
1657 1637 1789 1682 quibus-

1033 1695 1077 1727 vis
1093 1694 1172 1733 aliis,
1194 1694 1288 1727 etiam
1309 1693 1348 1726 ad
1369 1692 1397 1724 id
1421 1696 1611 1736 potestatem
1632 1695 1662 1724 et
1682 1696 1789 1723 aucto-

1034 1749 1159 1782 ritatem
1194 1747 1406 1787 habentibus,
1438 1746 1497 1778 sub
1527 1745 1788 1789 quibuscumque

1035 1802 1200 1835 tenoribus
1223 1807 1250 1835 et
1269 1801 1392 1841 formis,
1420 1811 1457 1833 ao
1479 1810 1552 1832 cum
1579 1798 1790 1843 quibuscum-

1033 1867 1107 1899 que,
1136 1855 1231 1888 etiam
1252 1854 1531 1897 derogatoriaruiu
1559 1851 1786 1895 derogatoriis,

1033 1909 1168 1952 aliisque
1178 1907 1414 1941 efficacioribus
1430 1912 1460 1940 et
1475 1906 1610 1939 insolitis
1622 1905 1787 1943 clausulis,

1034 1962 1298 2006 irritantibusque
1311 1967 1339 1995 et
1352 1961 1422 1994 aliis
1433 1960 1580 1999 decretis,
1593 1958 1687 1992 etiam
1699 1964 1787 1991 motu

1033 2022 1060 2049 et
1084 2015 1215 2049 scientia
1236 2015 1395 2048 similibus
1415 2019 1444 2046 et
1470 2014 1609 2056 desuper
1632 2013 1789 2045 hactenus

1033 2079 1186 2103 concessa
1202 2074 1229 2102 et
1243 2069 1275 2101 in
1291 2074 1458 2112 posterum
1471 2066 1688 2101 concedenda,
1699 2065 1788 2098 nulla

1033 2129 1063 2156 et
1089 2123 1243 2163 invalida,
1272 2121 1458 2164 nulliusque
1487 2119 1613 2153 roboris
1640 2119 1688 2152 vel
1719 2128 1787 2151 mo-

1034 2177 1133 2210 menti
1153 2176 1212 2209 sint
1234 2181 1263 2209 et
1285 2186 1352 2209 esse
1374 2180 1577 2208 censeantur.

1077 2231 1092 2273 ἓ
1111 2230 1141 2263 Ji.
1166 2230 1201 2263 Et
1222 2229 1246 2262 si
1267 2229 1339 2272 quis
1355 2239 1429 2262 eum
1446 2228 1484 2261 dc
1501 2232 1608 2260 cetero
1629 2226 1666 2259 ad
1689 2225 1788 2269 digni-

1034 2289 1112 2317 tates
1136 2295 1192 2317 seu
1214 2283 1318 2316 officia
1338 2288 1390 2316 aut
1412 2281 1654 2326 superioritates
1672 2280 1787 2312 huius-

1034 2338 1119 2371 modi
1141 2337 1278 2371 scienter
1297 2336 1441 2379 elegerit‚
1464 2336 1534 2368 iure
1554 2333 1692 2377 eligendi
1713 2343 1786 2376 per-

1034 2397 1130 2435 petuo
1152 2396 1270 2431 careat,
1290 2401 1326 2423 ae
1342 2401 1417 2423 voce
1438 2389 1537 2422 activa
1558 2393 1588 2421 et
1609 2386 1730 2431 passiva
1750 2395 1786 2418 eo

1035 2444 1103 2488 ipso
1125 2445 1265 2489 privatus
1285 2444 1405 2477 existat.
1430 2443 1636 2480 Revocantes,
1659 2449 1786 2472 cassan-

1034 2498 1080 2526 tes
1091 2499 1119 2526 et
1132 2494 1336 2526 annullantes
1346 2492 1454 2525 omnia
1467 2496 1495 2524 et
1507 2490 1633 2533 singula
1649 2488 1784 2523 indulta,

1034 2542 1271 2582 concessiones,
1289 2540 1554 2585 dispensationes,
1573 2538 1738 2571 facultates
1758 2541 1787 2567 et

1010 2621 1011 2634 ,
1033 2591 1151 2633 gratias
1171 2590 1370 2630 huiusmodi,
1393 2599 1533 2633 quorum
1555 2593 1692 2628 tenores,
1714 2596 1749 2618 ac
1763 2584 1787 2616 si

1828 2236 1934 2263 eligente<
1950 2242 1988 2256 ens

1803 2270 1826 2289 a]
1838 2268 1905 2288 officia
1916 2269 1988 2287 scien<

1803 2303 1842 2321 ter.
1852 2301 1896 2319 inre
1907 2300 1989 2322 eligen-

1803 2332 1821 2351 di
1837 2336 1860 2350 ac
1871 2336 1921 2350 voce
1933 2336 1988 2350 ⁸‚cu-

1802 2367 1826 2381 Π
1856 2364 1875 2381 et
1905 2366 1988 2386 passiva

1803 2394 1917 2419 ptisantur.

279 2643 293 2687 ἓ
312 2643 343 2676 2.
357 2644 428 2683 Nos,
446 2643 639 2687 praemissis,
652 2648 749 2687 prout
764 2653 800 2676 ex
816 2641 923 2675 debito
939 2652 991 2685 pa—
1009 2637 1012 2675 l
1033 2641 1072 2674 de
1092 2641 1189 2674 verbo
1209 2641 1247 2673 ad
1268 2640 1401 2673 verbum
1428 2639 1663 2675 insererentur,
1694 2643 1786 2678 prae-

1007 2681 1013 2702 t
