2227 3001
177 278 226 305 An.
244 277 273 305 c.
293 272 359 306 ³828

194 1505 271 1525 nnat-su
295 1504 366 1524 monel-

183 1536 207 1556 nd
249 1535 367 1556 observan-

183 1568 232 1587 tiam
247 1566 308 1587 huius
317 1570 366 1585 con·

183 1597 312 1621 trutinantis:

424 270 486 302 >1⁶22

381 332 648 365 declarationibus
669 359 674 372 ,
711 331 968 367 inlubitisuubus,
1002 327 1131 359 manda-

381 384 432 426 tis,
446 385 708 419 concessionibus
720 390 749 417 et
769 384 838 417 aliis
858 383 889 415 in
911 381 955 415 eis
976 379 1133 414 contentis

381 437 546 478 clausulis,
569 438 701 482 perimit¹
721 438 826 469 valere
847 441 876 468 et
899 432 1133 478 pcrpetuaefir-

380 490 498 523 mitatis
509 490 608 524 robur
617 490 773 529 obtinere,
785 495 813 522 et
827 487 962 529 collegio
972 486 1131 519 dictorum

381 554 551 577 cursorum
578 543 745 585 suflragari
771 542 887 574 debere
922 541 953 573 in
983 540 1133 572 omnibus

380 601 408 629 et
431 607 489 641 per
508 595 627 633 omnia,
651 594 782 638 perinde
811 605 846 627 ac
867 594 891 627 si
920 593 1005 627 dicta
1024 592 1130 627 verba.

379 654 535 693 quatenus
550 649 584 681 ῐη
602 659 670 687 usit,
688 651 745 680 aut
760 648 928 694 literarum
952 646 1134 679 stlemmlri

377 702 694 744 etJuliipossessione
712 702 774 744 ipsi
782 711 922 733 cursores
939 704 1052 737 essent,
1070 710 1132 732 non

379 753 523 799 apposita
542 754 590 787 vel
612 764 759 797 expressa
772 753 916 793 fuissent,
935 752 1016 786 etita
1034 752 1133 785 inten-

375 807 471 841 tionis
483 811 610 840 nostrae
627 811 657 839 et
666 806 838 839 voluntatis
858 805 1133 839 incommutabilis

373 860 470 893 fuisse
490 865 521 893 et
544 870 610 892 esse
632 864 828 893 attestamur.
855 859 891 891 Et.
910 858 1130 894 nihilomiuus,

375 924 433 957 pro
454 912 569 957 potiori
597 913 733 951 cautela,
757 913 921 946 decretum
951 917 981 944 et
1001 912 1132 944 manda-

373 971 441 999 tum
463 966 644 1006 Alexandri,
667 977 703 999 ac
725 965 949 999 inhibitionem
976 970 1003 998 et
1025 964 1132 1003 decla-

375 1020 532 1053 rationem
541 1020 624 1060 Iulii,
636 1019 921 1063 praedecessorum
932 1024 999 1051 nost
1007 1011 1129 1059 rorarii,

375 1083 411 1105 ac
431 1083 543 1105 eorum
564 1073 673 1106 literas
688 1072 889 1112 huiusmodi,
906 1071 1076 1105 nccnonin
1088 1071 1134 1105 eis

376 1132 525 1160 contenta
544 1137 782 1171 quaecumque,
797 1126 971 1170 apostolica
990 1126 1132 1159 auctori—

375 1185 437 1213 tate
459 1185 487 1213 et
508 1191 545 1213 ex
564 1186 671 1213 nostra
696 1186 783 1214 certa
803 1179 946 1219 scientia,
974 1180 1133 1224 approba—

377 1244 450 1266 mus
469 1239 499 1267 et
519 1234 720 1274 innovamus,
743 1245 779 1267 ac
800 1233 861 1266 alia
882 1239 909 1265 et
932 1234 978 1265 eis
1001 1244 1134 1277 proi-sus

378 1287 493 1320 similia
513 1288 551 1321 de
573 1299 653 1321 novo
670 1287 890 1325 concedimus,
914 1286 1131 1323 decernimus,

377 1341 587 1380 mandamus,
627 1340 830 1380 inhibemus,
864 1345 894 1373 et.
933 1339 1134 1372 declaramus

377 1399 533 1437 perpetua
550 1394 675 1427 roboris
692 1394 841 1427 firmitate
859 1393 1042 1427 subsistere.

421 1447 437 1490 ἓ
456 1447 486 1480 2.
510 1448 544 1481 Et
566 1447 740 1487 auditores,
763 1446 1014 1481 commissarios.
1038 1447 1133 1480 etiam

380 1500 575 1541 cardinales,
597 1500 772 1539 vicarium,
795 1499 1057 1543 gubernatorem,
1081 1510 1133 1531 ca-

380 1554 555 1588 merarium
572 1559 602 1587 et
617 1554 768 1588 Gamerae
781 1553 981 1598 Apostolicae
1001 1552 1136 1586 clericos

380 1619 439 1655 pro
456 1614 601 1652 tempore
618 1606 799 1648 existentes,
814 1613 995 1640 senatorem
1012 1610 1042 1638 et
1057 1606 1135 1639 alios

378 1659 503 1694 iudices
513 1666 668 1694 eteorum
685 1660 896 1700 collaterales,
920 1661 1136 1693 locatenentes

380 1720 411 1748 et
429 1713 615 1758 capitaneos
635 1714 807 1758 praefatos,
831 1713 926 1746 etiam
947 1713 1057 1747 Turris
1071 1713 1134 1746 No-

380 1778 452 1808 nae,
474 1767 572 1812 Ripae
593 1773 623 1800 et
642 1767 805 1811 Ripettae,
828 1777 953 1800 necnon
975 1777 1087 1800 omues
1107 1772 1137 1799 et

380 1820 524 1864 singulos
543 1819 680 1854 nuncios
696 1820 860 1863 etquasris
876 1820 953 1852 alias
969 1830 1134 1865 personas,

381 1885 591 1921 quocumque
612 1874 743 1907 nomine
768 1878 1018 1917 nuncupentur,
1040 1879 1134 1918 prout

383 1927 527 1972 singulos
547 1938 660 1962 eorum
682 1927 860 1967 concernit,
873 1927 932 1960 sub
949 1938 1136 1961 excommu-

383 1981 564 2022 nicationis,
587 1981 806 2026 suspensionis
826 1986 856 2014 et
876 1980 1036 2014 interdicti
1056 1981 1137 2015 latae

384 2035 558 2069 sententiae
594 2040 625 2068 et
656 2034 908 2078 quingentorum
929 2034 1135 2074 ducatorum,

384 2088 523 2122 fabricae
555 2088 704 2122 basilicae
738 2087 896 2132 Principis
915 2088 1136 2131 apostolorum

385 2144 425 2177 de
449 2143 532 2176 Urbe
567 2141 830 2176 irremissibiliter
854 2140 1136 2186 applicandorum,

386 2194 510 2240 poenis,
523 2205 581 2239 per
597 2194 744 2235 nuncios,
767 2188 981 2227 mandatarios
997 2197 1024 2226 et
1046 2193 1136 2233 alios,

386 2248 562 2293 praemissa
582 2248 619 2280 ad
654 2246 794 2280 officium
830 2256 1012 2286 cursorum,
1040 2246 1085 2279 eis
1110 2252 1139 2279 et

387 2312 451 2335 non
467 2301 537 2335 aliis
551 2300 811 2344 quibuscumque
828 2298 954 2332 nunciis
965 2299 1140 2343 spectantia

389 2359 585 2395 exercentes,
607 2364 645 2387 eo
666 2353 753 2398 ipso,
781 2353 900 2395 absque
942 2352 1003 2384 alia
1033 2353 1139 2386 decla-

387 2404 524 2444 ratione,
536 2401 751 2442 incurrendis,
764 2401 899 2434 firmiter
914 2400 1073 2434 observari
1089 2401 1142 2434 de-

388 2454 475 2486 bere.
499 2452 769 2491 Mandantes‚tam
791 2449 884 2482 dictis
899 2449 1039 2489 nunciis,
1054 2460 1141 2482 inan-

390 2502 519 2535 datariis
533 2506 564 2535 et
583 2499 786 2539 officialibus,
808 2498 911 2532 officia
932 2509 988 2531 sua
1009 2499 1039 2531 in
1068 2498 1140 2542 qui-

389 2551 592 2595 buscumque
606 2548 703 2583 curiis
715 2553 746 2581 et
761 2558 868 2581 coram
881 2547 1142 2591 quibuscumque

391 2600 550 2646 personis,
573 2597 669 2632 nullis
681 2597 832 2642 exceptis,
855 2596 1088 2635 exercentibus,
1102 2606 1142 2629 ne
1183 2593 1440 2628 ordinationibus
1454 2595 1650 2640 apostolicis,
1669 2594 1841 2640 privilegiis
1854 2606 1934 2639 quo·
1948 2608 2067 2640 103³*me

390 2649 424 2683 in
434 2648 598 2684 literarum
609 2646 864 2693 'apostolicarum
875 2644 1017 2678 facienda
1030 2655 1142 2677 execu-
1183 2653 1261 2687 que,
1286 2642 1415 2675 indultis
1435 2648 1460 2675 et
1479 2642 1578 2676 literis
1598 2643 1794 2690 apostolicis,
1815 2643 1934 2681 eisdem
1949 2638 1987 2660 ⁴¹¹²·

975 273 1152 297 BULLARH‘M
1175 272 1325 295 Romnum!

1938 267 1987 293 An.
2006 266 2033 293 C.
2054 266 2120 298 ¹528

1175 324 1277 365 tione,
1307 324 1367 357 sive
1393 325 1537 358 affixione
1563 330 1618 358 aut
1632 323 1852 363 citationibus,
1880 322 1924 355 di-

1174 381 1259 410 recte
1285 377 1330 409 vel
1358 376 1527 418 indirecte,
1554 376 1666 420 quovis
1694 376 1838 420 quaesito
1869 386 1923 410 co-

1175 429 1241 462 lore
1263 430 1306 461 vel
1329 429 1469 472 ingenio,
1491 440 1522 462 se
1550 429 1758 462 intromittant
1776 434 1805 462 et
1824 429 1923 463 intro-

1175 481 1300 515 mittere
1316 487 1435 515 tentcnt
1457 483 1503 515 rel
1525 489 1709 526 [Qirocurcnt.

1218 535 1277 579 §3
1302 536 1515 568 Deccrnentes
1526 535 1762 569 commissionis
1779 546 1925 579 praesen·
1953 552 2017 573 cesi„
2031 553 2052 574 ff„
2071 558 2125 574 con-

1175 587 1327 620 tationem
1348 598 1382 619 :ic
1405 586 1565 621 citationis
1585 588 1827 628 executionem,
1850 588 1925 621 inti·
1940 584 2026 638 ’,[ζξζω
2064 583 2125 605 '¹⁸¹³‘

1176 641 1370 681 mationem,
1402 641 1652 686 publicationem
1683 647 1710 675 et
1745 642 1925 675 affixionem

1175 704 1232 738 per
1260 694 1339 727 alios
1364 705 1460 738 quam
1495 695 1597 728 dictae
1631 694 1744 728 Curiae
1779 707 1927 729 cursores

1175 754 1232 787 pro
1253 750 1398 787 tempore
1420 744 1591 781 faciendas,
1615 755 1651 777 ac
1668 755 1836 788 processus
1856 745 1926 778 illa-

1175 806 1246 828 rum
1263 796 1369 837 vigore
1394 796 1558 829 habendos
1579 803 1609 830 et
1626 797 1788 830 faciendos
1804 798 1926 831 nullam

1176 860 1307 891 prorsus
1334 850 1426 882 fidem
1459 850 1562 882 l'acere
1582 850 1615 882 in
1641 849 1760 884 iudicio
1788 857 1814 883 et
1842 857 1927 885 extra

1176 901 1267 941 illud,
1283 903 1335 935 sod
1357 903 1451 936 fuisse
1472 907 1501 935 et
1517 914 1585 936 csse
1602 904 1707 936 nullos
1723 904 1926 941 etinvalidos,

1175 956 1359 1000 nulliusque
1386 956 1511 989 roboris
1535 957 1581 989 vel
1611 958 1778 998 momenti,
1802 969 1838 991 ac
1868 970 1926 1002 pro

1175 1010 1270 1043 nullis
1300 1015 1327 1043 et
1364 1010 1508 1043 invalidis
1534 1022 1569 1043 ac.
1600 1010 1723 1044 insectis
1753 1017 1781 1044 et
1810 1011 1930 1046 vlribus

1174 1063 1306 1096 omnino
1326 1064 1433 1097 vacuis
1458 1064 1579 1097 haberi.

1218 1118 1232 1159 ξ
1252 1117 1281 1150 Ji.
1307 1117 1634 1162 ,llandautesinsuper
1650 1130 1677 1152 et
1692 1120 1929 1154 committentes
1955 1134 2124 1155 AuditorernCa-

1174 1169 1286 1203 Curiae
1321 1182 1491 1204 causarum
1532 1171 1683 1205 Gamerae
1726 1173 1928 1217 Apostolicac
1941 1171 2013 1220 {222²ss
2033 1171 2127 1225 ᾱξζζξζζ

1175 1235 1261 1258 nunc
1296 1231 1326 1257 et
1353 1236 1411 1269 pro
1446 1230 1590 1269 tempore
1617 1225 1762 1259 existenti
1783 1227 1926 1269 generali

1175 1277 1325 1317 auditori,
1348 1283 1507 1321 quatenus
1528 1278 1663 1321 collegio
1683 1279 1844 1312 dictorum
1856 1291 1928 1313 cur-

1175 1342 1297 1371 sorum,
1314 1331 1345 1363 in
1356 1331 1551 1375 praemissis,
1564 1342 1621 1375 per
1634 1342 1666 1364 se
1682 1336 1712 1365 et
1728 1332 1929 1366 eiuslocum-

1174 1390 1336 1417 tenentem
1371 1385 1508 1418 efficacis
1541 1384 1736 1417 defensionis
1769 1384 1929 1429 praesidio

1175 1438 1310 1477 assistat,
1329 1448 1430 1481 eaque
1447 1438 1552 1470 omnia
1570 1443 1601 1471 et
1616 1437 1753 1480 singula,
1767 1438 1826 1472 sub
1840 1449 1930 1482 prae-

1175 1490 1267 1524 dictis
1278 1490 1387 1524 etaliis
1398 1491 1543 1524 censuris
1568 1497 1595 1524 et
1622 1490 1747 1535 poenis,
1769 1491 1930 1525 observari

1177 1542 1287 1584 faciat,
1310 1550 1339 1577 et
1364 1550 1473 1577 contra
1496 1544 1632 1577 rebelles
1652 1555 1689 1577 ac
1710 1543 1930 1579 inobedientes

1176 1608 1411 1642 quoscumque,
1428 1597 1522 1631 etiam
1539 1597 1726 1638 summarie,
1744 1597 1932 1643 simpliciter

1176 1656 1207 1684 et
1235 1651 1274 1684 de
1294 1652 1411 1697 plano,
1434 1651 1502 1684 sola
1524 1649 1596 1684 facti
1622 1651 1752 1684 veritate
1773 1650 1929 1696 inspecta.

1177 1714 1383 1748 quacumque
1408 1703 1623 1748 appellatione
1646 1709 1781 1744 remota,
1807 1704 1931 1739 debitae

1177 1762 1355 1798 executioni
1371 1763 1540 1796 demandet
1577 1769 1604 1796 et
1631 1762 1816 1797 demandari
1840 1762 1931 1797 saciat

1178 1825 1205 1854 et
1227 1826 1414 1866 exequatur.
1522 1864 1527 1866 -

1221 1879 1236 1922 ᾗ
1255 1879 1285 1913 5.
1310 1879 1522 1912 Decernentes
1541 1879 1628 1923 quod
1644 1880 1860 1921 confirmatio,
1878 1892 1933 1925 ap·
1956 1900 2133 1927 mmmmm„

1178 1936 1343 1980 prohetia,
1366 1936 1545 1976 innovatio,
1568 1936 1753 1976 decretum,
1784 1936 1933 1972 inhibitio
1949 1932 2066 1991 {ffiffm
2094 1936 2132 1957 ‘³¹³‘

1179 1998 1210 2027 et
1223 1995 1323 2037 gratia
1339 1999 1445 2028 nostra
1461 1994 1659 2035 huiusmodi,
1674 2005 1709 2027 ex
1726 2005 1933 2039 quacumque

1180 2064 1287 2093 causa,
1299 2053 1392 2086 etiam
1407 2052 1631 2095 urgentissima
1646 2056 1678 2085 et
1692 2052 1730 2085 de
1745 2054 1935 2088 necessitate

1179 2111 1398 2156 exprimenda,
1413 2111 1451 2143 de
1468 2110 1685 2154 subreptionis
1700 2116 1755 2144 aut
1775 2111 1935 2156 obreptio-

1180 2169 1228 2201 nis
1243 2168 1316 2201 vitio
1332 2179 1388 2202 seu
1407 2168 1591 2201 intentionis
1611 2168 1736 2201 defectu
1758 2168 1861 2202 notari
1877 2180 1933 2203 seu

1179 2226 1362 2271 impugnari
1384 2226 1515 2260 minime
1537 2227 1656 2271 possint
1679 2232 1706 2259 et
1729 2227 1881 2269 debeant;
1905 2234 1934 2262 et

1180 2285 1211 2317 in
1232 2283 1414 2328 praemissis
1434 2284 1584 2317 omnihus
1609 2290 1636 2317 et
1660 2283 1795 2327 singulis
1814 2285 1860 2319 sic
1877 2296 1935 2331 per

1181 2352 1404 2386 quoscumque
1425 2340 1559 2383 iudices,
1582 2341 1676 2374 etiam
1703 2341 1879 2385 praefatOS,
1902 2341 1934 2376 in

1181 2410 1387 2444 quacumque
1397 2399 1546 2433 instantia
1557 2399 1768 2444 pronunciari
1778 2404 1851 2442 etc„
1863 2400 1936 2433 suh-

1182 2449 1245 2482 lata
1263 2450 1308 2481 eis
1327 2452 1406 2488 eccm,
1427 2459 1463 2482 ac
1490 2448 1614 2482 irritum
1642 2453 1699 2482 etc.
1728 2448 1936 2483 decernentes

1182 2502 1213 2530 et
1236 2497 1445 2530 declarantes.

1227 2545 1242 2588 ἓ
1261 2545 1291 2578 6.
1315 2545 1383 2578 Non
1404 2545 1603 2579 obstantibus
1612 2545 1894 2580 constitutionibus
1906 2550 1936 2579 et
1962 2554 2072 2600 ffiu‘ffl„
2094 2570 2108 2600 ἃ
