2227 3001
215 269 396 297 An.c.1502

232 859 394 878 alienatiomuu-

210 896 249 916 que
271 894 290 910 ΕΙ
313 896 393 916 pt'ttlltl-

210 925 309 940 tatiouutu
322 922 345 940 ilc
359 922 394 941 bo-

209 958 241 971 nis
261 952 393 972 ecclesiasti-

209 985 246 1004 tis.

221 1450 316 1471 marius
328 1457 347 1470 in
360 1451 391 1471 his

206 1488 275 1501 causis
288 1483 347 1502 iudex
358 1485 392 1502 est

207 1514 332 1533 ordinarius.

456 259 519 292 :35⁶2

1008 265 1182 289 ttt‘ttxtttt'ot
1210 265 1356 288 ttostAtNt'tt

412 327 440 355 et
461 322 584 366 aliquas
604 333 639 355 cx
661 322 844 355 huiusmodi
871 321 975 353 causis
994 321 1032 352 ad
1054 331 1086 352 se
1106 330 1159 363 ap-
1201 318 1736 362 alicuialteriitulici,quaeumque
1749 317 1948 356 auctoritate,

411 376 578 420 propriare
600 376 756 414 nituntur,
781 375 811 407 in
832 385 959 417 gravem
981 373 1054 407 dicti
1076 373 1159 406 vica-

412 429 510 462 riatus
534 429 630 461 osticii
658 429 811 461 iacturam
838 438 873 460 ae
901 428 1074 465 damnum;
1104 437 1160 459 nos

411 482 447 514 iis
467 492 639 515 occurrere
657 486 688 513 et
706 480 833 514 obviare
849 492 885 513 ac
901 480 976 513 dieti
991 480 1160 513 vicariatus

412 535 507 568 officii
521 533 719 567 indemnitati
735 533 900 577 providere
909 534 1060 573 volentes,
1071 539 1157 566 motu

411 588 517 627 simili,
527 588 557 619 in
570 587 763 632 praemissis,
773 587 867 619 etiam
878 586 977 620 active
989 592 1018 620 et,
1028 587 1158 631 passive,

412 641 465 674 tibi
486 646 513 673 ct
535 652 594 685 pro
615 646 759 684 tempore
779 640 1159 674 existentivicarioiuris-

410 694 581 727 dictionem
618 694 801 727 huiusmodi
842 695 997 726 hactenus
1034 705 1160 737 semper

411 748 612 791 competiisse
633 754 661 781 et
683 752 879 792 competere.

455 802 469 844 ξ
494 801 541 834 19.
565 802 608 834 Ae
625 807 653 834 te
670 801 701 833 in
719 801 852 843 singulis·
868 800 1070 839 venditionis,
1090 811 1159 844 per-

412 855 598 887 mutationis
623 860 653 887 et.
680 855 882 887 alienationis
908 865 1017 887 rerum
1045 860 1076 887 et
1101 855 1158 887 bo-

410 919 526 941 norum
547 909 838 941 ecclesiasticorum
857 908 973 948 causis,
991 909 1085 940 etiam
1104 920 1160 952 per

408 962 677 1006 supplicationem
698 962 908 1006 apostolicam
930 962 1110 995 commissis
1129 968 1156 995 et

409 1016 659 1053 committendis,
682 1021 745 1048 tam
776 1016 808 1047 in
835 1015 918 1048 L'rbe
942 1026 1039 1059 quam
1073 1016 1159 1048 illius

408 1069 553 1103 districtu
575 1069 764 1112 praedietis,
789 1069 927 1101 iudicem
954 1074 982 1101 et
1008 1075 1158 1102 executo-

409 1134 488 1165 rem,
525 1123 679 1167 quamdiu
700 1123 825 1161 vixeris,
852 1123 920 1155 sore
954 1128 984 1155 et
1013 1134 1099 1161 esse,
1122 1134 1156 1155 ac

406 1177 615 1217 venditiones,
634 1176 886 1220 permutationes
905 1182 934 1209 et
950 1176 1158 1209 alienationes

407 1231 603 1271 huiusmodi,
613 1230 681 1263 sine
693 1229 875 1273 cognitione
887 1235 914 1262 et
926 1230 1157 1272 approbatione

409 1284 480 1324 tuis,
506 1295 564 1327 pro
590 1290 733 1327 tempore
754 1284 863 1323 factas,
897 1283 1028 1315 minime
1055 1284 1158 1315 valere

407 1338 611 1371 decernimus
632 1343 660 1370 et
677 1338 889 1370 declaramus.

450 1392 465 1435 ξ
481 1392 533 1424 20.
548 1392 601 1431 Ac,
620 1402 677 1434 pro
694 1391 810 1434 potiori
827 1390 966 1428 cautela,
983 1394 1012 1421 te.
1035 1401 1158 1423 succes-

408 1456 559 1489 soresque
591 1450 662 1477 tuos
691 1444 721 1476 in
749 1445 834 1477 dicto
862 1443 1033 1476 vicariatus
1053 1444 1158 1475 otlicio

410 1498 555 1537 vicarios,
569 1498 599 1530 in
616 1497 800 1542 praemissis
818 1497 923 1529 causis
939 1502 965 1529 et
984 1496 1066 1529 circa
1078 1508 1159 1540 piae-

407 1552 514 1591 missa,
543 1557 779 1595 competentem
815 1550 967 1587 iudicem,
1004 1550 1157 1593 quamdiu

406 1606 575 1645 vixeris‚ut
597 1606 789 1649 praefertur,
812 1604 1037 1637 constituimus
1058 1609 1085 1635 et
1103 1605 1158 1636 de-

406 1664 575 1702 putamus;
597 1665 627 1691 et
648 1660 678 1691 in
700 1665 847 1691 eventum
866 1659 897 1690 in
913 1670 1009 1701 quem
1029 1670 1086 1701 per
1102 1669 1160 1690 nos

406 1714 452 1746 vel
474 1714 586 1746 Sedem
610 1713 807 1757 praedictam
828 1712 1014 1744 huiusmodi
1036 1716 1088 1743 tua
1111 1712 1158 1743 iu-

407 1767 548 1800 risdictio
578 1767 607 1800 in
643 1767 836 1811 praemissis,
865 1777 923 1809 per
939 1777 1158 1809 praeoccupa-

408 1821 525 1854 tionem
542 1821 589 1853 vel
606 1820 693 1860 alias,
711 1820 765 1852 tibi
783 1819 937 1852 diminuta
957 1824 984 1851 et
1002 1819 1159 1858 alulit-ata,

407 1885 442 1907 ae
465 1875 516 1907 illa
538 1874 687 1918 praefatis
714 1873 921 1917 gubernatori
947 1878 999 1905 aut
1021 1873 1158 1906 senatori

407 1929 452 1961 rel
487 1928 638 1965 auditori,
665 1927 942 1960 conservatorilms
971 1932 997 1959 et
1026 1927 1159 1970 quibus-

409 1992 547 2024 cumque
584 1980 653 2013 aliis
688 1980 848 2012 iudicibus
882 1985 909 2012 et
946 1979 1157 2016 otlicialibus,

408 2046 612 2078 quacumque
625 2034 813 2067 auctoritate
829 2034 1047 2076 iungentibus,
1071 2034 1159 2066 attri-

408 2089 482 2121 buta
511 2089 637 2125 suisset,
666 2100 701 2121 cx
728 2099 813 2120 nunc
836 2088 921 2119 illam
949 2092 1036 2119 motu
1066 2087 1159 2119 simili

411 2141 608 2174 restituimus
629 2147 655 2173 et
684 2141 827 2185 plenarie
849 2141 1095 2184 reintegramus.
1119 2141 1160 2172 Ac

409 2206 521 2228 omnes
536 2200 562 2228 et
582 2195 724 2238 singulos
740 2206 910 2239 processus
926 2200 953 2227 et
976 2194 1160 2230 sententias,

411 2259 492 2292 quos
512 2253 542 2281 et
569 2259 647 2291 quas
674 2249 705 2280 in
731 2249 980 2290 gubernatorem
1002 2249 1049 2280 vel
1070 2258 1161 2281 sena-

414 2307 515 2334 torem
537 2312 592 2333 seu
620 2301 816 2340 auditorem,
846 2307 1086 2334 conservatores
1107 2312 1160 2333 seu

411 2366 633 2398 quoscumque
651 2355 773 2387 iudices
787 2361 814 2387 ct
827 2356 978 2389 officiales
994 2355 1162 2399 praefatos,

414 2408 444 2440 in
472 2407 706 2451 praeiudicium
733 2408 904 2441 attributae
933 2414 959 2441 et
994 2419 1163 2441 concessae

413 2461 468 2494 tibi
494 2460 726 2493 iurisdictionis
752 2462 944 2504 praedictae,
976 2462 1086 2494 haberi
1116 2462 1163 2494 vel

412 2509 612 2554 promulgari
641 2509 828 2551 contigerit,
858 2512 963 2543 nullos
996 2516 1024 2543 et
1060 2511 1164 2543 nullas

415 2559 598 2602 nulliusque
629 2559 755 2591 roboris
784 2560 830 2592 rel
864 2561 1016 2593 momenti
1040 2562 1106 2593 l'ore
1135 2566 1161 2593 et

413 2620 492 2642 esse.
517 2610 559 2641 Ae
587 2619 638 2641 res
658 2614 684 2641 et
708 2620 879 2653 personas,
904 2610 962 2641 sub
982 2616 1035 2642 tua
1064 2615 1090 2641 et
1120 2610 1164 2641 tui

413 2658 584 2692 vicariatus
605 2659 701 2692 officii
719 2658 941 2692 iurisdictione
962 2660 1162 2695 constitutas,

1201 372 1295 405 etiam
1324 371 1539 404 cardinalatus
1567 372 1701 411 bonore,
1737 370 1890 414 fulgenti,
1914 382 1950 403 ex

1201 435 1406 469 quacumque
1427 425 1606 466 occasione,
1634 436 1730 457 causa
1750 425 1796 457 vel
1822 428 1950 457 contra·

1203 485 1268 517 ctu,
1291 478 1350 510 sub
1369 479 1479 521 quavis
1500 479 1600 511 forma
1623 478 1795 519 celebrato,
1819 477 1950 510 minime

1203 533 1331 565 subesse
1348 543 1405 564 nee
1423 532 1537 564 subiici
1550 543 1652 575 posse.
1676 532 1712 564 Et
1728 532 1768 564 ita
1781 527 1837 576 per
1856 543 1951 575 quos-

1203 597 1341 629 cumque
1376 586 1508 625 iudices,
1543 586 1638 618 etiam
1672 597 1841 618 causarum
1875 585 1950 619 dicti

1202 639 1312 672 Palatii
1345 639 1519 683 Apostoliei
1549 640 1711 672 auditores
1744 645 1774 672 et
1799 641 1829 673 S.
1853 640 1888 672 P..
1913 640 1946 672 E.

1202 693 1380 726 cardinales
1401 694 1616 737 interpretari,
1635 694 1819 727 sententiari
1840 699 1867 726 et
1895 694 1949 726 de-

1202 748 1315 780 clarari
1350 748 1486 787 debere,
1523 748 1647 780 sublata
1676 747 1721 780 eis
1750 753 1781 780 et
1818 747 1946 780 cuilibet

1203 801 1344 845 ipsorum
1371 800 1480 844 (plavis
1500 800 1591 833 aliter
1616 800 1859 844 interpretandi,
1882 812 1949 833 sen-

1202 854 1354 887 tentiandi
1376 860 1402 887 et
1426 854 1589 887 iudicandi
1618 855 1766 887 saeultate
1787 859 1815 886 et
1836 859 1948 887 aueto-

1202 908 1312 947 ritate3
1345 919 1381 940 ae
1415 907 1571 951 quidquid
1608 918 1700 940 secus
1733 919 1830 951 super
1858 907 1906 940 liis
1932 919 1949 940 a

1200 972 1376 1005 (proquam,
1398 962 1507 1005 quavis
1527 962 1727 1002 auctoritate,
1750 962 1888 995 scienter
1901 963 1949 994 vel

1202 1015 1394 1056 ignoranter,
1412 1015 1581 1057 contigerit
1597 1014 1757 1053 attentari,
1776 1014 1901 1048 irritum
1919 1020 1949 1047 et,

1202 1069 1313 1105 inane,
1337 1069 1455 1101 eisdem
1477 1073 1567 1101 motu
1588 1073 1615 1101 et
1638 1067 1779 1107 seientia,
1801 1068 1948 1101 decerni-

1201 1132 1271 1153 mus
1292 1127 1321 1153 et
1346 1121 1516 1154 statuimus
1541 1132 1598 1164 per
1619 1126 1813 1165 praesentes.

1243 1176 1257 1215 ,ξ
1277 1175 1329 1207 Ἣ.
1353 1175 1422 1208 Nou
1442 1174 1642 1208 obstantibus
1667 1174 1949 1208 constitutionibus

1199 1235 1225 1261 et
1254 1228 1510 1261 ordinationilms
1525 1227 1720 1271 apostolicis,
1739 1239 1865 1261 necnon
1880 1229 1949 1272 qui-

1201 1282 1305 1314 busvis
1326 1282 1510 1325 privilegiis,
1533 1282 1665 1314 indultis
1690 1288 1720 1315 et
1744 1282 1845 1315 literis
1872 1293 1948 1326 apo-

1201 1336 1319 1368 stolicis
1340 1347 1437 1379 super
1452 1336 1646 1379 praemissis,
1664 1336 1695 1368 in
1713 1336 1949 1380 praeiudicium

1200 1390 1314 1429 dictae,
1330 1396 1360 1422 ut
1384 1390 1610 1433 praemittitur,
1634 1401 1691 1433 per
1710 1400 1768 1422 nos
1788 1390 1843 1422 tibi
1864 1390 1950 1423 attri-

1201 1445 1295 1476 butae
1316 1443 1543 1476 iurisdictionis
1557 1449 1608 1476 aut
1628 1444 1812 1483 coertionis,
1831 1444 1950 1477 eisdem

1199 1497 1419 1539 gubernatori,
1443 1497 1594 1535 senatori,
1616 1498 1767 1537 auditori,
1786 1509 1952 1531 conserva-

1201 1551 1324 1583 toribus
1352 1557 1377 1583 et
1411 1551 1481 1583 aliis
1516 1551 1677 1583 iudicibus
1703 1557 1734 1583 et
1761 1551 1952 1584 officialibus

1201 1605 1362 1648 praelatis,
1385 1616 1421 1637 ac
1436 1605 1696 1649 quilmscumque
1711 1605 1782 1638 aliis
1796 1605 1951 1649 personis,

1202 1659 1260 1691 sub
1273 1658 1492 1692 iurisdictione
1508 1659 1876 1693 vicariatushuiusmodi
1892 1661 1953 1693 exi-

1202 1713 1369 1753 stentibus,
1383 1712 1414 1744 in
1430 1723 1546 1755 genere
1558 1713 1604 1745 vel
1622 1713 1653 1745 in
1670 1712 1788 1756 specie,
1806 1713 1865 1745 sub
1880 1714 1952 1757 qui-

1202 1767 1404 1809 buscumque
1425 1767 1591 1799 tenoribus
1616 1771 1646 1799 et
1666 1767 1789 1807 formis,
1819 1778 1877 1811 per
1897 1778 1954 1800 nos

1202 1826 1251 1853 aut
1273 1820 1535 1863 praedecessores
1551 1825 1676 1853 nostros
1692 1820 1847 1853 etSedem
1864 1832 1954 1864 prae-

1204 1876 1296 1907 l'atam
1319 1874 1495 1913 concessis,
1518 1874 1704 1918 approbatis
1729 1879 1757 1906 et
1780 1874 1952 1913 innovatis,

1202 1927 1320 1971 quibus
1345 1926 1508 1967 omnibus,
1538 1926 1661 1959 etiamsi
1682 1927 1721 1960 de
1741 1927 1803 1959 illis
1823 1938 1953 1960 eorum-

1202 1992 1264 2024 que
1286 1980 1545 2019 totistenorilms,
1562 1991 1621 2024 pro
1638 1981 1768 2013 illorum
1785 1981 1955 2014 sufficienti

1203 2035 1424 2077 derogatione,
1447 2034 1635 2078 speeitieaet
1647 2045 1795 2077 expressa
1816 2046 1853 2067 ac.
1868 2035 1952 2068 indi-

1205 2089 1308 2127 vidua,
1332 2099 1396 2121 non
1416 2094 1523 2121 autem
1541 2099 1597 2131 per
1613 2088 1774 2120 clausulas
1788 2090 1956 2131 generales

1205 2142 1286 2174 idem
1301 2141 1522 2185 importantes,
1537 2141 1590 2174 sed
1606 2142 1644 2174 de
1655 2142 1751 2174 verbo
1768 2142 1807 2174 ad
1822 2142 1953 2175 verbum

1204 2195 1350 2227 habenda
1385 2195 1504 2227 mentio
1543 2195 1621 2228 soret
1638 2221 1645 2233 ,
1681 2206 1794 2228 eorum
1829 2200 1956 2229 tenores·

1204 2259 1263 2292 pro
1280 2248 1475 2281 sufficienter
1491 2247 1646 2291 expressis
1662 2248 1827 2289 hahentes,
1839 2249 1953 2282 harum

1206 2302 1287 2335 serie
1307 2301 1489 2346 specialiter
1508 2306 1536 2333 et
1559 2312 1719 2344 expresse,
1741 2308 1831 2335 motu
1859 2302 1952 2335 simili

1205 2356 1409 2399 derogamus,
1432 2359 1459 2387 et
1477 2355 1546 2387 aliis
1576 2355 1759 2398 praemissis
1779 2367 1816 2389 ac
1836 2356 1954 2389 eonsti-

1204 2409 1384 2441 tutionibus
1416 2413 1442 2440 et
1479 2408 1736 2441 ordinationibus
1772 2409 1956 2453 apostolicis·

1207 2462 1376 2495 contrariis
1391 2461 1663 2505 quilms‹r·umque;
1677 2467 1732 2495 aut
1754 2462 1778 2494 si
1794 2462 1955 2506 aliquibus

1207 2512 1353 2555 personis
1386 2516 1436 2543 aut
1474 2511 1635 2551 ecclesiis,
1672 2512 1874 2545 monasteriis
1908 2513 1953 2544 vel

1207 2561 1390 2601 Ordinibus,
1413 2566 1464 2593 aut
1487 2561 1652 2605 quibusvis
1672 2562 1743 2595 aliis
1763 2573 1780 2594 a
1793 2562 1954 2605 praedicta

1207 2610 1242 2642 sit
1265 2611 1345 2644 Sede
1366 2610 1526 2643 indultum
1553 2612 1638 2655 quod
1659 2612 1742 2655 capi,
1770 2611 1904 2644 detineri
1925 2616 1951 2644 et

1211 2660 1368 2696 interdici,
1392 2661 1543 2704 suspendi
1563 2666 1590 2695 et
1613 2660 1884 2695 excommunicari
1901 2666 1953 2694 aut

1965 263 2013 290 An.
2031 263 2059 290 C.
2081 262 2147 290 1511}

1979 1190 2148 1217 Quibuscumque

1964 1227 2006 1241 non
2043 1221 2147 1242 obstanti-

1964 1253 2010 1274 bus.
