2227 3001
31 270 80 298 An.
97 270 126 297 C.
146 267 212 296 ¹558

227 325 314 363 gent,
335 325 401 354 tam
420 318 618 354 coniunctim
631 330 728 364 quam
748 319 887 360 divisim,
909 331 981 353 eos-

227 375 300 408 dem
329 380 489 419 apostatas
516 380 550 407 ut
576 375 614 407 ad
644 385 756 407 eorum
787 375 982 407 monasteria

877 266 994 292 murus
1014 267 1044 290 iv
1064 266 1111 290 Pr.

1024 325 1053 352 et
1069 329 1101 351 se
1118 317 1164 350 illi
1184 316 1294 351 Ordini
1314 327 1379 350 non
1400 315 1587 350 adstrictum
1609 327 1676 349 esse
1697 328 1775 349 con·
1790 331 1975 350 mamma«.

1002 398 1005 414 Ι

1668 254 1725 289 541
1790 264 1838 290 An.
1857 264 1886 290 c.
1906 261 1973 289 ¹552

1791 369 1812 381 ri·
1830 368 1891 388 posse
1903 377 1908 384 ,
1925 368 1974 387 μιηἶ

1791 394 1868 412 cedere
1897 396 1976 412 tunen-

1025 371 1174 413 tenderit,
1187 372 1234 404 vel
1245 372 1324 404 alias
1338 371 1452 414 quovis
1462 370 1568 409 modo,
1578 370 1641 403 sive
1654 377 1776 403 retento

227 428 360 461 redeant
374 428 554 471 requirere,
569 427 681 460 etsiad
693 427 777 459 dicta
789 427 981 460 monasteria
1002 417 1005 457 i
1024 426 1086 458 sive
1107 425 1239 458 dimisso
1266 425 1388 460 habitu,
1416 430 1503 457 extra
1527 423 1688 466 regularia
1708 425 1778 457 loca
1793 427 1824 445 ¹¹¹¹
1837 428 1857 443 ⁰¹
1874 424 1913 443 ¹¹³⁶*

226 534 339 575 verint,
354 545 408 568 eos
419 535 597 567 secundum
618 534 745 567 Ordinis
760 534 980 578 disciplinam,

227 588 402 621 monitione
424 587 560 631 praevia,
577 599 635 631 per
659 599 812 621 censuras
831 588 983 621 ecclesia-

228 641 323 674 sticas
338 646 368 674 et
387 652 519 685 poenas,
534 642 629 674 etiam
642 641 788 684 corporis
802 641 980 680 aillictivas,

227 481 332 514 redire
353 481 557 521 cessaverint,
586 481 767 514 distulerint
787 481 836 513 vel
852 491 982 514 recusa·
1003 464 1005 498 ξ

1003 499 1005 557 l

1003 562 1006 605 ι

1025 480 1125 523 ipsius
1151 479 1278 513 Ordinis
1307 479 1346 512 de
1371 478 1441 511 iure
1471 478 1578 522 aliquo
1599 488 1675 510 casu
1696 483 1778 510 stare

1026 544 1118 577 posse
1153 533 1322 576 putaverit,
1345 534 1392 566 vel
1421 532 1532 576 quavis
1564 531 1687 564 ratione
1725 538 1781 564 aut

1026 591 1190 630 praetextu
1211 596 1309 630 super
1323 586 1385 619 hoc
1405 584 1614 629 postulaverit
1631 596 1685 617 sen
1702 596 1779 628 sup-

1026 639 1201 682 plicaverit,
1221 639 1432 682 literas,quas
1451 649 1466 671 a
1483 638 1577 671 nohis
1597 649 1652 671 seu
1674 638 1781 671 officio

207 717 211 720 -
228 694 267 727 ad
287 695 490 728 redeundum
511 705 627 737 cogere
643 699 673 727 et
693 695 888 737 compellere
909 705 984 738 pos·
1026 693 1293 725 Poenitentizu‘iae
1305 698 1432 725 nostrae
1443 691 1610 731 obtinebit,
1626 691 1781 724 cardinali

229 748 302 789 sint,
321 747 465 782 invocato
487 749 583 781 etiam
599 749 721 787 adhoc,
737 748 761 780 si
783 747 981 791 opustuerit‚
1027 747 1202 790 protectori
1223 757 1280 779 seu
1299 745 1543 789 viceprotectori
1565 745 1665 788 ipsius
1688 744 1781 777 Ordi-

229 802 348 836 auxilio
368 802 492 835 brachii
519 801 704 835 saecularis.
732 801 821 840 Quod
843 802 868 834 si
889 812 984 843 regu-
1027 800 1076 832 nis
1091 800 1122 832 in
1143 799 1238 833 Curia
1258 799 1410 833 residenti
1427 805 1455 832 et
1469 799 1672 843 procuratori
1688 809 1778 841 gene-

229 855 305 888 laris
323 855 407 890 Ordo
436 857 497 890 hoc
526 867 591 889 non
612 855 769 899 patiatur,
796 855 985 887 auctoritate
1027 853 1085 886 rali
1112 853 1239 886 Ordinis
1275 852 1368 894 dirigi
1393 858 1421 885 et
1443 851 1641 896 praesentari
1663 852 1779 889 facere,

230 915 339 943 nostra
358 909 527 954 providere
547 910 671 942 valeant
697 914 731 942 ut
763 909 880 941 talibus
900 909 985 952 apud
1006 920 1008 942 ῑ
1028 918 1064 940 ac
1089 918 1197 940 coram
1219 918 1256 940 eo
1277 907 1309 939 in
1338 907 1400 940 hoc
1420 906 1562 948 negotio,
1589 917 1663 938 cum
1688 906 1783 950 plena

230 963 342 996 eadem
359 963 554 996 monasteria
570 963 601 995 in
622 962 700 995 locis
716 962 985 1005 competentibus,
1005 947 1008 1004 i
1029 971 1143 993 causae
1171 960 1365 1003 cognitione,
1386 959 1563 1003 procedere
1593 964 1781 997 remeantum

230 1016 255 1049 si
271 1016 392 1060 absque
408 1017 493 1058 gravi
511 1016 662 1049 scandalo
674 1016 743 1048 fieri
764 1015 893 1058 poterit,
906 1015 986 1047 alio-

230 1071 309 1115 quin
329 1071 361 1103 in
382 1071 452 1103 aliis
478 1071 635 1112 religiosis
663 1069 813 1103 domibus
842 1069 986 1101 eiusdem

230 1123 358 1158 Ordinis
369 1125 407 1157 ad
419 1125 574 1167 agendam
588 1124 664 1156 inibi
675 1122 905 1166 poenitentiam
917 1122 987 1154 vitre

231 1178 412 1211 necessaria
427 1178 662 1211 ministrentur.
684 1176 715 1209 Si
730 1186 804 1208 vero
825 1180 987 1219 apostatae

234 1231 420 1264 huiusmodi
441 1242 474 1264 se
490 1231 522 1263 in
542 1229 593 1262 his
612 1229 832 1262 inobedientes
851 1228 986 1271 praesti-

231 1284 345 1324 terint,
368 1284 430 1317 sint
453 1284 548 1317 etiam
569 1282 760 1315 auctoritate
789 1288 898 1315 nostra
919 1293 987 1314 rua-

231 1337 309 1370 ioris
328 1336 672 1370 excommunicationis
688 1336 844 1369 sententia
864 1346 902 1368 eo
918 1335 988 1379 ipso

230 1391 386 1432 innodati,
410 1396 437 1424 et
464 1391 648 1435 superiores
668 1390 717 1423 sui
735 1400 789 1422 eos
800 1400 988 1422 excommu-

230 1444 354 1478 nicatos
385 1456 452 1478 esse
481 1444 679 1478 denuncient
696 1443 724 1483 1,
749 1449 831 1476 aeut
846 1444 925 1476 tales
950 1444 988 1475 al]

231 1499 383 1532 omnibus
403 1499 470 1531 suis
494 1498 628 1531 subditis
652 1497 803 1530 nunciari
827 1503 857 1530 ct
881 1496 988 1541 publi-

232 1553 298 1585 cari
320 1552 447 1585 saciant.

277 1606 291 1649 ξ
311 1606 343 1639 6.
366 1607 614 1649 Teneauturque
626 1605 685 1649 ipsi
698 1611 870 1649 apostatae,
883 1606 989 1638 cuius-

234 1670 373 1703 cumque
386 1659 522 1698 Ordinis,
544 1658 802 1702 congregationis
813 1664 843 1691 et
862 1659 990 1691 habitus

234 1713 365 1753 suerint,
379 1713 519 1746 biretum
531 1713 659 1756 nigrum
671 1713 796 1745 duabus
806 1713 899 1745 lineis
911 1712 990 1745 albis

233 1777 270 1799 ex
284 1767 346 1799 tela
359 1767 512 1800 consectis
532 1773 560 1799 et
577 1767 675 1809 digito
695 1767 838 1799 humano
854 1766 938 1805 latis,
951 1767 989 1798 ab

232 1830 297 1852 una
309 1821 508 1853 extremitate
521 1821 558 1853 ad
572 1820 666 1852 aliam
687 1819 918 1853 extremitatem
931 1819 990 1852 cir-

231 1873 426 1913 cumductis,
445 1873 630 1907 distinctum
652 1878 682 1906 et
711 1884 769 1917 per
799 1878 896 1905 totam
922 1873 990 1905 eius

231 1926 527 1960 circumferentiam
554 1927 651 1960 simili
672 1927 757 1960 linea
782 1927 854 1960 alba
875 1928 989 1960 sufful-

232 1986 316 2022 tum,
344 1981 386 2014 ita
408 1987 440 2014 ut
467 1992 579 2014 omnes
604 1982 697 2014 lineae
723 1981 883 2024 praefatae
911 1992 989 2014 ocu-

231 2035 270 2068 lis
290 2035 486 2069 intuentium
508 2036 675 2068 manifeste
701 2041 888 2079 appareant,
912 2046 989 2067 con-

231 2088 320 2121 tinue
336 2095 472 2131 gestare.
495 2089 528 2121 Et
552 2089 576 2121 si
593 2089 660 2121 sinc
680 2088 783 2120 bireto
803 2088 990 2121 huiusmodi

231 2142 423 2185 deprehensi
436 2143 566 2183 suerint,
587 2142 722 2186 possint,
736 2153 793 2185 pro
805 2142 989 2175 huiusmodi

232 2195 460 2237 inobedientia,
480 2207 544 2229 non
565 2196 669 2229 solum
686 2206 829 2239 persuos
846 2195 992 2239 superio-

232 2259 302 2289 res,
328 2259 440 2282 verum
465 2249 560 2282 etiam
581 2260 640 2294 per
659 2259 899 2293 quoscumque,
927 2255 989 2281 tam

233 2303 468 2336 ecclesiasticos
488 2315 585 2347 quam
606 2303 801 2343 saeculares,
825 2302 946 2335 iudices
962 2308 992 2335 et

233 2355 440 2399 magistratus
459 2356 627 2399 condignis
647 2356 759 2400 poenis
778 2355 887 2400 puniri
907 2356 990 2388 etad

233 2409 425 2442 delationem
462 2410 561 2454 ipsius
594 2409 689 2442 bireti
707 2436 713 2449 ,
745 2415 778 2442 ut
811 2409 992 2452 praefertur

233 2462 373 2496 distincti
390 2470 420 2496 et
440 2463 576 2504 suffulti,
595 2464 727 2496 omnino
749 2463 910 2506 coimiclli.

278 2513 293 2556 ἓ
319 2513 349 2546 7.
377 2513 591 2546 Decernentes
620 2513 707 2556 quod
735 2513 773 2545 de
803 2518 909 2546 cetero
935 2514 991 2556 qui

70 2583 170 2610 From„
187 2585 220 2611 qui
235 2561 377 2605 aliquem
393 2561 544 2595 Ordinem
557 2562 784 2606 approbatum,
796 2567 830 2594 ut
848 2562 990 2605 praeser-

37 2616 305 2651 vnetenduutet-tur,
334 2611 428 2644 tacite
453 2612 502 2643 vel
530 2622 678 2655 expresse
699 2611 861 2655 professus
882 2610 989 2651 suerit,

276 2672 281 2698 l
307 2672 365 2698 Esse
380 2672 517 2697 ‹lectar-ent
532 2674 556 2696 et
574 2673 711 2702 nuncient,
729 2670 823 2696 Manli.
844 2670 882 2702 (u.
904 2669 954 2705 τ.).

55 1667 169 1693 Αρο-ιειὶῡε
186 1666 217 1686 1ιί-

31 1701 99 1718 ratuni
129 1700 153 1718 de
178 1704 218 1724 qao

33 1728 66 1748 hic
82 1733 165 1754 gustare
186 1732 218 1749 te-

32 1763 116 1780 nentur.

1006 1009 1009 1029 l

1029 1014 1106 1045 alias
1126 1014 1233 1046 omnia
1255 1019 1283 1046 et
1305 1014 1430 1055 singula
1459 1023 1518 1056 per
1538 1012 1642 1056 ipsum
1664 1012 1784 1056 profes-

1029 1078 1099 1099 sum
1121 1067 1153 1099 in
1174 1067 1360 1110 praemissis
1388 1072 1475 1108 gesta
1500 1066 1622 1099 nullius
1647 1067 1707 1098 sint
1730 1077 1784 1099 ro-

1030 1120 1117 1152 boris
1126 1121 1173 1152 vel
1185 1120 1354 1161 momenti,
1372 1121 1549 1163 literaeque
1565 1119 1634 1152 aliis
1645 1120 1785 1153 directae

1030 1174 1154 1206 nullam
1176 1174 1432 1207 iurisdictionem
1448 1174 1602 1206 tribuant.

1074 1228 1088 1269 ἓ
1109 1226 1139 1260 8.
1163 1227 1318 1271 Quodque
1339 1237 1451 1260 omnes
1467 1233 1498 1259 et
1518 1227 1661 1269 singulae
1681 1232 1785 1260 trans-
1826 1235 1984 1270 transsume-

1030 1280 1165 1313 lationcs
1191 1280 1229 1313 de
1251 1281 1402 1325 apostatis
1427 1280 1503 1324 ipsis
1523 1281 1562 1312 ad
1582 1280 1681 1313 alium
1697 1279 1786 1313 Ordi-
1801 1268 1984 1320 fffffssfflj'isfss'ffi

1031 1345 1122 1375 nem,
1152 1334 1247 1368 etiam
1276 1346 1335 1379 per
1363 1345 1421 1367 nos
1449 1340 1503 1367 aut
1523 1334 1787 1379 praedecessores
1801 1330 1985 1381 ῘᾹΪᾊῼΚᾎἎΜἽᾸᾈᾚ

1030 1394 1156 1422 nostros
1166 1390 1213 1421 vel
1227 1400 1284 1432 per
1293 1389 1434 1422 officium
1446 1388 1711 1421 Poenitentiariae
1727 1390 1787 1421 hu-
1801 1400 1857 1433 we
1872 1396 1891 1411 ‘¹
1915 1399 1933 1411 ¹¹-
1951 1392 1985 1411 0⁵·
2008 1394 2013 1401 ’

1031 1442 1168 1475 iusmodi
1190 1444 1346 1476 hactenus
1366 1444 1466 1475 sactae
1487 1448 1517 1475 ct.
1536 1453 1615 1486 quas
1635 1442 1787 1487 deinceps
1800 1427 1909 1476 ῘιῗῘῃῖὛῗ
1940 1430 1985 1442 ω’-

1031 1496 1101 1528 sieri
1123 1497 1304 1539 contigerit,
1327 1497 1388 1530 nisi
1409 1497 1448 1529 ad
1468 1496 1640 1529 arctiorem
1661 1497 1709 1529 vel
1730 1508 1786 1540 pa-

1031 1560 1098 1581 rem
1109 1549 1260 1582 Ordinem
1273 1550 1374 1583 factae
1384 1549 1512 1589 suerint,
1521 1555 1547 1582 et
1560 1549 1618 1593 ipsi
1632 1549 1676 1582 sic
1686 1555 1788 1582 trans-

1032 1603 1085 1635 lati
1119 1603 1150 1635 in
1179 1603 1398 1644 monasteriis,
1429 1603 1460 1635 in
1487 1603 1605 1646 quilius
1630 1604 1787 1647 regularis

1032 1656 1232 1689 observantia
1252 1657 1369 1699 rigeat,
1396 1661 1468 1689 actu
1490 1662 1657 1697 maneant,
1680 1657 1788 1689 nullae

1032 1710 1092 1743 sint
1111 1717 1140 1743 et
1156 1710 1277 1750 irritae,
1296 1710 1421 1754 ipsique
1437 1710 1480 1743 sie
1506 1711 1651 1743 translati
1668 1710 1700 1743 in
1720 1711 1786 1754 pri-

1033 1763 1151 1796 stinum
1172 1764 1344 1804 Ordinem,
1367 1764 1462 1797 ctiam
1493 1764 1516 1797 si
1538 1764 1569 1796 in
1585 1764 1721 1805 Ordine,
1749 1766 1787 1797 ad

1032 1828 1128 1860 quem
1150 1818 1295 1850 translati
1316 1819 1445 1857 suerint,
1463 1818 1696 1861 professionem
1706 1818 1739 1851 in
1749 1829 1786 1851 eo

1032 1870 1132 1903 emitti
1153 1871 1278 1904 solitam
1292 1871 1470 1909 emiserint,
1488 1871 1784 1904 redireteneantur.

1034 1925 1067 1957 Et
1085 1924 1120 1960 si,
1134 1929 1202 1967 post
1215 1936 1312 1957 unam
1331 1930 1357 1956 et
1379 1925 1553 1957 secundam
1577 1925 1786 1958 monitionem

1033 1978 1091 2011 sihi
1104 1989 1120 2010 a
1133 1979 1284 2024 praelatis
1301 1990 1355 2011 seu
1373 1979 1596 2023 superioribus
1617 1979 1786 2019 Ordinum,

1032 2045 1049 2066 a
1067 2033 1338 2076 quibustranslati
1351 2038 1436 2066 sunt.
1460 2035 1586 2070 tactam,
1601 2033 1705 2065 redire
1722 2033 1787 2065 dis-

1033 2087 1163 2120 tulerint
1181 2092 1235 2119 ant
1247 2086 1459 2129 neglexerint,
1471 2086 1563 2118 liceat
1574 2085 1650 2130 ipsis
1666 2087 1789 2130 praela-

1033 2141 1071 2173 tis
1087 2151 1143 2173 seu
1160 2140 1384 2185 superioribus
1400 2140 1576 2183 procedere
1597 2145 1709 2173 contra
1720 2151 1785 2174 eos.

1034 2194 1130 2227 inodo
1151 2199 1181 2227 et
1200 2194 1315 2227 mediis
1335 2199 1447 2227 contra
1467 2198 1628 2237 apostatas
1649 2195 1783 2227 statutis.

1077 2248 1091 2291 ἓ
1112 2248 1143 2281 9.
1166 2248 1203 2280 Et
1223 2248 1434 2281 nihilominus
1453 2248 1612 2291 praefatos
1623 2247 1667 2281 sic
1682 2252 1786 2280 trans-
1814 2260 1985 2286 runampre-

1033 2302 1113 2333 lates
1133 2307 1175 2342 et,
1192 2307 1224 2334 ut
1238 2302 1432 2345 praefertur,
1450 2313 1515 2334 non
1536 2302 1719 2343 redeuntes,
1735 2303 1787 2335 ad-
1802 2294 1850 2313 ‘¹³⁶²'
1867 2292 1986 2312 “dmm

1801 2325 1908 2349 Ordinem,
1933 2323 1986 2343 alin·-

1034 2355 1267 2388 ministratione
1275 2355 1511 2398 cuiuscumque
1519 2355 1788 2388 ecclesiasticibe-
1801 2355 1985 2412 gggssmf'f‘fffflri}

1034 2408 1139 2441 neticii
1162 2420 1216 2441 seu
1239 2408 1334 2442 officii
1351 2414 1382 2442 et
1410 2410 1613 2454 praelaturae
1630 2415 1786 2453 perpetuo
1801 2421 1856 2437 runt-

1034 2462 1196 2505 privamus
1215 2469 1245 2496 et
1271 2463 1410 2506 privatos
1437 2474 1525 2504 esse,
1552 2474 1678 2497 necnon
1703 2463 1786 2495 hona

1033 2522 1275 2555 quaecumque,
1302 2512 1433 2546 mobilia
1454 2525 1509 2546 seu
1531 2513 1728 2554 immobilia,
1750 2526 1787 2547 ac

1034 2571 1162 2601 census,
1184 2562 1327 2595 redditus
1344 2568 1374 2595 et
1394 2568 1577 2607 proventus,
1599 2563 1669 2596 iura
1689 2568 1719 2596 et
1734 2574 1787 2596 ac-

1071 2629 1080 2654 ¹
1103 2628 1140 2655 Ad
1159 2628 1208 2656 hoc
1225 2629 1305 2657 habes
1321 2630 1401 2658 etiam
1418 2630 1516 2658 Concil.
1535 2630 1622 2664 Trid,
1642 2638 1708 2659 sess.
1727 2638 1786 2666 xiv,

1035 2670 1070 2696 De
1088 2669 1214 2703 Reform..
1233 2678 1292 2707 cap.
1309 2677 1347 2698 ιι.
