2227 3001
65 248 113 275 An.
132 247 161 275 C.
181 246 248 274 1557

918 242 1037 267 PAULUS
1057 242 1088 266 lv
1106 242 1155 266 Pr.

262 299 378 333 neticia
387 298 613 339 ecclesiastica,
624 298 812 342 praesertim
824 308 935 331 curam
950 297 1017 330 ani-

262 360 389 385 marum
400 352 559 389 habentia,
573 352 720 395 personis
732 352 941 385 conferantur
951 351 1017 383 ido-

262 405 347 445 neis,
365 415 447 448 quae
462 405 578 438 vellent
600 409 627 437 et
650 409 777 448 possent
791 404 876 448 apud
893 415 930 437 ea
942 414 1016 448 pcr-

261 459 416 492 sonaliter
436 458 590 498 residcro,
610 458 794 502 scirentque
810 458 854 490 eis
870 457 1016 490 laudabi-

261 512 334 544 liter
359 512 531 545 deservire.
560 512 594 544 Et
623 512 661 544 ad
687 513 748 544 hoc
776 511 911 544 dilectos
934 511 1017 544 tilios

260 570 387 598 nostros
406 565 644 598 Bernardinum
657 565 763 599 Sancti
780 565 928 598 Matthaei
945 565 1017 597 Tra-

261 629 405 659 nensem‚
416 624 447 652 et
462 619 646 662 Scipionem
660 619 795 652 Sanctae
811 619 1017 652 Potentianae

261 672 299 705 de
320 671 418 712 Pisis,
446 683 482 705 ac
508 673 661 705 Ioannem
682 672 790 705 Sancti
822 671 949 704 Ioannis
978 672 1017 704 ad

260 725 388 758 Portam
416 725 559 758 Latinam
592 726 761 758 titulorum
791 725 1014 765 Reumanum‚

260 784 478 823 nuncupatos,
507 779 711 823 presbyteros
731 778 923 818 cardinales,
947 778 1014 821 qui,

260 843 325 865 una
351 844 425 865 cum
446 833 620 866 venerabili
639 833 736 866 fratre
757 832 928 865 Francisco
948 832 1017 876 epi-

260 896 358 930 scopo
374 885 596 927 Gebennensi,
617 886 739 918 datario
758 890 885 926 nostro,
909 885 1016 918 distri-

259 939 386 972 butioni
401 945 430 972 et
452 939 626 983 provisioni
646 938 882 973 beneficiorum
902 939 1016 971 liuius-

260 992 347 1026 modi
366 993 626 1036 praeessent,iam
641 992 765 1026 dudum
779 992 1013 1037 deputavimus.

261 1046 389 1087 Verum,
406 1057 480 1080 cum
497 1047 667 1080 audiamus
687 1046 816 1080 eosdem
838 1045 1018 1078 cardinales

259 1104 290 1133 et
309 1099 482 1141 datarium,
505 1100 579 1134 licet
601 1101 632 1133 in
657 1100 707 1132 his
737 1110 807 1132 eam
828 1109 926 1142 quam
942 1109 1016 1142 pos-

259 1158 334 1187 sunt
358 1154 515 1187 maiorem
538 1164 666 1198 semper
690 1152 899 1186 adhibuerint
929 1158 959 1185 et,
984 1153 1016 1185 in

258 1207 326 1241 dies
341 1207 513 1240 adhibeant
535 1207 747 1249 diligentiam,
762 1216 929 1249 personas,
947 1206 1017 1249 qui-

257 1260 318 1293 hus
332 1260 490 1294 beneficia
508 1260 577 1304 ipsa
594 1260 790 1293 conserenda
806 1264 892 1299 sunt,
917 1270 1018 1302 snper

257 1314 424 1347 literatura
444 1314 677 1354 examinando,
705 1314 743 1346 de
770 1323 883 1346 eorum
904 1312 966 1345 vita
987 1319 1017 1346 et

258 1368 404 1401 moribus
437 1378 475 1401 ac
504 1367 671 1401 beneficiis
697 1378 756 1411 per
789 1377 843 1400 eos
878 1367 1017 1401 obtentis

256 1420 392 1466 aliisque
409 1422 447 1455 ad
464 1421 641 1465 praemissa
658 1421 851 1454 facientibus
866 1426 1017 1454 accurate

257 1475 462 1519 inquirendo,
484 1475 815 1508 diversimodetamen
837 1474 1016 1508 circumve-

258 1526 320 1561 niri
330 1533 360 1561 et
371 1528 450 1567 salli,
464 1528 650 1561 acdiversas
664 1527 710 1561 eis
723 1528 853 1560 fraudes
869 1528 901 1560 in
922 1539 1016 1571 prae-

258 1581 362 1614 missis
370 1580 453 1621 fieri,
468 1581 632 1625 aliquibus
642 1592 674 1614 se
691 1581 771 1614 alios
782 1592 849 1614 csse
861 1581 1016 1615 simulan-

258 1633 355 1674 tibus,
370 1638 574 1677 ettamquam
592 1634 670 1667 tales
687 1645 718 1666 sc
731 1634 763 1666 111
776 1633 922 1667 examine
940 1646 1017 1678 sup-

258 1687 465 1732 ponentibus;
480 1687 550 1720 aliis
561 1687 718 1720 beneficia
730 1698 787 1732 pro
801 1688 948 1731 personis
959 1688 1018 1721 sibi

258 1740 394 1784 cognitis
414 1746 445 1774 et
463 1740 494 1773 id
508 1741 743 1784 ignorantibus,
756 1746 791 1774 ut
811 1742 1016 1785 postmodum

256 1794 390 1828 cumeis
413 1793 583 1835 beneficia,
604 1795 698 1827 etiam
722 1805 780 1839 per
806 1795 1017 1829 simoniacam

256 1847 457 1892 pravitatem,
486 1853 688 1881 contractare
714 1854 741 1881 et
768 1859 867 1892 super
892 1848 936 1882 eis
962 1860 1017 1893 pa-

256 1901 332 1935 cisci
352 1902 497 1946 possint,
524 1902 594 1936 aliis
618 1902 792 1943 beneficia,
815 1908 878 1935 tam
907 1913 964 1946 pro
986 1914 1017 1936 se

257 1965 354 1998 quam
376 1953 446 1987 aliis
465 1954 632 1999 personis,
668 1966 742 1989 cum
776 1955 940 1989 oblatione
970 1955 1017 1989 di-

258 2014 423 2041 versarum
453 2008 649 2052 pensionum
670 2019 855 2042 annuarum
885 2007 1019 2042 diversis

258 2060 424 2105 personis,
457 2060 554 2095 etiam
588 2061 820 2103 familiaribus,
856 2061 1019 2095 continuis

259 2114 533 2148 commensalibus
567 2115 702 2156 nostris,
735 2120 791 2148 aut
816 2114 904 2155 aliis,
937 2126 1019 2160 quos

258 2167 319 2212 ipsi
343 2167 437 2201 nobis
461 2172 568 2211 gratos
594 2173 625 2201 et
648 2173 799 2213 acceptos
820 2179 888 2202 esse
913 2168 1019 2202 existi-

260 2225 358 2261 mant,
370 2221 536 2254 annuatim
553 2222 852 2266 persolvendarum,
867 2227 897 2255 et
913 2221 956 2255 sic
977 2221 1018 2255 si-

260 2273 443 2308 moniacam
482 2275 641 2308 haeresim
684 2275 881 2309 incurrendo
901 2287 907 2315 3
950 2276 1020 2308 aliis

260 2322 419 2361 beneficia
435 2327 621 2361 huiusmodi
638 2339 696 2372 pro
713 2328 845 2363 diversis
859 2328 941 2369 aliis,
960 2329 1020 2362 sub

262 2392 318 2424 spe
341 2379 532 2426 pensionem
561 2393 704 2416 annuam
734 2388 790 2416 aut
816 2382 904 2416 aliud
934 2393 1021 2416 com-

1708 228 1772 264 529

1059 294 1248 328 benemeriti
1261 294 1416 333 existunt,
1439 302 1515 325 cum
1544 290 1640 324 simili
1662 292 1817 335 pensione

1059 355 1114 381 aut
1139 349 1328 385 commodo,
1351 346 1486 379 autsine
1511 345 1565 377 illa
1585 345 1633 377 vel
1655 345 1722 385 illo⁷
1737 346 1817 378 resi·

1834 238 1883 264 An.
1902 237 1931 264 c.
1951 237 2025 273 1557⁴

1037 391 1039 403 Ι
1059 404 1194 446 gnandis
1207 408 1235 435 et
1246 400 1454 440 dimittendis,
1466 399 1603 432 maxima
1611 409 1685 432 cum
1699 398 1817 432 instan-

1060 457 1102 489 tia
1114 456 1259 490 obtinere
1281 454 1543 499 procurantibus.

1103 510 1118 553 ξ
1138 510 1168 542 sl.
1192 510 1265 549 Nos,
1288 507 1471 552 praemissis
1494 506 1660 539 fraudibus
1684 511 1715 539 ct
1735 507 1815 539 dolis
1848 518 2022 553 ranarum-‹up-

1059 574 1095 595 ac
1117 563 1242 596 haeresi
1263 562 1471 601 simoniacae,
1486 565 1644 605 quantum
1662 571 1735 593 cum
1752 561 1816 593 Deo
1833 550 2021 605 ssssss¹⁰¹22¹fiffiffflssffig

1061 627 1247 660 possumus,
1270 616 1443 648 etticacitcr
1467 625 1640 648 occurrere
1660 615 1814 653 volentes,

1060 670 1236 713 apostolica
1248 669 1451 707 auctoritate,
1466 673 1577 701 tenore
1597 668 1816 712 przesentiunt,

1060 724 1229 755 statuimus
1259 729 1289 755 ct
1322 723 1511 755 ordinamus
1543 727 1639 766 atque
1667 722 1818 755 decerni-

1060 788 1131 809 mus
1147 776 1234 820 quod
1251 777 1289 809 de
1306 782 1413 809 cetero
1431 786 1543 809 omnes
1559 781 1589 808 ct
1601 775 1731 819 singuli,
1750 775 1818 819 qui,

1060 836 1131 873 post
1152 830 1408 873 publicationem
1430 829 1650 873 praesentium
1677 830 1709 862 in
1739 830 1819 862 locis

1059 883 1273 927 infrascriptis
1294 884 1486 924 faciendam,
1509 883 1679 916 occasione
1698 883 1820 917 benefi-

1060 937 1186 970 ciorum
1208 936 1472 974 obtineudorum,
1491 947 1523 969 se
1536 936 1615 969 alios
1636 947 1704 970 csse
1722 937 1820 970 simn-

1060 990 1204 1030 laverint,
1224 996 1255 1023 et
1275 996 1439 1033 tamquam
1461 990 1540 1023 tales
1560 1000 1592 1022 se
1614 989 1645 1022 10
1671 990 1818 1023 examine

1060 1044 1302 1088 supposuerint,
1327 1049 1387 1077 aut
1401 1044 1559 1077 beneficia
1581 1054 1640 1088 pro
1673 1044 1819 1087 personis

1060 1097 1091 1130 id
1112 1097 1348 1140 ignorantibus,
1370 1109 1426 1130 seu
1448 1108 1507 1141 pro
1533 1108 1565 1130 se
1587 1098 1633 1129 rel
1656 1107 1713 1140 pro
1735 1098 1816 1136 aliis,

1060 1161 1134 1184 cum
1156 1150 1318 1183 oblatione
1335 1150 1472 1183 alicuius
1495 1150 1658 1193 pensionis
1678 1161 1817 1191 annuae,

1059 1208 1114 1237 aut
1143 1214 1202 1248 pro
1236 1204 1322 1243 aliis,
1356 1215 1430 1236 cum
1465 1215 1519 1247 spe
1546 1204 1734 1247 pensionem
1761 1215 1819 1237 an-

1060 1267 1157 1289 nuam
1174 1263 1228 1289 aut
1244 1257 1331 1289 aliud
1344 1257 1549 1300 quantumvis
1562 1257 1725 1290 modicum
1741 1264 1820 1291 tcm-

1059 1312 1170 1354 porale
1192 1311 1402 1343 commodum
1433 1311 1471 1343 ab
1507 1311 1552 1344 eis
1582 1313 1817 1356 consequendi,

1059 1365 1107 1397 vel
1125 1375 1183 1408 pro
1205 1375 1237 1397 se
1251 1364 1326 1409 ipsis
1348 1364 1582 1408 principaliter,
1602 1365 1710 1398 animo
1726 1371 1757 1399 et
1773 1366 1818 1399 in-

1059 1419 1201 1451 tentione
1228 1430 1265 1452 ea
1290 1419 1498 1463 postmodum
1527 1419 1559 1451 in
1580 1420 1721 1452 savorem
1742 1420 1820 1453 alio-

1060 1483 1132 1504 rum
1147 1499 1154 1512 ,
1191 1472 1285 1505 etiam
1321 1473 1527 1516 quantumvis
1562 1473 1754 1506 idoneorum
1790 1480 1816 1505 et

1059 1526 1349 1565 benemeritorum,
1374 1537 1448 1559 cum
1470 1527 1565 1559 simili
1588 1527 1743 1570 pensione
1764 1532 1817 1560 aut

1061 1580 1245 1620 commodo,
1269 1586 1324 1613 aut
1344 1581 1439 1613 etiam
1457 1581 1525 1614 sine
1548 1592 1596 1621 eo,
1622 1581 1818 1624 resignandi.

1061 1633 1207 1666 obtinere
1228 1634 1486 1678 procuraverint,
1505 1635 1742 1678 cuiuscumque
1759 1639 1819 1669 sta-

1060 1692 1123 1728 tus,
1141 1687 1271 1730 gradus,
1286 1687 1407 1720 ordinis
1423 1692 1453 1721 et
1464 1687 1659 1720 conditionis
1671 1688 1817 1728 existant,

1061 1740 1156 1774 etiam
1177 1741 1202 1773 si
1223 1740 1398 1785 episcopali
1424 1746 1479 1773 aut
1499 1741 1560 1774 alia
1581 1741 1695 1774 maiori
1717 1742 1820 1785 digni-

1061 1799 1123 1827 tate
1143 1794 1362 1827 ccclesiastica
1377 1794 1425 1827 vel
1446 1794 1664 1828 cardinalatus
1679 1795 1815 1835 honore,

1060 1858 1116 1880 seu
1148 1847 1328 1888 mundana,
1359 1846 1453 1880 etiam
1490 1847 1595 1891 regia,
1627 1848 1734 1881 ducali
1765 1855 1817 1882 aut

1061 1901 1274 1934 marchionali
1303 1901 1550 1945 praeeminentia
1574 1903 1816 1946 praefulgeant„

1060 1955 1404 1989 excommunicationis
1419 1961 1450 1989 et
1470 1956 1682 1990 anathematis
1699 1968 1736 1991 ac
1755 1968 1820 1991 ma-

1060 2009 1243 2042 ledictionis
1273 2014 1424 2043 aeternae
1460 2011 1673 2051 sententiam,
1709 2022 1727 2045 a
1755 2022 1819 2055 qua

1060 2062 1121 2096 nisi
1147 2073 1165 2095 a
1190 2063 1283 2096 nobis
1316 2068 1372 2097 aut
1398 2063 1544 2097 Romano
1574 2064 1731 2098 Pontitice
1759 2077 1818 2110 pro

1060 2122 1206 2160 tempore
1223 2116 1389 2157 existente,
1409 2123 1637 2162 praeterquam
1655 2118 1687 2151 in
1708 2119 1820 2152 mortis

1061 2170 1198 2203 articulo
1215 2171 1392 2211 constituti,
1415 2172 1534 2205 absolvi
1551 2177 1729 2216 nequeant3
1748 2183 1820 2206 nec-

1061 2234 1126 2258 non
1161 2224 1349 2269 privationis
1379 2225 1526 2258 omnium
1557 2231 1588 2259 et
1615 2226 1817 2270 singulorum

1061 2277 1296 2311 beneficiorum
1318 2278 1629 2320 ecclesiasticorum,
1648 2291 1723 2313 cum
1740 2291 1819 2314 cura

1062 2336 1093 2364 et
1111 2332 1180 2365 sine
1201 2343 1296 2371 cura,
1316 2332 1532 2366 saecularium
1567 2339 1598 2366 et
1630 2334 1818 2378 quorumvis

1833 610 1941 630 henetiviis
1950 610 2018 631 eccle-

1833 641 1932 661 masticis.

1039 2412 1041 2424 ,
1061 2385 1218 2419 Ordinum
1239 2386 1452 2429 regularium,
1475 2397 1534 2431 per
1558 2397 1612 2421 eos
1632 2387 1664 2420 in
1689 2388 1818 2421 titulum

261 2433 395 2482 modum
425 2435 605 2478 temporale
633 2435 672 2468 ab
708 2435 755 2469 eis
780 2434 1017 2479 consequendi3
1039 2427 1041 2467 Ι
1061 2439 1110 2473 vel
1144 2439 1370 2473 commendam
1400 2445 1456 2474 aut.
1475 2440 1554 2474 alias
1574 2441 1819 2484 quomodolibet

261 2482 332 2516 aliis
355 2479 514 2516 beneficia
538 2480 607 2527 ipsa
622 2492 682 2528 pro
707 2484 832 2528 seipsis,
861 2484 967 2518 animo
990 2490 1021 2518 et
1040 2506 1041 2525 1
1062 2488 1280 2528 obtentorum,
1300 2494 1331 2522 et
1350 2489 1560 2523 inhabilitatis
1578 2489 1617 2523 ad
1637 2490 1691 2523 illa
1711 2495 1742 2522 et
1757 2489 1818 2522 alia

262 2531 439 2564 intentione
460 2536 491 2564 et
510 2531 672 2565 interdum
688 2538 782 2576 pacto
803 2540 952 2577 expresse
964 2533 1019 2566 fir-
1039 2527 1041 2563 1
1062 2537 1094 2570 in
1115 2543 1282 2581 posterum
1306 2538 1481 2572 obtinenda
1506 2549 1643 2583 poenam
1670 2549 1708 2571 eo
1732 2538 1815 2581 ipso,
1835 2543 1837 2545 ’

263 2583 362 2619 mato,
384 2580 424 2613 de
440 2580 485 2613 eis
502 2581 709 2625 postmodum
727 2581 760 2615 in
781 2582 922 2615 savorem
943 2582 1019 2615 alio-

342 2681 416 2715 3011,
434 2682 508 2713 Rom.
537 2682 589 2712 Vol.
613 2682 655 2713 VJ.
863 2684 899 2720 (²³7

1040 2581 1041 2586 ¹
1062 2586 1182 2630 absque
1197 2586 1259 2621 alia
1269 2587 1410 2632 desuper
1425 2588 1570 2621 facienda
1586 2586 1814 2627 declaratione,

264 2639 350 2669 rum,
373 2628 428 2674 qui
449 2629 624 2674 aliquando
649 2629 756 2664 minus
776 2630 883 2665 idonei
904 2636 935 2665 et
953 2642 1019 2665 non
1038 2671 1043 2686 λ

1061 2634 1241 2676 incurrant,
1252 2636 1296 2669 ita
1311 2641 1356 2672 ut,
1369 2636 1507 2670 constito
1523 2636 1628 2670 solum
1641 2635 1816 2670 summarie
