2227 3001
251 261 301 295 An.
318 262 347 294 C.
369 266 434 295 1550

262 644 367 665 Fratribus
382 651 431 671 pro—

247 676 309 696 fessis
320 678 429 697 transitum

248 707 271 726 ad
284 707 383 727 laxiorem
394 707 431 728 Or-

247 738 314 757 ilmcni
334 739 431 764 probibet

247 773 266 788 et
284 772 342 788 uxtra
359 771 430 790 ipimus

245 800 330 819 ominis
341 806 430 822 comnio-

247 838 274 850 ldl
283 838 294 850 t.

255 1284 314 1305 Pitor
335 1290 426 1310 genera-

242 1316 267 1336 lis
290 1320 310 1336 et
335 1318 426 1337 xii-arius

242 1346 379 1366 ltnncltull.ttu
392 1352 425 1371 pu-

241 1377 320 1397 blicent
337 1382 356 1396 et
375 1382 426 1398 exe-

241 1411 338 1434 quantur.

492 257 556 292 422
1044 268 1220 291 Bt'LLARtt'M

448 321 543 354 tionis
564 321 725 361 obtinere,
743 322 790 354 vel
811 319 996 365 privilegiis,
1015 320 1198 353 immunita-

448 376 531 409 tibus
564 381 592 408 et
622 375 753 408 indultis
782 374 1010 417 praedictorum
1044 375 1195 416 gaudere,

447 440 503 462 seu
516 440 624 462 rocem
635 429 768 461 activam
781 434 808 461 et
824 428 979 472 passivam
997 427 1027 459 in
1039 427 1156 461 Ordine
1170 435 1199 461 et

447 483 693 526 congregatione
711 481 872 525 praedictis
898 482 1016 514 babere
1042 493 1106 514 non
1124 493 1198 526 pos-

447 537 509 569 sint
526 537 620 569 niodo
641 535 761 578 aliquo.

490 591 504 631 ,ξ
525 590 554 622 2.
574 590 608 621 Et
627 589 760 631 insuper
781 589 944 629 fratribus,
962 588 1017 632 qui
1034 588 1065 622 in
1081 588 1197 623 Ordine

446 648 474 675 et
496 642 742 685 congregatione
770 642 940 685 praedietis
966 642 1197 686 professionem

446 695 574 728 tacitam
608 696 655 728 vel
689 706 871 739 expressam
907 696 1102 735 emiserunt,
1139 697 1198 728 sub

446 748 788 782 excommunicationis
798 750 878 781 latae
895 749 1069 782 sententiae
1079 760 1195 792 poena,

445 802 620 835 districtius
648 802 832 835 inhibemus
867 813 905 835 ne
938 802 976 835 de
1006 808 1113 836 cetero
1140 803 1197 835 ba-

444 856 547 888 bitum
577 855 754 896 dimittere,
777 862 832 888 aut
857 855 895 887 ad
921 855 1020 888 alium
1046 855 1197 889 Ordinem

444 910 597 942 laxiorem
626 921 657 943 se
685 910 870 947 transferre,
902 910 950 942 rel
974 909 1019 951 tsi
1040 910 1197 942 beneficia

443 963 659 996 ecclesiastica
684 969 738 996 aut
764 963 907 996 osticium
933 963 1196 1006 poenitentiariae

442 1027 507 1049 non
541 1017 764 1058 obtinuerint)
804 1022 892 1049 extra
925 1016 1038 1049 domos
1071 1016 1197 1049 Ordinis

441 1075 497 1102 aut
530 1070 788 1113 congregationis
823 1070 1022 1109 huiusmodi,
1046 1070 1112 1103 sine
1148 1070 1195 1102 sui

441 1123 619 1167 superioris
645 1123 773 1157 licentia
794 1123 825 1155 in
850 1123 978 1166 seriptis
998 1123 1117 1163 habita,
1140 1124 1195 1156 di·-

440 1187 515 1219 gere
536 1182 591 1209 aut
611 1177 807 1210 commorari
828 1182 1047 1220 praesunumt.

484 1230 541 1273 ξὸ.
565 1231 599 1263 Et
614 1241 652 1263 ne
674 1230 789 1273 aliquis
805 1230 914 1263 statuti
933 1236 963 1262 et
985 1230 1196 1263 ordinatioms·

440 1294 476 1315 ae
515 1283 715 1316 inhibitionis
755 1289 941 1316 nostrarum
984 1283 1194 1325 ignorantiaizt

443 1337 652 1379 praetendere
674 1337 784 1380 possit,
807 1336 931 1369 dilectis
952 1336 1024 1369 tiliis
1045 1337 1195 1379 magistro

441 1391 621 1433 Augustino
638 1391 675 1423 de
693 1391 812 1429 Arelli),
826 1391 925 1434 priori
941 1391 1083 1433 generali
1100 1391 1196 1423 totius

442 1443 581 1485 Ordinis,
605 1450 631 1476 ct
656 1443 806 1486 magistro
833 1443 980 1487 Philippo
1002 1444 1137 1477 Castello
1158 1445 1195 1475 de

444 1497 550 1537 Utine,
569 1498 725 1530 moderno
743 1497 860 1530 vicario
877 1498 1147 1540 congregationis,
1167 1504 1195 1529 et

442 1562 501 1594 pro
522 1557 667 1595 tempore
698 1551 907 1584 existentibus
928 1551 1028 1595 priori
1053 1551 1195 1594 generali

441 1604 568 1638 Ordinis
584 1611 611 1638 et
630 1605 747 1638 vicario
772 1605 914 1647 generali
939 1605 1196 1648 congregationis

442 1659 640 1699 huiusmodi,
655 1659 713 1691 sub
724 1659 835 1691 cadem
852 1658 1196 1692 excommunicationis

443 1723 557 1756 poena,
593 1713 824 1745 committimus
845 1719 872 1746 ct
896 1713 1086 1745 mandamus
1119 1724 1196 1756 qua-

441 1772 535 1799 tenus
555 1772 708 1799 statutum
725 1772 754 1800 et
775 1767 1012 1800 ordinationem
1030 1772 1058 1800 et
1080 1767 1196 1799 inbibi-

441 1820 560 1853 tionem
582 1827 724 1853 nostram
747 1821 943 1865 praedictam
965 1821 1047 1853 inter
1067 1821 1194 1854 institu-

441 1873 543 1906 tiones
558 1880 587 1907 et
614 1874 858 1907 constitutiones
874 1873 1000 1907 Ordinis
1017 1880 1044 1906 et
1062 1885 1195 1917 congre-

440 1927 576 1970 gationis
610 1929 850 1971 praedictortmi
871 1928 1047 1970 registrari,
1075 1934 1116 1968 et,
1139 1939 1196 1971 per

442 1992 474 2014 so
493 1982 541 2014 vel
562 1982 662 2014 alium
684 1993 738 2015 seu
769 1981 867 2021 alios,
898 1982 930 2014 in
961 1981 1095 2024 singulis
1123 1992 1195 2025 pro-

440 2034 564 2074 vinciis⁷
601 2035 751 2079 capitulis
772 2041 799 2068 et
822 2035 972 2067 domibus
1005 2035 1193 2067 eorumdem

440 2087 567 2120 Ordinis
601 2094 631 2121 et
658 2088 917 2131 cong-rigationis
951 2088 1122 2131 publicari,
1158 2100 1193 2121 ae

442 2152 499 2184 per
518 2152 631 2174 eorum
653 2142 766 2174 tratres
787 2141 1013 2174 inviolabiliter
1033 2142 1194 2174 observari

440 2194 568 2227 saciant.
606 2195 865 2228 Contradictores
890 2195 1048 2238 quoslibet
1084 2202 1112 2228 et
1147 2206 1196 2228 rc-

440 2248 540 2281 belles
560 2260 595 2281 ac
613 2250 799 2288 renitentes,
818 2255 846 2282 et
865 2260 897 2282 se
915 2248 1099 2293 praemissis
1115 2260 1194 2292 quo-

441 2302 615 2335 modolibet
635 2309 847 2347 opponentes,
870 2309 922 2336 aut
946 2303 1008 2335 illis
1024 2302 1191 2340 auxilium,

441 2355 611 2388 consilium
637 2356 682 2389 vel
699 2357 838 2389 savorem
856 2355 983 2400 publice
1004 2357 1051 2389 vel
1068 2357 1193 2390 occulte

440 2415 656 2454 praestantes,
688 2421 746 2454 per
776 2421 929 2443 censuras
963 2411 1214 2459 ecclesiasticas}

440 2475 477 2497 ac
497 2464 574 2496 alias
594 2475 652 2508 pro
673 2464 804 2497 arbitrio
826 2465 1038 2508 imponendas
1059 2476 1191 2509 poenas,
1212 2499 1214 2513 Ι

440 2513 655 2556 appellatione
672 2513 858 2557 postposita,
873 2514 1120 2557 compescendo,
1143 2514 1192 2546 in-
1212 2540 1214 2561 t

440 2566 551 2594 vocato
572 2561 678 2601 etiarn,
709 2562 734 2594 si
754 2573 837 2606 opus
857 2562 964 2603 fuerit,
987 2562 1105 2595 auxilio
1122 2563 1194 2595 bra-
1212 2563 1214 2602 't

442 2610 504 2643 cbii
520 2611 704 2643 saecularis.

486 2659 550 2703 {4-
581 2659 648 2694 Non
674 2659 874 2692 obstantibus
907 2660 1214 2710 coiis-titutionitmc

1246 267 1396 291 noMANmt

1240 372 1366 406 Ordinis
1379 378 1405 405 et
1423 374 1690 416 congregationis,
1702 373 1797 407 etiam
1813 373 1994 406 iuramento

1241 427 1410 467 roboratis⁷
1429 427 1553 460 statutis
1569 433 1597 460 et
1614 427 1913 467 consuetudinibus,
1931 427 1995 471 pri-

1240 480 1362 523 vilegiis
1382 491 1524 524 quoque,
1548 480 1679 513 indultis
1699 488 1727 514 et
1749 480 1849 514 literis
1869 486 1995 525 aposto-

1241 533 1321 573 licis,
1357 539 1420 566 tam
1442 535 1501 566 sub
1536 534 1669 578 plumbo
1703 546 1799 579 quam
1834 535 1867 568 in
1892 535 1995 568 forma

1240 587 1356 627 brevis,
1384 598 1442 631 per
1467 598 1689 631 quoscumque
1710 589 1870 634 Romanos
1889 589 1995 622 Ponti-

1240 641 1317 674 fices
1337 641 1601 684 praedecessores
1617 647 1755 682 nostrOS,
1778 643 1838 676 sub
1858 643 1993 686 quihus-

1241 705 1380 737 cumque
1401 695 1568 728 tenoribus
1584 701 1612 727 et
1630 695 1752 735 formis,
1771 707 1806 729 ac
1827 708 1901 730 cuni
1922 696 1994 740 qui-

1240 748 1346 780 busvis
1363 748 1515 781 clausulis
1535 754 1565 781 et
1585 749 1732 789 decretis,
1753 750 1996 793 quomodolibet

1240 802 1412 835 concessis.
1440 802 1563 841 Quibus
1591 803 1742 835 omnibus
1767 803 1919 837 latissime
1940 815 1994 837 ex-

1240 856 1348 896 tensis,
1372 861 1402 888 et
1422 855 1517 888 etiam
1536 855 1561 888 si
1582 855 1620 888 de
1641 855 1685 888 eis
1705 861 1776 897 etc„
1797 856 1929 889 illorum
1947 862 1994 890 te—

1239 919 1335 941 nores
1355 913 1427 949 cle,
1450 910 1510 942 bac
1530 910 1596 942 vice
1618 910 1795 950 dumtaxat,
1814 909 1995 954 specialiter

1240 967 1268 994 et
1285 973 1433 1006 expresse
1450 962 1654 1005 deroganms,
1673 974 1709 996 ae
1725 963 1922 996 sufficienter
1937 963 1994 996 de-

1238 1021 1386 1058 rogatum
1404 1027 1471 1049 esse
1487 1016 1705 1057 decernimus,
1724 1017 1904 1061 ceterisque
1920 1027 1994 1051 con-

1239 1068 1344 1101 trariis
1363 1068 1636 1113 quibuscumque.

1283 1122 1337 1165 ξῖ).
1352 1123 1572 1155 Praesentium
1589 1123 1697 1164 etiam,
1716 1123 1836 1167 absque
1852 1134 1890 1157 eo
1906 1123 1993 1167 quod

1239 1176 1467 1218 registrentiir,
1505 1182 1559 1209 aut
1591 1177 1653 1209 illis
1686 1176 1757 1208 data
1791 1182 1991 1220 apponatur,

1239 1229 1338 1261 solam
1360 1229 1557 1272 signaturam
1584 1230 1744 1271 sufficere,
1768 1235 1796 1262 et
1818 1230 1939 1274 ubique
1955 1230 1992 1262 fi-

1238 1283 1310 1315 dem
1333 1283 1437 1315 facere
1463 1283 1679 1316 decernimus.

1388 1337 1505 1377 Placet,
1525 1343 1552 1369 et
1576 1337 1616 1369 ita
1639 1337 1839 1370 mandamus.

1587 1488 1635 1520 lX.

1238 1555 1436 1597 Approlmlio
1468 1557 1605 1588 secunda
1646 1556 1792 1589 instituta·
1814 1555 1993 1600 Reliqionis

1284 1608 1479 1642 Clericorum
1494 1610 1703 1653 I‘tegfldwt'um
1718 1610 1889 1643 Societacis
1905 1609 1989 1649 Iesu,

1283 1663 1395 1695 melius
1415 1663 1570 1706 eaqilicaei
1590 1663 1615 1695 ¹.

1300 1743 1385 1772 Iulius
1406 1743 1548 1778 episeopus
1577 1750 1673 1772 servus
1697 1751 1838 1773 sorvorum
1865 1744 1929 1777 Dei,

1370 1798 1403 1825 ad
1431 1799 1592 1832 perpetuam
1616 1798 1657 1826 rei
1686 1798 1855 1826 memoriam.

1282 1868 1427 1911 Exposeit
1450 1868 1593 1910 debitum
1617 1869 1784 1912 pastoralis
1807 1869 1916 1911 officii,
1939 1869 1991 1902 cui

1238 1932 1307 1962 nos,
1320 1922 1390 1954 licet
1410 1922 1597 1963 immeritos,
1611 1923 1758 1966 praetulit
1779 1922 1883 1956 divina
1898 1923 1990 1956 Maie-

1238 1981 1312 2014 stas,
1336 1982 1367 2008 ut
1391 1976 1502 2009 fideles
1518 1976 1690 2019 quoslibet,
1710 1977 1899 2020 praesertim
1920 1977 1991 2009 reli-

1237 2030 1354 2072 giosos,
1394 2029 1424 2062 in
1458 2030 1507 2063 ria
1542 2031 1766 2063 mandatorum
1800 2030 1926 2063 Domini
1951 2031 1989 2063 ad

1237 2083 1325 2115 Illius
1340 2083 1497 2116 bonorem
1513 2089 1541 2116 et
1557 2084 1703 2126 gloriam,
1722 2089 1750 2116 et
1767 2084 1989 2127 proximorum

1238 2136 1436 2180 spiritualem
1453 2137 1646 2180 profectum,
1664 2137 1919 2177 deambulantes,
1933 2147 1989 2180 pa-

1238 2190 1335 2223 ternis
1369 2190 1596 2223 confoveanius
1617 2190 1796 2231 affectibus,
1820 2196 1855 2223 ut
1880 2190 1990 2223 fideles

1237 2243 1314 2287 ipsi,
1342 2244 1471 2277 dextera
1498 2244 1623 2277 Domini
1645 2244 1703 2277 sibi
1724 2244 1891 2277 assistente
1912 2255 1989 2289 pro—

1237 2297 1330 2341 pitia,
1358 2304 1505 2331 aeternae
1532 2298 1642 2331 salutis
1662 2297 1843 2342 praemium
1861 2297 1989 2331 ferven-

1237 2351 1298 2384 tius
1318 2351 1498 2395 exquirant,
1517 2358 1543 2385 et
1568 2351 1598 2384 in
1615 2363 1728 2385 eorum
1751 2351 1803 2395 pio
1823 2351 1988 2395 proposito

1237 2406 1478 2438 confoveantur.

1279 2459 1345 2502 gl.
1374 2460 1499 2492 Dudum
1526 2460 1697 2503 siquidem,
1733 2471 1790 2503 per
1816 2459 1917 2493 felicis
1936 2470 1987 2493 re·
2019 2468 2192 2490 Ptuiusnteon.

2006 2501 2094 2521 firmarit
2122 2501 2190 2527 {legu-

2005 2532 2045 2552 nm
2068 2532 2088 2552 si
2104 2532 2119 2552 ι.

1237 2513 1430 2545 cordationis
1462 2513 1597 2545 Paulum
1631 2513 1682 2554 Ill,
1706 2512 1987 2557 praedecessorem

1273 2582 1281 2605 t
1311 2580 1467 2607 Societatem
1490 2580 1556 2607 banc
1574 2581 1659 2616 primo
1686 2580 1810 2615 probavit
1844 2580 1987 2607 confirma—

1212 2642 1213 2650 t
1237 2625 1327 2658 vitque
1345 2624 1438 2650 Paulus
1457 2624 1501 2651 ltt.
1523 2625 1714 2651 constitutione
1731 2633 1827 2657 xum,
1847 2626 1986 2657 Remmius,

1236 2676 1283 2703 [ηις
1311 2670 1371 2695 503.

2011 262 2060 291 An.
2079 264 2108 291 C.
2125 264 2192 292 1530

1240 325 1270 352 et
1290 318 1546 352 ordinationibus
1571 318 1766 363 apostolicis,
1791 329 1827 352 ao
1847 318 1993 364 ipsorum
2025 321 2134 342 C¹v¹1¹²¹¹¹³0
2155 322 2193 342 de-

2009 354 2135 379 rogatoriam

2021 1131 2070 1151 Sota
2086 1131 2193 1157 signatura

2008 1162 2060 1184 sum:
2069 1163 2091 1183 ὶι.

2039 1879 2160 1900 Exordium.
