2227 3001
57 262 106 289 An.
123 262 153 289 c.
174 262 239 288 15119
909 260 1025 283 Partis
1044 260 1076 283 ΠΙ
1098 260 1144 283 rr.
1697 250 1759 283 390
1820 261 1868 285 An.
1888 259 1914 284 C,
1938 259 2003 285 15'10

59 325 107 354 mg
130 318 238 354 Eme-1³⁴<
257 312 297 344 cti
318 311 512 344 consistunt.
538 311 831 347 commorantibus,
855 318 907 343 aut
936 312 1006 344 illac
1026 330 1030 358 ς
1049 310 1215 344 sacietatis
1234 317 1278 351 ut,
1296 321 1376 354 quos
1393 311 1430 343 de
1453 311 1517 343 suis
1536 311 1668 345 idoneos
1690 314 1721 347 in
1745 316 1804 349 Do·
1847 332 1920 360 vm„
1952 339 1990 357 μη,

58 354 136 402 :iimiis
150 351 239 371 ‘'mm‘’
256 365 505 401 transeuntibus,
522 363 739 397 Eucharistiae
771 372 1006 398 sati·rameiitum
1027 365 1029 398 Ι
1051 365 1136 396 mino
1154 363 1359 403 iudicaverit,
1384 364 1421 396 ad
1446 364 1599 397 lectiones
1624 366 1803 411 theologiae
1819 364 2003 421 Ῑιῇἓξζζθζῗρῑ“ᾞ·-

100 913 239 935 visitantibus

56 946 159 969 eeclesias
168 945 238 967 Socie-

56 979 105 999 taus
124 977 238 1003 induigen-

56 1010 95 1030 iias
111 1010 208 1030 concedit

108 2037 174 2059 Certis
191 2040 237 2060 anni

56 2067 128 2089 diebus

255 419 353 463 (quod
370 419 402 451 in
423 418 487 451 suis
504 417 648 450 ecclesiis
666 418 816 451 decenter
836 424 944 452 tencre
960 431 1007 452 so-

256 472 322 505 cios
342 472 501 516 praefatos
525 472 685 513 volumus)
706 482 912 516 quocumque
933 474 1007 505 anni

256 532 419 569 tempore,
443 531 667 569 praeterquam
695 526 726 557 in
749 526 826 558 sesto
846 527 1008 560 Paschatis

255 579 511 613 Resurrectionis
530 578 727 619 Dominicae,
748 585 774 612 et
796 580 907 613 mortis
931 581 1007 613 arti-

1049 425 1074 450 rt
1107 419 1244 451 aliarum
1276 418 1481 458 facultatum,
1510 419 1642 451 alterius
1677 421 1805 455 licentia
1820 430 1876 453 putu*

1049 472 1087 504 ad
1109 472 1139 503 id
1159 472 1290 505 minime
1309 471 1474 515 requisita,
1494 471 1629 505 ubilibet
1648 473 1803 517 deputare

1051 526 1160 569 possit.

1094 578 1169 622 {33
1187 579 1222 611 Et
1236 584 1281 619 ut,
1302 589 1375 612 cum
1388 579 1512 623 aliquos
1528 590 1564 613 ex
1580 580 1733 614 fratribus
1748 593 1804 616 seu
1820 624 1830 642 d
1847 591 1868 642 {3¹
1881 593 1942 612 uerri>
1956 593 2003 613 ιιιι]μ

1834 629 1844 643 e
1856 630 1896 643 ium
1918 626 1937 643 ct
1955 630 2002 650 pai·-

255 633 341 674 culo,
364 632 423 665 nisi
444 633 616 665 necessitas
642 639 786 676 urgeret,
819 634 1006 667 corumdem
1049 632 1143 664 sociis
1165 632 1330 665 Societatis
1357 632 1543 666 huiusmodi
1569 633 1601 666 in
1626 634 1804 669 SaraceHO-
1820 654 1874 674 tibus
1902 656 2000 675 amaus-

255 687 400 719 fidelium
435 686 671 730 parochialium
710 687 921 719 ecclesiarum
956 699 1007 721 rc-

255 746 381 774 ctorum
407 741 535 773 licentia
566 740 695 773 minime
725 742 898 785 requisita,
925 742 1008 775 acci-

255 805 331 838 pere
352 794 452 827 libere
470 800 499 827 et
521 794 605 827 licite
626 795 760 827 valeant.

299 847 382 891 §3t].
401 848 533 880 Necnon
553 848 735 880 animarum
753 848 910 891 profectui
932 859 1007 892 pro-

255 901 360 934 videre
381 902 539 941 volentes,
563 902 601 934 de
622 902 851 945 omnipotentis
872 902 925 934 Dei
951 902 1007 934 nii-

254 956 442 993 sericordia,
455 967 490 988 ae
502 956 670 988 beatorum
687 956 769 988 Petri
782 962 810 988 et
828 956 917 988 Pauli
933 967 1007 1000 apo-

253 1011 410 1043 stolorum
426 1010 495 1042 eius
510 1010 699 1043 auctoritate
716 1009 840 1047 contisi,
859 1010 1008 1043 omnihus

253 1069 284 1096 et
304 1063 437 1106 singulis
453 1063 621 1106 utriusqus·
638 1074 729 1096 sexus
746 1063 1008 1095 christifidelibus

254 1116 388 1150 ubilibet
403 1116 694 1153 commorantibus,
717 1127 788 1149 vere
815 1116 1007 1159 poeniteuti-

253 1169 313 1203 bus
333 1175 363 1202 et
383 1169 556 1209 confessis,
588 1180 643 1202 seu
669 1168 869 1212 temporibus
897 1180 914 1202 a
938 1170 1007 1203 iure

253 1224 377 1256 statutis
392 1222 567 1256 confitendi
584 1222 785 1266 propositum
800 1222 1005 1263 habentibus,

253 1276 308 1320 qui
337 1277 478 1320 aliquam
499 1275 666 1309 ecclesiam
705 1281 757 1308 aut
783 1276 883 1308 alium
918 1277 1007 1320 pium

253 1330 362 1364 locum
396 1330 498 1363 dictae
532 1329 698 1363 Societatis
743 1330 840 1362 semel
875 1330 1008 1373 singulis

253 1386 358 1426 annis,
375 1390 503 1428 praeter
522 1395 643 1416 annum
666 1384 810 1425 iubilaei,
830 1384 860 1416 in
877 1384 926 1416 die
952 1396 1009 1428 per

255 1449 313 1483 pro
329 1445 474 1483 tempore
500 1438 689 1471 existentem
719 1438 821 1471 dictae
843 1438 1008 1471 Societatis

253 1493 473 1537 praepositum
499 1492 664 1535 eligendo,
687 1503 704 1524 a
732 1492 845 1536 primis
869 1493 1009 1536 vesperis

255 1557 357 1590 usque
378 1546 416 1579 ad
437 1556 589 1579 occasum
617 1545 692 1578 solis
713 1545 855 1578 eiusdem
877 1545 940 1578 diei
959 1546 1007 1578 in-

255 1599 387 1640 clusive,
413 1599 523 1632 devote
545 1597 749 1639 visitaverint,
780 1604 810 1631 et
840 1598 916 1630 inibi
934 1598 1008 1632 Ora—

257 1654 377 1687 tionem
403 1653 603 1686 Dominicam
626 1664 661 1685 ac
689 1653 922 1686 Salutationem
946 1654 1008 1686 An-

256 1708 392 1751 gelicam
415 1707 628 1747 recitaverint,
654 1707 832 1751 plenariam
862 1708 1006 1740 omnium

255 1767 463 1806 peccatorum
494 1771 627 1794 suorum
650 1761 882 1803 indulgentiam
903 1772 939 1793 ac
956 1772 1007 1794 re-

255 1814 441 1848 missionem
461 1815 493 1848 in
514 1816 615 1847 forma
641 1815 791 1855 Iiibilaei,
819 1815 1007 1849 auctoritate

255 1869 441 1913 apostolica,
459 1875 570 1902 tenore
583 1868 810 1912 praesentium,
828 1868 1008 1901 misericor-

254 1922 336 1955 diter
356 1923 563 1956 concedimus
584 1929 614 1956 et
631 1923 816 1965 elargimur.

297 1977 311 2021 ἓ
331 1976 385 2011 31.
409 1979 446 2011 Et
466 1979 599 2023 insuper
622 1983 760 2021 quatuor
785 1978 866 2018 aliis,
887 1978 1006 2012 scilicet

252 2032 437 2071 Nativitatis,
459 2032 732 2071 Circumcisionis,
756 2032 953 2076 Epiphaniae
978 2040 1008 2066 et

253 2086 405 2130 Corporis
428 2087 543 2120 Christi
569 2087 785 2123 festivitatum,
809 2097 934 2120 necnon
955 2099 1007 2121 ve-

252 2140 340 2173 neris
374 2146 402 2173 et
428 2141 597 2174 dominicis
622 2147 652 2173 et
676 2140 1008 2184 quadragesimalilims

253 2193 365 2228 diebus
397 2194 598 2237 singulorum
633 2205 812 2235 annorum,
851 2205 951 2237 usque
969 2197 1007 2229 ad

253 2253 396 2281 octavam
421 2248 606 2288 Paschatis,
639 2247 790 2281 ecclesias
816 2253 846 2280 ct
870 2248 932 2281 alia
957 2249 1007 2293 pia

252 2302 323 2335 loca
334 2302 438 2335 dictae
448 2301 614 2335 Societatis
630 2302 741 2335 devote
757 2301 963 2343 visitaverint,
978 2309 1008 2335 et

252 2355 331 2389 inibi
343 2355 526 2389 Orationem
543 2361 571 2389 et
583 2356 814 2389 Salutationem
828 2356 1007 2399 praedictas

253 2409 400 2443 similiter
425 2409 646 2449 recitaverint,
672 2420 708 2442 ac
728 2410 861 2443 verbum
888 2410 954 2450 Dei,
982 2411 1007 2443 si

252 2463 285 2496 in
302 2463 364 2496 illis
385 2463 601 2507 praedicetur,
620 2463 730 2496 devote
747 2463 920 2503 audierint,
939 2475 1007 2508 sep-

251 2518 316 2545 tem
338 2523 439 2545 annos
459 2518 487 2545 et
506 2512 636 2545 totidem
662 2513 883 2557 quadragenas
901 2514 939 2546 de
957 2514 1006 2546 in-

253 2562 370 2595 iunctis
390 2562 436 2595 eis
464 2562 668 2606 poenitentiis
698 2563 951 2596 misericorditer
975 2563 1006 2596 in

252 2611 390 2645 Domino
411 2612 601 2645 relaxamus.

298 2661 313 2705 §
338 2660 390 2694 32.
424 2661 467 2696 Ac
490 2660 674 2706 praeposito
699 2662 841 2705 generali
863 2661 1007 2696 eiusdem

1050 696 1121 718 rum
1153 692 1181 719 et
1219 697 1420 730 paganorum
1459 687 1662 732 aliorumque
1694 689 1804 723 infide·
1819 686 1947 737 {2¹1¹{21.J‘''”¹¹
1969 686 2003 706 ³¹¹¹*

1051 738 1127 771 lium
1149 745 1248 772 terras
1266 746 1295 772 et
1322 740 1502 783 provincias
1529 741 1606 774 alias
1631 743 1805 776 remotissi-
1819 749 1905 785 want*
1922 723 2005 783 9³⁵3:st

1050 804 1136 832 mas,
1169 804 1185 825 a
1215 793 1333 836 quibus
1363 804 1426 842 non
1463 800 1566 838 potest
1599 796 1679 829 adiri
1709 798 1805 831 Sedes
1820 778 2003 831 302511l3¹⁴552¹2⁴⁴1⁶

1049 847 1244 890 Apostolica,
1264 847 1396 885 miscrit,
1420 849 1519 891 possit
1540 850 1594 890 eis,
1616 852 1806 885 auctoritate
1821 843 1882 862 Μ’·

1050 907 1169 939 nostra,
1192 902 1376 934 facultatem
1402 903 1580 936 concedere
1600 910 1635 937 ut
1662 906 1806 939 christia-

1050 964 1107 986 nos
1123 954 1241 987 ibidem
1259 961 1507 996 commorantes,
1521 958 1721 992 consessione
1733 971 1805 1004 pec-

1050 1012 1195 1039 catorum
1213 1018 1345 1041 suorum
1367 1008 1474 1041 audita
1496 1014 1523 1042 et
1546 1011 1743 1053 poenitentia
1761 1024 1805 1045 sa-

1050 1059 1145 1092 lutari
1173 1060 1333 1099 iniuncta,
1361 1072 1415 1094 cos
1440 1068 1470 1094 et
1495 1073 1608 1095 eorum
1630 1066 1804 1108 quemlibet

1050 1112 1087 1144 ab
1117 1113 1266 1146 omnibus
1294 1119 1324 1146 et
1351 1114 1484 1157 singulis
1511 1126 1624 1149 eorum
1653 1119 1803 1161 peccatis,

1050 1166 1145 1198 ctiam
1166 1166 1197 1199 in
1218 1168 1307 1200 bulla
1332 1168 1456 1201 Coenae
1481 1170 1608 1203 Domini
1624 1173 1803 1213 reservatis,

1028 1237 1029 1248 i
1049 1224 1079 1251 et
1095 1230 1111 1251 a
1128 1220 1401 1264 consequentum
1417 1222 1562 1256 censuris
1578 1225 1741 1267 etpoenis,
1753 1227 1805 1259 ab·

1049 1274 1182 1307 solvere.

1094 1328 1107 1370 g
1123 1327 1175 1360 34.
1196 1328 1230 1361 Et
1248 1340 1321 1362 cum
1344 1330 1381 1363 iis
1397 1331 1451 1374 qui
1467 1331 1506 1364 ab
1523 1331 1710 1366 infidelitate.
1728 1345 1805 1368 con·
1843 1352 1866 1373 132
1880 1353 2003 1379 afflare

1049 1388 1212 1415 vertentur
1231 1389 1354 1416 tantum
1376 1390 1406 1418 et
1426 1385 1458 1418 in
1475 1386 1553 1419 locis
1569 1387 1803 1430 remotissimis,
1821 1384 1888 1434 ἷξζζζ]
1900 1385 2006 1435 mdssssffi‘j

1049 1435 1103 1477 qui
1124 1435 1213 1479 prius
1234 1436 1265 1469 in
1285 1438 1437 1480 gradibus
1466 1450 1531 1472 non
1558 1439 1670 1480 licitis,
1698 1446 1806 1475 tamen
1822 1447 1863 1466 ”iffi

1050 1489 1118 1531 lege
1148 1490 1252 1523 divina
1280 1502 1344 1524 non
1373 1493 1565 1535 prohibitis,
1600 1495 1805 1529 matrimonia

1050 1547 1291 1584 contraxerant,
1315 1550 1350 1578 ut
1374 1545 1405 1577 in
1426 1546 1546 1579 eisdem
1578 1557 1708 1581 manere
1735 1560 1805 1593 pos-

1049 1596 1109 1628 sint
1126 1597 1323 1641 dispensare.

1093 1651 1108 1694 g
1127 1650 1180 1684 35
1211 1653 1255 1685 Ac
1275 1653 1306 1686 in
1327 1654 1406 1687 locis
1436 1655 1606 1698 praedictis
1633 1659 1806 1692 remotissi-
1833 1672 1921 1699 Erigere
1933 1673 2004 1695 occie-

1050 1705 1121 1745 mis,
1144 1717 1371 1752 quaecumque
1392 1710 1557 1750 ecclesias,
1579 1711 1750 1756 hospitalia
1776 1718 1807 1747 et
1822 1706 2004 1761 ἓζζζζξςζῗζῗθῗέ

1049 1759 1110 1792 alia
1128 1760 1179 1803 pia
1199 1762 1281 1802 loca,
1305 1769 1399 1806 prout
1422 1764 1594 1808 expediens
1613 1766 1721 1806 suerit,
1745 1767 1805 1800 eri-

1049 1823 1136 1855 gere,
1157 1825 1193 1847 ac
1213 1825 1299 1848 nunc
1321 1822 1351 1849 et
1377 1827 1435 1860 pro
1457 1822 1602 1861 tempore
1622 1824 1729 1853 erecta
1754 1831 1805 1854 re-

1049 1866 1201 1909 formare,
1214 1868 1281 1902 sine
1292 1869 1430 1903 alicuius
1438 1871 1651 1915 praeiudicio,
1665 1877 1695 1906 et
1705 1878 1807 1907 vestes

1050 1922 1282 1964 sacerdotales,
1306 1925 1419 1968 pallas,
1447 1926 1648 1969 corporalia,
1678 1927 1805 1969 calices,

1049 1977 1174 2015 altaria,
1202 1979 1394 2012 coemeteria
1412 1980 1459 2021 (si
1479 1980 1664 2024 episcopus,
1687 1981 1742 2024 qui
1771 1993 1808 2015 ea

1050 2033 1155 2070 saciat,
1179 2034 1357 2066 catholicus
1376 2034 1455 2067 inibi
1476 2045 1538 2067 non
1561 2035 1654 2077 adsit)
1674 2036 1806 2069 benedi-

1050 2098 1135 2125 ccre,
1156 2098 1191 2120 ac
1213 2089 1396 2132 profanatas
1421 2088 1572 2121 ecclesias
1597 2089 1807 2123 reconciliare

1050 2140 1184 2184 possint,
1204 2147 1232 2174 et
1254 2152 1480 2185 quaecumque
1501 2147 1616 2175 statuta
1633 2147 1661 2175 et
1679 2142 1807 2175 ordina-

1049 2194 1151 2227 tiones
1172 2195 1311 2238 desuper
1331 2194 1511 2228 necessaria
1529 2196 1646 2236 facere,
1672 2195 1804 2240 illaque,

1050 2254 1218 2292 postquam
1241 2250 1323 2282 sacta
1344 2249 1474 2288 fuerint,
1498 2254 1636 2289 mutare,
1655 2250 1803 2290 alterare,

1049 2313 1085 2336 ac
1106 2303 1168 2336 illis
1187 2304 1304 2336 addere
1326 2310 1356 2336 et
1376 2304 1556 2337 detrahere.

1093 2357 1108 2400 ξ
1127 2357 1180 2389 36.
1204 2358 1247 2390 Ac
1268 2357 1451 2401 praeposito
1472 2357 1673 2401 provinciali,
1691 2357 1722 2390 in
1743 2357 1806 2390 illis
1821 2371 1942 2392 omnnio
1955 2379 1997 2400 pm

1048 2411 1232 2455 longinquis
1262 2412 1407 2455 partibus
1423 2412 1593 2453 residente,
1616 2411 1790 2445 decedente
1820 2407 1890 2429 '³⁰⁵¹''⁰
1916 2406 2004 2430 '‘mm'‘

1795 2439 1802 2453 ν
1821 2435 1876 2458 viati,
1900 2435 2003 2456 electiori.

1049 2465 1177 2498 interim
1190 2493 1197 2505 ,
1226 2466 1302 2499 dum
1323 2466 1405 2499 alius
1426 2477 1484 2510 per
1503 2466 1687 2509 generalem
1710 2477 1803 2510 prae·
1819 2465 1907 2486 '‘¹¹²¹'ffl‘
1923 2465 2002 2487 ‘mse‘

1050 2514 1189 2558 positum
1202 2515 1350 2555 mittitur,
1365 2515 1436 2548 loco
1458 2515 1630 2559 praepositi
1649 2515 1693 2548 sic
1709 2515 1803 2548 dece-

1049 2564 1172 2605 dentis,
1196 2564 1295 2597 alium
1324 2564 1441 2607 eligere
1468 2564 1567 2597 libere
1593 2569 1621 2597 et
1643 2563 1727 2596 licite
1755 2575 1802 2596 va-

1048 2612 1144 2646 leant,

1094 2662 1108 2705 ἓ
1129 2661 1182 2695 37.
1206 2662 1241 2696 Et
1262 2663 1337 2707 quia
1365 2662 1396 2697 in
1417 2663 1599 2697 numerosis
1616 2662 1745 2707 populis
1768 2662 1802 2696 il-
