2227 3001
221 255 269 280 An.
288 253 316 279 C.
337 253 403 279 ¹555

260 2295 287 2317 Ex
300 2296 379 2316 mltum.

462 243 526 277 490
1014 245 1193 272 mmmm

1219 244 1369 269 ROMANUM

419 305 519 350 ipsius
534 304 696 338 Romanae
713 302 873 336 Ecclesiae
889 306 919 333 et
935 301 1171 342 cuiuscumque
1190 296 1194 318 l
1214 297 1301 337 ficos,
1316 307 1374 341 pro
1395 297 1558 340 religionis
1584 297 1826 330 conservatione
1843 301 1873 329 et
1888 306 1969 339 aug·

420 360 451 392 in
485 359 540 392 illa
567 359 615 391 vel
641 358 680 391 ad
705 357 792 389 illam
814 355 864 387 ius
884 354 1003 386 habere
1026 358 1172 396 praeten-
1215 356 1323 384 mento
1350 362 1387 384 ac
1413 361 1625 395 personarum
1651 351 1840 385 earumdem
1861 349 1969 393 quiete

419 415 550 453 dentes,
578 412 616 445 ad
641 408 871 453 omnipotentis
897 407 951 440 Dei
985 407 1114 440 laudem
1143 412 1172 438 et
1215 410 1244 437 et
1265 404 1450 445 commodo,
1474 415 1636 446 concessa,
1662 404 1818 449 approbet
1833 409 1863 437 et
1874 403 1969 436 inno-

419 467 565 510 gloriam,
587 476 622 498 ac
644 461 892 507 gloriosissimae
918 461 987 494 eius
1011 459 1174 503 genitricis
1193 482 1196 521 3

418 519 555 563 Virginis
576 517 690 551 Mariae
710 516 874 559 totiusque
895 514 1005 547 euriae
1026 513 1174 546 coelestis
1194 530 1196 547 1

418 573 576 606 honorem
598 576 627 603 et
650 569 722 602 ttici
743 568 920 601 catholicae
937 567 1173 607 exaltationem,
1195 550 1196 583 ¹

420 625 570 670 praefatis
591 623 739 667 Philippo
764 633 838 663 rege
865 627 894 654 et
919 621 1015 653 Maria
1046 621 1171 663 regina,
1196 627 1197 656 t

420 680 512 713 nobis
528 689 626 722 super
640 678 701 710 hoc
719 676 887 709 humiliter
903 674 1173 718 supplicantibus,
1195 706 1197 710 Α

419 734 458 766 dc
479 733 614 765 fratrum
636 737 822 764 nostrorum
844 728 979 763 consilio
1000 734 1028 762 et
1046 734 1175 772 aposto·
1196 726 1197 767 J

1216 464 1273 497 vet,
1295 468 1331 490 ac
1352 457 1486 502 probata
1507 463 1535 491 et
1556 458 1704 492 innovata
1724 457 1901 502 apostolica
1916 467 1973 490 au—

1217 511 1363 544 ctoritate
1385 513 1597 553 communiat,
1618 518 1651 545 ut
1669 522 1707 545 eo
1728 511 1873 545 firmiora
1898 522 1972 555 per-

1217 564 1349 603 sistant,
1372 575 1437 608 quo
1458 565 1587 609 saepius
1608 566 1727 599 fuerint
1749 565 1895 599 eiusdem
1915 565 1972 599 Se-

1217 617 1265 650 dis
1286 618 1476 651 auctoritate
1493 618 1711 653 circumfulta.

1262 671 1276 713 ξ,
1301 671 1328 704 l.
1352 672 1446 711 Sane,
1470 682 1528 715 pro
1559 678 1647 716 parte
1672 673 1781 706 dilecti
1811 673 1868 706 filii
1901 674 1973 707 Cle-

1220 725 1336 758 mentis
1351 726 1390 759 de
1411 726 1559 766 Monelia,
1583 726 1720 760 ministri
1741 728 1901 770 generalis
1915 728 1973 761 Or-

1983 241 2034 269 An.
2052 240 2083 269 C.
2101 239 2168 268 ¹555

2027 687 2112 708 Ordinis
2132 686 2174 706 {rzi-

1987 722 2040 739 truni
2055 719 2081 739 de
2094 717 2175 739 obser-

1987 750 2058 770 vantia
2100 749 2175 768 merit·

420 787 499 820 licae
517 785 682 830 potcstatis
698 783 911 828 plenitudine,
929 782 1106 826 apostolica
1121 793 1177 815 au·
1196 777 1197 798 ¹
1219 778 1301 811 dinis
1331 779 1467 812 fratrum
1488 780 1648 813 Minorum
1670 780 1829 823 regularis
1858 780 1975 815 Obser-
1989 780 2052 801 ¹¹¹¹ffl‘·
2068 782 2123 800 ⁸⁰⁰¹·

420 840 580 879 ctoritate,
594 843 752 883 perpetuo
765 837 979 879 e1·igimus,ac
999 835 1105 875 titulo,
1128 835 1176 868 dt·
1196 845 1199 872 t

420 894 552 936 gnitate,
575 894 712 932 honore,
734 891 953 929 facultatibus,
976 889 1114 929 iuribus,
1128 889 1176 923 in·
1197 920 1199 931 ,

421 947 531 990 signiis
544 974 551 987 ,
586 945 834 991 praerogativis,
864 944 1114 978 antelationibus
1148 950 1176 976 et

421 1000 675 1045 praeeminentiis
695 999 791 1042 regiis
811 1010 847 1032 ac
869 998 988 1041 quibus
1007 999 1069 1031 alia
1090 998 1177 1048 cliri7

421 1054 608 1088 stitidelium
647 1064 746 1097 regna
781 1059 929 1093 utuntur,
956 1052 1124 1097 potiuntur
1148 1058 1177 1085 et

421 1110 578 1152 gaudent,
601 1119 636 1141 ac
658 1108 723 1147 uti,
748 1107 845 1152 potiri
869 1113 900 1140 et
923 1106 1065 1149 gaudere
1086 1112 1177 1151 pote-

422 1167 499 1196 runt
528 1161 774 1205 quomodolibet
798 1160 830 1194 in
856 1161 1016 1199 futurum,
1043 1160 1177 1203 insigni-

423 1227 495 1250 mus
514 1221 545 1249 et
564 1215 769 1249 decoramus.

466 1270 581 1303 Datum
601 1269 721 1302 Romae
739 1268 825 1313 apud
846 1269 1000 1302 Sanctum
1020 1267 1176 1307 Marcum,

422 1334 507 1357 anno
533 1322 767 1356 lucarnationis
795 1322 976 1355 dominicae
1006 1321 1178 1354 millesimo

422 1375 680 1421 quingentesimo
697 1375 1095 1419 quinquagesimoquinto,
1109 1385 1180 1418 sep·
1199 1389 1200 1399 t

423 1430 502 1463 timo
523 1429 594 1462 idus
610 1429 703 1469 iunii,
716 1429 925 1473 pontificatus
937 1427 1036 1461 nostri
1054 1438 1138 1461 anno
1155 1438 1175 1460 1.

498 1488 558 1518 Dat.
575 1488 620 1518 die
639 1489 654 1518 7
668 1488 741 1518 iunii
764 1488 849 1523 1555,
867 1487 971 1526 pontif.
990 1496 1066 1516 anno
1093 1496 1111 1517 i.

784 1672 819 1705 11.

422 1748 637 1791 Privileyiitm
659 1747 793 1781 Ordinis
818 1748 984 1781 JIi'norimt
1014 1748 1048 1781 S.
1076 1748 1201 1787 Frem-¹

467 1802 543 1834 εἰδοί
561 1802 599 1834 cle
620 1801 834 1835 observantia
862 1801 1044 1845 deputandi
1071 1813 1179 1845 perso·
1199 1795 1202 1803 ’

467 1866 528 1889 nas
566 1859 659 1888 entra
693 1855 848 1888 Ordinem
892 1856 927 1888 in
965 1856 1113 1897 syndico<
1151 1861 1201 1898 elg

468 1918 666 1947 oeconomos,
695 1909 738 1941 acl
762 1909 921 1952 exiqencla
946 1909 1050 1951 Iegyata
1075 1909 1129 1951 pia
1151 1899 1201 1961 el}

468 1963 534 1994 alia
570 1963 697 2005 ηιῃοίίιι
728 1962 984 2005 pertractandae,
1012 1973 1078 1995 tina
1110 1973 1177 1995 cum

469 2015 611 2047 aliarum
643 2015 826 2057 {fratislrum
866 2014 1002 2047 eiusdem
1047 2013 1181 2048 Ordinis

470 2068 717 2111 confirmatione
736 2067 758 2099 ¹.
1199 2057 1202 2087 Ῐ

447 2147 547 2176 Paulus
566 2148 637 2183 Papa
653 2148 695 2180 tv,
711 2148 744 2175 ad
761 2149 923 2184 perpetuam
934 2148 974 2176 rei
989 2148 1158 2176 memoriam.
1199 2147 1201 2186 t

471 2223 512 2256 Ex
549 2224 698 2256 elementi
734 2223 823 2256 Sedis
852 2224 1054 2267 Apostolicae
1076 2225 1181 2269 provi·
1200 2218 1201 2224 ¹

427 2277 529 2317 sione,
543 2288 668 2310 necnon
683 2287 895 2321 personarum
910 2277 974 2310 Deo
996 2277 1182 2311 devotarum
1201 2279 1202 2296 ³

428 2331 585 2376 profectu,
607 2330 666 2363 suh
684 2330 1026 2373 regularicastimonia
1047 2331 1182 2364 Domino

428 2386 650 2424 militantium,
674 2385 725 2429 pia
746 2386 914 2419 devotione
939 2385 1109 2430 provenire
1134 2385 1182 2418 di-

428 2440 594 2484 gnoscitur
604 2444 638 2472 ut
648 2439 812 2473 Romanus
823 2439 967 2473 Pontifex
976 2439 1182 2484 quandoque,

428 2505 487 2538 per
506 2493 772 2538 praedecessores
802 2503 877 2526 suos
897 2493 1059 2527 Romanos
1073 2492 1183 2526 Ponti-

467 2563 477 2586 1
501 2560 610 2595 syndici
627 2559 743 2594 gandent
759 2559 883 2586 omnibus
901 2560 1043 2594 privilegiis
1063 2559 1182 2591 Ordinis,

429 2613 461 2631 ex
479 2604 582 2631 indulto
599 2603 742 2631 Clementis
759 2603 806 2632 vu
826 2603 859 2630 de
875 2610 929 2638 quo
945 2611 1018 2638 sup.,
1036 2611 1097 2640 pag.
1124 2604 1184 2637 ¹05,

429 2650 454 2678 in
471 2649 663 2678 constitutione
680 2656 742 2683 xix,
760 2649 828 2676 Dum
846 2649 1051 2676 consideramus.

1218 832 1354 870 vantiae,
1378 832 1471 866 nobis
1491 843 1596 877 nuper
1615 833 1755 867 exhibita
1774 834 1886 878 petitio
1901 846 1977 868 con-

1221 885 1340 918 tinebat.
1373 886 1479 929 quod,
1503 896 1578 919 cum
1609 886 1693 920 inter
1721 887 1899 930 operarios,
1921 889 1977 932 qui

1219 938 1258 971 ad
1279 939 1488 972 excolendam
1515 940 1640 973 vineam
1661 940 1788 974 Domini
1814 941 1953 975 Sabaoth
1968 969 1976 982 ‚

1219 992 1273 1025 Dei
1303 992 1423 1035 gratia,
1447 993 1532 1028 Ordo
1558 994 1625 1038 ipse
1651 1005 1785 1039 magnos
1809 995 1979 1039 probitatis

1221 1052 1248 1079 et
1270 1046 1436 1080 doctrinae
1457 1058 1493 1080 ac
1514 1047 1696 1082 animarum
1723 1049 1835 1083 salutis
1853 1049 1980 1084 fruetus

1221 1110 1349 1144 semper
1382 1100 1458 1134 olim
1485 1101 1629 1135 attulerit
1650 1107 1679 1135 et
1699 1102 1843 1145 quotidie
1863 1102 1979 1137 afferre

1221 1159 1368 1193 conetur,
1392 1165 1428 1187 ac
1450 1153 1563 1188 exinde
1593 1165 1652 1198 pro
1682 1155 1748 1189 suis
1774 1156 1891 1190 sanctis
1910 1161 1979 1190 stu-

1220 1207 1280 1240 diis
1299 1207 1508 1252 honestisque
1529 1208 1708 1249 laboribus,
1731 1220 1857 1254 proque
1877 1211 1979 1245 salute

1220 1260 1415 1299 animarum,
1428 1262 1467 1294 al)
1483 1262 1668 1305 Apostolica
1684 1261 1777 1303 Sede,
1796 1263 1890 1297 cuius
1905 1275 1980 1297 con-

1222 1315 1310 1348 tinue
1331 1326 1444 1359 pacem
1461 1321 1491 1348 et
1507 1315 1694 1357 dignitatem
1715 1315 1800 1349 Ordo
1817 1317 1901 1350 idem
1918 1318 1980 1351 for-

1223 1369 1294 1401 titer
1310 1374 1429 1402 tutatus
1445 1374 1503 1408 est,
1516 1375 1579 1401 tam
1592 1369 1770 1413 spiritualia
1786 1380 1883 1418 quain
1901 1377 1980 1405 tem-

1200 1434 1201 1442 2
1223 1422 1346 1465 poralia
1373 1422 1516 1454 subsidia
1539 1429 1797 1466 ornamentaque
1817 1424 1977 1468 acceperit

1222 1482 1250 1507 et
1268 1475 1415 1518 accipiat,
1435 1475 1553 1518 quibus
1570 1481 1598 1507 et
1616 1482 1726 1508 sancta
1742 1487 1799 1509 sua
1817 1477 1923 1510 officia
1942 1489 1979 1511 ae

1222 1528 1316 1560 vitam
1338 1539 1429 1560 suam
1451 1529 1634 1571 regularem
1662 1529 1788 1562 facilius
1809 1535 1905 1573 atque
1925 1542 1980 1564 ex—

1225 1581 1362 1625 peditius
1392 1582 1507 1624 exequi
1532 1587 1559 1614 et
1590 1582 1767 1625 transigere
1795 1583 1928 1627 possint,
1951 1590 1979 1618 et

1223 1641 1348 1669 ceterae
1383 1635 1552 1678 religiosae
1588 1647 1746 1679 personae
1780 1637 1981 1681 Ordinesque

1200 1724 1201 1728 ,
1223 1689 1293 1729 alii,
1317 1690 1464 1733 exemplo
1486 1688 1652 1733 ipsorum,
1677 1690 1895 1733 promptiores
1915 1691 1980 1724 ala-

1223 1743 1410 1786 crioresque
1428 1742 1466 1775 ad
1487 1753 1543 1775 sua
1560 1743 1666 1775 officia
1683 1743 1894 1786 persolvenda
1911 1744 1981 1777 red-

1223 1798 1350 1830 dantur.

1267 1850 1326 1892 §2
1346 1850 1492 1894 Cumque
1509 1851 1602 1883 etiam
1622 1863 1658 1884 ex
1679 1851 1780 1895 ipsius
1800 1851 1891 1885 Sedis
1907 1862 1979 1895 pro-

1223 1905 1341 1938 visione
1371 1915 1407 1937 ae
1436 1899 1576 1947 benigna
1606 1905 1790 1947 dignatione
1807 1905 1978 1949 provenire

1222 1959 1429 2001 dignoscatur
1459 1963 1491 1991 ut
1518 1958 1682 1991 Romanus
1710 1958 1853 1991 Pontifex
1877 1970 1979 2001 quan-

1223 2013 1328 2054 doque
1351 2012 1636 2055 praedecessorum
1657 2022 1790 2045 suorum
1815 2012 1977 2045 Romano-

1226 2076 1295 2098 rum
1317 2065 1510 2098 Pontificum
1527 2071 1614 2108 gesta
1629 2065 1769 2104 innovet,
1792 2076 1828 2098 ac
1844 2065 1978 2099 innova—

1225 2120 1343 2152 tionem
1367 2126 1397 2153 et
1418 2120 1651 2152 revocationem
1669 2125 1840 2160 restauret,
1854 2124 1885 2152 et
1901 2129 1979 2164 apo-

1225 2173 1335 2206 stolica
1356 2173 1546 2207 auctoritate
1568 2174 1716 2206 innovata
1747 2178 1776 2206 et
1803 2178 1980 2206 restaurata

1225 2227 1349 2260 muniat
1369 2233 1399 2261 et
1416 2227 1537 2267 fulciat,
1561 2238 1597 2261 ac
1614 2227 1645 2260 in
1670 2227 1843 2271 pristinum
1864 2232 1980 2260 statum

1225 2287 1361 2325 reponat
1377 2287 1404 2314 et
1423 2281 1567 2320 redueat;
1591 2286 1619 2314 et
1638 2287 1811 2325 propterea
1833 2280 1982 2313 nonnulli

1225 2335 1361 2368 Romani
1386 2335 1557 2368 Pontifices
1582 2334 1848 2379 praedecessores
1881 2333 1983 2367 nostri

1226 2389 1398 2422 nonnullas
1427 2389 1563 2432 gratias,
1604 2388 1842 2427 concessiones,
1874 2388 1983 2420 indul-

1225 2442 1360 2483 gentia&
1383 2447 1591 2486 pcccatorum
1608 2441 1815 2475 remissiones
1826 2467 1834 2481 ‚
1851 2440 1984 2474 absolu-

1227 2491 1340 2531 tiones,
1359 2490 1456 2523 etiam
1476 2490 1650 2534 plenarias,
1661 2490 1837 2530 libertates,
1850 2500 1983 2534 praero-

1226 2539 1362 2582 gativas,
1381 2539 1523 2579 favores,
1546 2539 1786 2579 immunitates,
1805 2539 1984 2583 exemptio-

1227 2600 1296 2629 nes,
1314 2588 1562 2629 declarationes,
1580 2589 1748 2623 facultates
1767 2600 1804 2623 ac
1824 2589 1934 2623 omnia
1953 2593 1986 2622 et

1201 2681 1206 2687 ⁵
1228 2638 1354 2684 singula
1365 2637 1530 2687 privilegia
1539 2643 1572 2672 et
1582 2638 1717 2678 indulta,
1727 2643 1791 2673 tam
1804 2637 1985 2690 spiritualia

2009 1863 2043 1882 tui
2061 1866 2079 1882 et
2098 1862 2144 1882 atis
2165 1867 2175 1881 ε

1995 1893 2097 1912 minaciis
2113 1893 2183 1912 diver-

1996 1925 2012 1944 si
2028 1923 2114 1944 Romani
2127 1923 2182 1943 Pon-

1995 1956 2062 1975 tifices
2086 1954 2184 1981 [duritias

1995 1987 2072 2012 gratias
2092 1991 2183 2006 conres-

1995 2020 2075 2039 serunt.
