2227 3001
245 265 293 291 An.
312 264 338 291 C.
360 264 420 292 ttffit

254 1722 316 1744 Itdofl
336 1725 438 1745 transum-

254 1757 342 1781 plorum.

297 2130 371 2152 rom·
386 2131 443 2152 iun-

259 2163 330 2184 moni.

485 254 548 287 44³2

442 318 542 350 lorem
562 303 707 351 annuum
727 317 890 355 excedant,
908 320 971 348 tam
988 316 1187 349 conferentes

442 381 539 414 quam
559 370 617 411 illi,
640 371 757 414 quibus
777 370 863 413 ipsae
884 369 1072 402 collationes
1096 370 1185 409 fient,

443 424 500 457 etsi
525 435 559 458 ex
586 435 681 458 causa
712 421 955 468 permutationis
980 428 1007 454 et
1046 422 1187 465 resigna-

442 478 539 511 tionis
558 476 743 511 huiusmodi
764 476 852 513 fiant,
879 486 915 508 ae
941 486 1074 508 suorum
1095 481 1123 508 et
1145 476 1189 508 eis

445 542 480 564 ex
501 532 611 565 eadem
633 541 726 563 causa
748 530 939 562 collatorum
955 529 1189 562 beneficiorum

444 584 628 618 huiusmodi
648 585 782 623 fructus,
805 583 948 616 redditus
967 589 997 616 et
1020 589 1191 626 proventus

446 639 628 682 inaequales
643 637 772 677 suerint,
794 636 843 675 id,
866 636 987 668 etiamsi
1008 636 1075 680 ipsa
1102 636 1189 669 inae-

445 691 581 735 qualitas
600 690 707 733 viginti
727 695 866 734 quatuor
892 689 1030 722 florenos
1057 690 1188 729 similes,

446 745 624 778 secundum
640 743 876 777 extimationem
897 743 1104 786 praedictam,
1128 754 1191 776 non

446 798 685 838 transcendant;
712 796 857 830 similiter
882 797 1083 830 conferentes
1099 807 1190 841 prae.-

447 851 521 885 dicti
557 856 588 884 et
622 851 687 891 illi,
720 851 837 894 quibus
870 849 1027 883 beneficia
1064 849 1194 883 maioris

447 904 561 938 valoris
580 903 766 938 huiusmodi
791 904 904 936 collata
926 903 1054 943 suerint,
1077 903 1115 936 de
1135 914 1194 936 no*

447 958 588 992 minibus
611 964 642 992 et
666 957 913 1002 cognominibus
932 967 1145 1001 personarum
1166 962 1194 990 et

447 1011 679 1046 beneficiorum
701 1011 903 1050 eorumdem,
920 1021 957 1044 ac
973 1010 1085 1043 diebus
1101 1011 1195 1043 sacta-

448 1076 520 1098 rum
545 1065 753 1098 collationum
778 1064 962 1098 huiusmodi
986 1069 1114 1107 agentes
1138 1063 1195 1096 Ca-

448 1129 555 1153 merae
565 1118 766 1163 Apostolicae
784 1123 839 1151 aut
855 1117 1044 1151 collectores
1057 1117 1105 1150 rel
1125 1117 1197 1150 sub·
1217 1130 1218 1134 ¹

449 1172 639 1206 collectores
661 1172 846 1211 fructuum,
870 1171 1054 1204 reddituum
1075 1176 1105 1204 et
1127 1181 1198 1214 pro-

448 1231 602 1260 ventuum
636 1225 710 1259 inde
743 1224 893 1258 Gamerae
927 1224 1108 1258 debitorum
1123 1251 1130 1264 ,
1166 1223 1198 1256 in

450 1275 594 1319 partibus
614 1275 676 1308 illis
692 1285 750 1319 pro
766 1281 911 1318 tempore
927 1274 1105 1318 deputatos,
1116 1274 1199 1306 infra

450 1335 565 1364 unum,
587 1324 611 1357 si
632 1325 724 1364 citra3
742 1325 789 1357 vel
811 1323 835 1356 si
856 1323 938 1356 ultra
955 1328 1080 1356 montes
1100 1323 1199 1356 colla-

450 1374 555 1407 tiones
567 1374 653 1417 ipsae
673 1374 773 1406 sactae
789 1373 916 1412 suerint,
937 1372 1019 1404 infra
1035 1378 1097 1404 tres
1113 1382 1199 1404 men-

451 1433 512 1461 ses,
530 1422 616 1455 iuxta
633 1421 787 1466 quasdam
810 1421 998 1454 recolendae
1025 1419 1200 1453 memoriae

451 1471 526 1505 Sixti
548 1471 640 1504 etiam
662 1471 698 1504 tv
719 1476 749 1504 et
768 1470 944 1503 Innocentii
966 1469 1112 1502 similiter
1128 1469 1200 1508 tltl,

451 1521 670 1554 Romanorum
688 1519 880 1553 Pontificum
898 1518 992 1551 etiam
1011 1518 1200 1561 praedeces-

452 1580 561 1603 sorum
571 1575 768 1609 nostrorum‚
781 1578 878 1612 super
894 1568 955 1600 hoc
968 1567 1067 1600 editas
1083 1567 1200 1606 literas,

452 1618 629 1652 certificare
654 1622 846 1662 procurent,
873 1615 1016 1659 alioquin
1046 1615 1201 1649 beneficia

496 1717 510 1760 ἓ
531 1716 583 1750 ⁹28.
607 1716 768 1756 Ceterum,
790 1715 864 1759 quia
885 1715 1012 1748 difficile
1038 1715 1118 1747 soret
1143 1719 1198 1747 etc.

454 1910 541 1950 chas,
564 1908 824 1953 archiepiscopos
847 1913 877 1941 et
897 1907 1064 1951 episcopos
1095 1912 1123 1939 et
1150 1917 1204 1939 co-

453 1968 526 1991 rum
541 1957 715 2003 quemlibet
733 1956 874 1996 creandi,
892 1957 1116 2001 praestabunt,
1135 1956 1206 1989 talis

454 2013 512 2042 est:

500 2064 515 2107 ξ
542 2063 595 2097 29.
618 2064 683 2107 Ego
708 2063 743 2096 N.
769 2063 808 2096 ab
828 2063 890 2096 hoc
914 2068 1006 2096 antea
1044 2061 1146 2095 tidelis
1176 2068 1206 2096 et

456 2115 608 2148 obediens
647 2124 702 2147 ero
742 2113 838 2145 Beato
879 2113 972 2146 Petro
1014 2118 1043 2145 et
1080 2117 1206 2145 sanctae

456 2163 617 2197 Romanae
627 2162 787 2196 Ecclesiae
806 2173 840 2195 ac
866 2162 997 2195 domino
1016 2166 1125 2194 nostro
1149 2161 1206 2194 do-

458 2212 545 2245 mino
557 2212 706 2256 Papae2N.
720 2212 848 2255 suisque
859 2211 1098 2244 successoribus
1110 2221 1206 2243 cano-

458 2262 528 2295 nice
549 2260 751 2294 intrantibus.
769 2261 838 2294 'Non
863 2271 917 2293 ero
935 2260 967 2293 in
984 2259 1116 2293 consilio
1133 2271 1206 2293 cum

459 2311 533 2352 alio,
556 2310 685 2351 auxilio,
705 2321 862 2344 consensu
884 2310 931 2342 vel
954 2310 1036 2342 facto
1054 2315 1087 2342 ut
1112 2310 1206 2342 vitam

460 2361 594 2405 perdant
604 2361 652 2393 vel
667 2360 860 2399 membrum,
872 2364 925 2392 aut
944 2360 1113 2403 capiantur
1125 2360 1208 2392 mala

1033 263 1209 287 BPLLARH'M
1234 262 1381 286 nottANt'M

1230 320 1328 358 geret,
1351 326 1407 348 seu
1427 326 1520 357 grave
1541 316 1693 348 damnum
1714 314 1759 348 illi
1781 314 1974 354 immineret,

1231 365 1308 396 illud
1321 375 1380 408 pro
1401 374 1493 408 posse
1509 375 1580 397 meo
1607 364 1797 409 impediam;
1815 369 1846 397 et
1866 363 1892 396 si
1915 363 1976 396 hoc

1230 413 1386 456 impedire
1402 423 1465 445 non
1482 418 1606 457 potero,
1625 413 1807 457 procurabo
1818 413 1976 446 bonafide

1230 461 1260 494 id
1282 461 1321 494 :id
1341 461 1485 494 notitiam
1506 462 1539 494 D.
1563 461 1598 494 N.
1626 462 1729 506 Papae
1753 462 1900 505 perferri.
1920 461 1978 494 Pa-

1231 516 1341 553 patum
1370 511 1550 543 Romanum
1578 516 1608 543 et
1632 511 1750 553 regalia
1770 511 1875 544 Sancti
1895 511 1980 544 Petri

1232 570 1267 591 ae
1290 559 1359 591 iura
1379 559 1480 603 ipsius
1495 559 1648 592 ecclesiae
1666 560 1858 603 specialiter,
1876 559 1901 592 si
1917 571 1980 603 qua

1232 609 1343 641 eadem
1374 608 1506 641 ecclesia
1533 608 1565 640 in
1590 608 1712 641 civitate
1741 609 1790 641 vel
1816 614 1916 649 terra,
1943 609 1982 642 de

1233 668 1295 701 qua
1325 657 1482 690 oriundus
1510 668 1599 697 sum,
1629 657 1762 698 habeat,
1785 658 1911 691 adiutor
1937 657 1984 691 eis

1234 717 1288 739 ero
1309 707 1346 739 ad
1368 707 1605 740 defendendum
1630 712 1659 740 et
1684 707 1900 748 retinendum,
1927 718 1983 741 seu

1234 755 1329 788 etiam
1353 756 1612 800 recuperandum
1647 762 1758 789 contra
1786 767 1898 790 omnes
1924 757 1983 790 ho-

1236 804 1349 837 mines.
1392 805 1628 838 Tabellionatus
1668 804 1809 838 officium
1848 804 1986 838 fideliter

1236 853 1400 886 exercebo.
1429 853 1630 893 Contractus,
1649 854 1680 887 in
1705 854 1823 898 quibus
1840 853 1984 897 exigetur

1237 912 1412 935 consensus
1436 903 1593 946 partium,
1620 903 1757 936 fideliter
1781 902 1914 942 faciam,
1940 902 1986 936 nil

1237 951 1382 985 addendo
1402 952 1450 985 vel
1470 952 1704 992 imminuendo,
1734 952 1801 985 sine
1825 952 1987 986 voluntate

1238 1000 1396 1043 partium,
1437 1002 1523 1044 quod
1556 1000 1764 1034 substantiam
1804 1006 1988 1036 contractus

1238 1048 1396 1082 immutet.
1417 1049 1447 1082 Si
1467 1061 1554 1089 vero,
1582 1050 1612 1083 in
1634 1049 1834 1083 conficiendo
1858 1049 1988 1094 aliquod

1239 1096 1500 1139 instrumentum,
1523 1098 1619 1131 unius
1643 1098 1742 1131 solius
1762 1097 1862 1142 partis
1881 1097 1920 1131 sit
1938 1107 1989 1131 re-

1239 1145 1394 1189 quirenda
1418 1147 1576 1187 voluntas,
1598 1147 1660 1180 hoc
1681 1147 1788 1191 ipsum
1808 1146 1936 1188 faciam,
1955 1152 1991 1180 ut

1240 1195 1362 1228 scilicet
1381 1195 1425 1227 nil
1445 1196 1559 1228 addam
1579 1196 1626 1229 vel
1651 1195 1795 1228 minuam
1817 1196 1904 1239 quod
1923 1206 1991 1230 mu-

1240 1248 1282 1276 tet
1304 1244 1376 1277 sacti
1398 1243 1618 1285 substantiam3
1637 1250 1747 1277 contra
1763 1243 1864 1289 ipsius
1878 1245 1991 1278 volun-

1241 1298 1336 1325 tatem
1370 1293 1619 1327 instrumentum
1652 1304 1717 1327 non
1751 1293 1920 1327 conficiam
1953 1294 1992 1328 de

1242 1341 1348 1385 aliquo
1370 1343 1594 1383 contractu,in
1615 1353 1678 1387 quo
1691 1343 1789 1376 sciam
1801 1342 1992 1377 intervenire

1243 1401 1297 1423 seu
1329 1391 1526 1425 intercedere
1551 1392 1613 1424 vim
1643 1393 1691 1425 vel
1716 1392 1875 1425 fraudem.
1909 1392 1992 1426 Con-

1220 1451 1221 1454 *
1242 1444 1362 1472 tractus
1387 1440 1418 1473 in
1444 1442 1658 1484 protocollum
1675 1441 1829 1484 redigam,
1856 1445 1888 1474 et
1906 1446 1993 1486 post-

1243 1499 1339 1531 quam
1360 1489 1392 1522 in
1414 1490 1629 1533 protocollum
1649 1491 1815 1533 redegero,
1839 1490 1994 1524 malitiose.

1221 1550 1222 1555 ¹
1243 1537 1475 1577 nondifferam,
1494 1544 1605 1571 contra
1625 1540 1821 1572 voluntatem
1841 1538 1927 1572 illius
1946 1539 1994 1573 vel

1243 1585 1386 1628 illorum,
1401 1587 1494 1620 cuius
1511 1599 1566 1620 seu
1583 1598 1724 1631 quorum
1741 1593 1787 1621 est
1802 1592 1994 1626 contractus,

454 1667 459 1672 ,
557 1667 562 1673 ,
739 1678 744 1684 .
814 1677 821 1683 .
1120 1664 1125 1669 .
1222 1650 1224 1679 ,3
1245 1646 1343 1678 super
1365 1648 1402 1670 eo
1425 1638 1584 1670 conficere
1605 1637 1771 1682 publicum
1798 1637 1995 1670 instrumen-

451 1678 520 1711 1psa
539 1678 584 1701 sic
596 1667 710 1700 collata
727 1677 839 1699 xacaie
858 1671 1050 1698 censeantur
1065 1675 1102 1697 eo
1118 1675 1199 1708 ipso.
1222 1686 1223 1691 ,

1222 1698 1224 1725 ἒ,
1246 1691 1325 1723 tum,
1348 1686 1433 1719 salvo
1454 1697 1526 1720 meo
1546 1687 1630 1720 iusto
1645 1692 1676 1719 et
1691 1692 1844 1720 consueto
1865 1685 1992 1719 salario.

1246 1733 1295 1766 Sic
1318 1746 1367 1767 me
1387 1735 1470 1768 Deus
1490 1735 1616 1768 adiuvet
1647 1742 1677 1768 et
1701 1736 1780 1768 haec
1807 1741 1916 1768 sancta
1940 1735 1995 1769 Dei

767 1810 773 1815 .
931 1808 936 1814 .
1170 1807 1187 1812 ..
1223 1782 1426 1823 tExanuelia.

495 1811 608 1844 Forma
634 1815 741 1843 autem
766 1814 937 1842 iuramenti
967 1808 1054 1852 quod
1074 1812 1201 1847 notarii,
1333 1816 1347 1826 ε

452 1860 639 1894 tabelliones
659 1865 690 1893 et
713 1859 846 1898 iudices,
870 1869 928 1902 per
951 1858 1051 1891 dictos
1067 1857 1203 1901 patriar-
1224 1859 1225 1863 ’

1276 1832 1403 1867 «Datum
1424 1833 1544 1866 Romae
1565 1834 1650 1877 apud
1671 1834 1824 1867 Sanctum
1852 1834 1995 1873 Petrum,

1247 1884 1305 1915 sub
1326 1884 1446 1916 annulo
1466 1883 1648 1924 piscatoris,
1666 1883 1716 1916 die
1736 1893 1767 1916 vi
1784 1883 1895 1927 aprilis
1909 1892 1997 1923 mnu,

1225 1940 1226 1948 ¹
1248 1932 1453 1976 pontificatus
1473 1933 1572 1965 nostri
1594 1943 1678 1966 anno
1698 1943 1730 1966 11.

1304 1985 1428 2015 Uat.d1e
1444 1986 1461 2016 6
1478 1987 1580 2026 apiilis
1604 1987 1688 2023 1551,
1705 1986 1805 2025 pontif.
1822 1995 1898 2016 anno
1911 1995 1942 2016 lt.

1592 2104 1651 2136 XV.

1256 2164 1440 2197 l'z'sz‘tatores
1472 2173 1634 2196 carcerum
1659 2162 1764 2194 almae-
1798 2161 1891 2194 Urbis
1916 2171 2000 2205 pau-

1289 2209 1418 2252 peribus
1438 2208 1610 2241 carceratis
1629 2207 1802 2240 dilationes
1822 2206 1918 2246 dare,
1947 2205 2002 2239 sed

1294 2254 1336 2286 ad
1368 2264 1475 2319 eoricim
1503 2252 1702 2294 fideiussores
1735 2251 1904 2284 extendere
1936 2260 1998 2283 mm

1290 2299 1415 2341 possint
1456 2324 1461 2329 .

1339 2366 1426 2394 tulius
1450 2366 1520 2402 Papa
1544 2365 1589 2396 111.
1614 2366 1691 2392 motu
1716 2363 1836 2399 proprio.
1857 2364 1913 2392 etc.

1993 257 2040 285 Αη.
2059 258 2086 284 C.
2106 258 2166 284 ¹le

460 2410 620 2456 captione3
633 2409 801 2443 consilium
817 2420 891 2442 vero
907 2409 993 2452 quod
1010 2408 1086 2441 mihi
1103 2419 1160 2451 per
1177 2420 1208 2443 se

460 2460 508 2494 vel
523 2460 631 2494 literas
645 2465 699 2493 aut
715 2458 871 2492 nuncium
889 2458 1148 2497 manifestabunt,
1170 2459 1208 2491 ad

462 2519 574 2542 eorum
595 2509 759 2547 damnum,
772 2507 1039 2540 scienternemini
1056 2507 1206 2551 pandam;

463 2559 487 2592 si
502 2569 576 2592 vero
592 2557 631 2591 ad
646 2568 749 2591 meam
766 2556 909 2590 notitiam
926 2556 1045 2599 aliquid
1063 2556 1209 2589 devenire

465 2608 648 2651 contingat,
680 2607 765 2652 quod
795 2606 825 2639 in
861 2605 1042 2649 periculum
1076 2606 1209 2639 Romani

463 2657 626 2693 Pontificis
667 2662 719 2690 aut
759 2656 920 2689 Romanae
951 2655 1110 2688 Ecclesiae
1141 2665 1210 2687 ver-

1294 2426 1372 2459 Cum
1398 2435 1511 2468 nuper,
1542 2434 1577 2456 ex
1614 2421 1857 2455 rationabilibus
1890 2419 2004 2460 causis,
2046 2433 2125 2455 caum
2141 2433 2202 2454 huin·

1251 2474 1508 2521 quibuscumque
1532 2474 1623 2507 Rom.
1646 2472 1759 2506 Curiae
1785 2470 1947 2504 iudicibus
1975 2474 2005 2503 et
2020 2465 2183 2486 ⁶⁰³³¹⁵¹¹¹¹³⁰¹¹'⁸·

1288 2542 1296 2565 t
1313 2539 1460 2567 Facultates
1472 2539 1582 2565 istorum
1597 2538 1761 2563 visitatorum
1773 2535 1851 2562 tradit
1864 2534 1960 2561 Paulus
1970 2534 2004 2561 ΙΙΙ

1252 2581 1277 2606 in
1296 2579 1486 2606 constitutione
1506 2585 1572 2610 an,
1590 2581 1629 2604 Ad
1646 2586 1721 2607 onus,
1739 2584 1812 2611 sup.,
1829 2583 1888 2610 pag.
1902 2575 1965 2608 58u3
1981 2578 2005 2601 et

1259 2621 1291 2646 de
1311 2620 1357 2646 liar
1374 2619 1479 2645 materia
1498 2622 1586 2645 notari
1603 2625 1662 2653 sup.
1680 2616 1705 2642 in
1722 2616 1862 2643 Clementis
1882 2615 1928 2642 vu
1943 2622 2004 2641 con-

1252 2661 1394 2687 stitutione
1414 2665 1472 2686 ΧΠ,
1494 2660 1557 2685 Cum
1574 2666 1605 2683 ecc
1620 2659 1777 2683 vinitorum.
1794 2663 1852 2690 pag.
1874 2655 1918 2681 97.
