2227 3001
62 228 111 255 An.
129 227 159 254 C.
178 228 244 256 1558

61 1563 179 1584 neroniano
193 1564 234 1584 cri-

47 1595 109 1615 mini·
123 1594 218 1615 umbnus.

907 227 1025 251 PAULUS
1058 229 1075 251 V
1096 228 1143 251 PP.

1702 213 1767 248 545

258 280 368 313 literae
399 280 509 312 affixae
540 284 571 312 et
598 279 782 323 publicatae
815 281 945 313 suerunt
973 281 1011 312 ad
1032 282 1036 311 l
1057 281 1098 313 ri.c
1118 281 1300 317 adrentum,
1325 279 1406 312 bene
1427 277 1588 311 institutae
1609 276 1808 319 reipublicae.

257 334 360 366 valvas
387 344 444 366 seu
479 338 587 376 portas
615 334 769 366 ecclesiae
791 334 1012 367 Lateranensis

257 393 287 420 et
298 386 456 430 Principis
472 387 700 430 Apostolorum
718 388 755 420 de
773 388 866 427 l‘rbe,
888 394 919 420 et.
934 388 1012 421 Can-

258 441 406 474 cellariae
427 440 631 483 Apostolicae
664 452 701 474 ac
732 441 764 474 in
798 442 865 474 acie
900 442 1011 486 Campi

257 494 378 534 Florae,
400 499 435 526 ut
455 494 553 527 moris
573 500 636 535 est,
667 495 806 528 dimissis
822 495 922 539 copiis
943 495 1011 527 assi-

257 547 302 580 xis
322 547 354 579 in
374 547 454 580 locis
473 547 574 581 solitis
595 553 626 580 et
650 548 832 587 consuetis,
860 554 890 581 ut
913 548 1012 581 moris

256 605 314 641 est,
338 611 395 644 per
414 610 466 633 me
486 601 642 633 Thomam
664 601 793 644 Rogeri,
819 602 1009 634 sanctissimi

255 653 377 686 domini
393 653 493 686 nostri
508 654 612 697 Papae
635 666 802 687 cursorem
832 660 862 687 et
884 660 1011 688 sanetae

257 706 485 749 lnquisitionis,
516 718 574 751 per
602 718 660 740 nos
679 708 834 741 Thomam
856 709 961 751 Roger
981 713 1011 741 et

255 759 395 792 Medardi
405 760 545 800 Nicolai,
560 760 726 804 praelibati
747 761 937 794 sanctissimi
955 762 1012 794 do-

255 812 334 845 mini
353 813 454 846 nostri
475 813 580 857 Papae
602 825 763 847 cursores.

386 867 520 900 Iacobus
532 867 641 907 Carra,
659 867 811 911 magister
822 879 1006 901 cursorum.

283 919 344 950 Dat.
367 920 414 950 die
432 921 449 950 8
469 922 586 958 augusti
611 922 696 958 1558,
719 921 820 959 pontis.
844 931 920 951 anno
944 931 980 951 lv.

252 1136 374 1170 Contra
386 1127 562 1170 ambientes
573 1141 746 1180 papatum,
765 1140 834 1176 aut,
851 1137 946 1179 Papa
960 1137 1005 1169 vi-

293 1194 385 1223 vente
423 1201 515 1233 eoque
545 1190 742 1228 inconsulto,
772 1193 950 1222 tractantes
970 1190 1007 1222 de

292 1243 436 1286 eliyetzdo
464 1244 573 1285 ficturo
606 1242 788 1284 Ponle'fice,
829 1253 865 1274 ac
895 1240 1028 1275 corum‘

293 1296 459 1338 complices
481 1299 510 1328 et
534 1296 678 1336 finctores
701 1295 725 1326 1.

304 1375 402 1404 Paulus
426 1376 568 1411 episcopus
589 1382 687 1404 servus
714 1383 856 1404 servorum
876 1375 939 1409 Dei,

384 1430 418 1458 ad
438 1430 602 1466 perpetuam
629 1429 671 1458 rei
694 1429 863 1458 memoriam.

291 1503 384 1543 Cum,
408 1502 588 1536 secundum
609 1502 813 1545 Apostolum,
836 1502 1003 1535 1101110110-

247 1556 321 1589 beat
354 1556 411 1589 sibi
433 1557 590 1589 honorem
626 1566 812 1595 assumere,
851 1557 905 1589 sed
934 1556 1001 1600 qni,

248 1614 412 1653 tamquam
433 1610 552 1651 Aaron,
575 1616 708 1643 vocatur
723 1621 740 1642 a
756 1610 832 1650 Deo,
851 1610 943 1643 facile
965 1610 1004 1643 ab
1025 1612 1026 1615 ’

247 1663 398 1696 omnibus
429 1663 566 1696 indicari
601 1668 705 1707 potest
738 1674 835 1707 quam
867 1664 1005 1706 graviter

245 1717 410 1758 excedant,
432 1722 540 1750 errent
568 1722 598 1749 et
623 1722 758 1760 peccent
790 1716 845 1759 qui
866 1722 929 1749 tam
958 1718 1004 1750 in-

246 1770 381 1804 feriores
401 1782 498 1814 quam
535 1771 720 1814 superiores
749 1770 919 1813 dignitates
951 1783 1003 1804 ‹Je-

246 1824 440 1858 clesiasticas
465 1830 496 1857 et
520 1824 622 1869 ipsam
652 1824 792 1867 deniqne
813 1824 896 1858 beati
918 1825 1003 1858 Petri

246 1878 360 1912 Sedem
395 1890 431 1912 ac
458 1878 655 1922 apostolicae
680 1879 844 1922 dignitatis
873 1879 1003 1913 culmen

246 1937 277 1965 et
297 1932 422 1977 apicem
448 1943 466 1965 a
485 1932 550 1965 Deo
571 1931 693 1976 optimo
720 1932 872 1972 maximo,
895 1944 913 1965 a
938 1944 1002 1977 quo

247 1985 356 2019 omnia
370 1986 456 2019 bona
471 1986 664 2030 procedunt,
689 1986 777 2018 nulla
794 1997 928 2030 prorsus
944 1987 1002 2019 1111-

248 2050 342 2073 mana
362 2051 435 2085 ope,
459 2051 518 2073 nec
539 2038 680 2073 cuiusvis
699 2040 832 2080 auxilio,
867 2040 1001 2074 consilio

246 2095 293 2127 vel
321 2094 427 2127 favore
455 2093 704 2131 interveniente,
737 2094 906 2137 provenire
937 2105 1001 2127 non

246 2148 463 2186 arbitrantur,
493 2147 547 2180 sed
576 2147 665 2186 illas,
689 2153 852 2192 tamquam
874 2149 1001 2181 venales

246 2207 302 2235 aut
320 2201 399 2235 alias
419 2202 451 2234 in
477 2201 687 2245 dispositione
714 2202 900 2235 mortalium
922 2213 1000 2235 con-

247 2255 384 2296 stitutas,
407 2256 538 2289 diversis
559 2255 662 2289 modis
683 2261 713 2289 et
743 2256 856 2289 mediis
877 2256 999 2290 ambire

247 2314 278 2342 et
305 2308 433 2353 assequi
463 2319 519 2342 seu
548 2308 656 2354 potins
690 2320 848 2354 usurpare
869 2321 1001 2354 praesu-

246 2367 350 2395 munt.
373 2362 465 2403 Nam,
479 2367 514 2395 ut
524 2362 688 2396 Romanae
708 2368 739 2396 et
760 2363 933 2397 cuiuslibet
953 2365 999 2397 al-

245 2415 358 2456 terius,
390 2421 454 2449 tam
473 2422 547 2449 ante
568 2427 664 2459 quam
695 2422 767 2461 post
794 2417 920 2450 Domini
945 2418 999 2450 Dei

246 2474 277 2502 et
295 2469 522 2513 Redemptoris
542 2470 642 2503 nostri
663 2471 733 2504 lesu
749 2470 864 2503 Christi
886 2471 917 2504 in
933 2476 998 2504 ter·

283 2537 290 2561 1
313 2536 350 2562 De
365 2536 506 2562 simoniaca
528 2540 614 2563 autem
633 2535 719 2572 Papae
734 2537 862 2564 electione
879 2538 960 2564 habes
974 2539 997 2563 in

245 2580 310 2607 lulio
329 2580 360 2610 tt,
379 2581 594 2607 constitutionem
612 2589 639 2613 v,
652 2583 727 2611 Cum.
746 2587 798 2608 tom
817 2585 917 2614 dicim,
931 2588 994 2610 tom⁴

245 2633 270 2654 v,
290 2631 348 2659 pag.
366 2624 427 2651 [105.

322 2668 397 2706 Ball.
414 2668 491 2699 Rom.
513 2669 566 2700 t'ot
591 2669 631 2700 t'l.
840 2671 876 2702 tis)

1055 334 1093 365 de
1111 334 1232 366 ambitu
1254 338 1281 365 et
1299 338 1411 365 contra
1426 330 1566 364 ambitus
1584 340 1656 362 reos
1677 329 1807 362 sanctis-

1055 387 1133 419 sime
1167 387 1388 430 promulgatas
1426 390 1453 417 ct
1490 382 1716 415 inviolabiliter
1750 382 1808 414 ob-

1055 447 1192 473 servatas
1226 440 1311 481 leges
1345 440 1383 472 ad
1412 448 1564 482 praesens
1599 436 1807 472 emittamus,

1054 505 1160 527 nonne
1182 493 1369 526 huiusmodi
1386 491 1572 526 detestabile
1589 490 1728 522 ambitus
1744 500 1809 523 sce-

1054 549 1105 580 lus
1125 548 1221 581 etiam
1238 548 1309 580 inre
1334 547 1439 580 divino
1461 545 1645 587 gravissime
1663 544 1807 587 punitur,

1055 612 1128 632 cum
1150 601 1308 639 Absalon,
1342 600 1397 644 qui
1427 609 1563 640 1001111111
1586 597 1739 641 genitoris
1759 597 1807 630 sni

1054 655 1159 686 adhuc
1179 653 1311 687 viventi>-
1345 652 1524 689 ambiebat,
1560 663 1596 683 ex
1617 651 1718 690 mulo,
1756 650 1807 683 cni

1054 708 1232 747 insederat,
1270 708 1425 745 elevatus,
1460 705 1584 749 capilli>v
1618 704 1731 749 eapitis
1759 704 1808 737 sui

1053 761 1189 805 ‹picrcui
1202 771 1377 804 suspensus
1398 759 1562 799 remansit,
1585 764 1615 791 et
1630 770 1647 791 a
1663 758 1737 791 loab
1753 757 1810 791 tri-

1052 815 1112 847 bus
1124 815 1245 847 10110015
1257 814 1287 846 111
1301 814 1396 847 corde
1409 814 1580 846 transfixus
1595 811 1674 845 snit‘?
1693 811 1806 845 Nonne.

1053 868 1132 900 illud
1153 879 1321 901 sacrorum
1345 867 1559 900 conciliorum
1580 878 1597 898 a
1618 870 1727 899 saneta
1752 865 1808 899 Dei

1052 922 1195 955 Ecclesia
1230 928 1437 965 receptorum
1480 925 1508 954 et
1552 920 1806 965 approbatorum

1052 976 1226 1009 auctoritas·
1255 975 1467 1009 diversimode
1493 975 1669 1009 detestatur
1689 980 1719 1008 et
1743 987 1806 1020 pu-

1051 1030 1107 1069 nit,
1136 1041 1209 1063 cum
1231 1041 1471 1073 quemeumque
1501 1030 1726 1074 presbyterum
1753 1036 1805 1063 aut

1050 1083 1223 1117 diaconum
1245 1095 1300 1116 seu
1322 1083 1490 1124 clericum,
1518 1084 1585 1126 qui,
1614 1084 1699 1128 Papa
1715 1084 1806 1118 inco—

1049 1137 1130 1170 lumi
1161 1142 1191 1170 01
1220 1148 1257 1169 eo
1292 1137 1496 1177 inconsulto,
1530 1138 1801 1182 subscriptionem

1049 1202 1107 1234 pro
1128 1191 1273 1224 Romano
1295 1191 1484 1234 pontificatu
1507 1191 1726 1234 cmnmodare,
1748 1198 1801 1225 ant

1049 1244 1179 1288 pictatia
1215 1244 1403 1288 [110111111010
1420 1271 1427 1283 ,
1473 1255 1529 1277 seu
1564 1251 1800 1279 sacramentum

1048 1298 1204 1341 praebere
1225 1298 1408 1338 tentaverit,
1444 1303 1495 1330 aut
1526 1298 1658 1342 aliquod
1688 1299 1805 1333 suffra-

1048 1352 1136 1395 gium
1157 1352 1316 1395 polliceri,
1339 1352 1387 1385 vel
1408 1352 1522 1385 dehac
1542 1363 1651 1393 causa,
1675 1353 1805 1396 privatis

1049 1405 1280 1438 conventiculis
1301 1405 1410 1445 tactis,
1432 1405 1554 1450 aliquid
1575 1405 1753 1439 deliberare
1775 1413 1806 1439 et,

1047 1459 1223 1492 decernere
1246 1459 1520 1502 praesumpserit,
1543 1459 1604 1492 loci
1626 1459 1674 1493 5111
1699 1459 1803 1503 digni-

1025 1550 1027 1557 ,
1048 1518 1109 1545 tate
1140 1518 1169 1545 et
1191 1513 1421 1546 communione
1443 1513 1647 1557 privandum,
1672 1515 1801 1548 anathe<

1048 1567 1205 1610 malisque
1236 1578 1339 1610 poena
1368 1567 1574 1610 plectendum
1601 1573 1742 1608 eenseat3
1773 1575 1800 1601 et

1047 1626 1180 1665 propter
1201 1622 1345 1653 occultas
1374 1621 1502 1653 fraudes
1539 1627 1567 1653 et
1604 1621 1802 1656 coniuratio-

1047 1685 1125 1706 num
1150 1673 1339 1707 huiusmodi
1361 1679 1500 1707 secretas
1520 1674 1663 1715 insidias,
1680 1676 1704 1708 si
1716 1676 1801 1720 quiS,

1046 1728 1162 1761 harum
1183 1728 1347 1762 actionum
1374 1729 1552 1773 particeps,
1588 1729 1722 1763 consilia
1752 1741 1804 1764 eo-

1046 1793 1132 1822 rum,
1155 1782 1210 1826 qui
1231 1782 1270 1815 de
1291 1781 1468 1826 pontificali
1486 1787 1585 1825 agunt
1604 1783 1740 1824 ambitu,
1763 1786 1802 1817 ad

1046 1835 1190 1869 notitiam
1213 1836 1375 1869 Ecclesiae
1396 1837 1535 1877 delerat,
1563 1842 1594 1869 et
1617 1837 1800 1872 rationabili

1047 1890 1236 1933 probatione
1257 1890 1438 1930 convincat,
1462 1901 1537 1923 eum
1553 1901 1618 1923 11011
1640 1891 1744 1924 solum
1762 1892 1800 1925 ab

1045 1944 1133 1977 0111111
1155 1945 1250 1987 culpa
1272 1949 1446 1989 purgatum
1467 1955 1657 1986 remanere,
1689 1956 1799 1979 verum

1045 1997 1140 2030 etiam
1161 1997 1423 2031 remuneratione
1446 2009 1511 2031 non
1541 1998 1672 2042 indigna
1692 2000 1800 2033 suble-

1045 2052 1110 2084 vari
1131 2052 1206 2085 velit
1225 2057 1255 2085 et
1275 2057 1409 2093 statuat,
1429 2057 1457 2085 et
1479 2052 1593 2086 exinde
1614 2064 1678 2087 non
1704 2055 1800 2087 1110110

1045 2116 1211 2138 sacrorum
1237 2116 1419 2146 canonum,
1453 2106 1507 2139 sed
1532 2106 1627 2139 etiam
1658 2109 1801 2141 saecula-

1044 2158 1129 2191 rium
1168 2160 1276 2202 legum
1312 2159 1504 2203 interpretes
1539 2160 1723 2203 peritissimi
1771 2167 1799 2194 et

1044 2212 1275 2255 probatissimi,
1299 2212 1477 2245 ambientes
1498 2219 1652 2257 papatum
1673 2220 1728 2248 aut
1745 2226 1798 2247 tn>

1043 2276 1102 2309 per
1117 2276 1167 2306 eo,
1191 2266 1275 2310 Papa
1297 2266 1419 2299 vivente
1444 2272 1472 2299 et
1494 2267 1699 2309 inconsulto,
1733 2275 1797 2302 tra-

1043 2324 1177 2360 ctantes,
1201 2331 1256 2353 seu
1280 2321 1519 2354 conventiculas
1548 2322 1717 2364 facientes,
1735 2323 1797 2357 cri-

1042 2384 1117 2407 men
1138 2375 1223 2407 lesae
1251 2374 1425 2408 maiestatis
1445 2376 1476 2408 in
1506 2376 1610 2419 primo
1639 2378 1741 2421 capite
1768 2384 1799 2411 et

1042 2427 1237 2460 simoniacae
1267 2428 1436 2461 haereseos
1457 2429 1625 2463 incurrere
1646 2431 1796 2465 decreve-

1042 2476 1118 2517 rint,
1155 2487 1219 2510 non
1252 2477 1319 2509 sine
1350 2478 1435 2511 clara
1462 2483 1489 2511 et
1512 2484 1622 2523 aperta
1653 2480 1793 2521 ratione,

1041 2537 1115 2558 cum
1138 2526 1242 2559 omnis
1272 2532 1424 2560 tractatus
1455 2528 1493 2560 de
1523 2529 1613 2568 loco,
1642 2529 1794 2572 dignitate

1041 2581 1071 2608 et
1091 2575 1176 2608 bono
1201 2575 1339 2610 alicuius
1366 2576 1514 2617 viventis,
1551 2588 1588 2610 eo
1623 2589 1686 2611 non
1715 2590 1793 2614 con-

1041 2624 1208 2666 sentiente,
1233 2625 1271 2657 ab
1293 2632 1432 2671 utroquo
1444 2627 1514 2660 inre
1527 2627 1750 2671 prohibeatur,
1763 2634 1804 2668 ets

1826 222 1875 248 An.
1893 220 1923 247 C.
1941 218 2011 246 ¹538
