<?xml version="1.0" encoding="UTF-8"?>
<!DOCTYPE html PUBLIC "-//W3C//DTD XHTML 1.0 Transitional//EN"
    "http://www.w3.org/TR/xhtml1/DTD/xhtml1-transitional.dtd">
<html xmlns="http://www.w3.org/1999/xhtml" xml:lang="en" lang="en">
 <head>
  <title>
</title>
<meta http-equiv="Content-Type" content="text/html;charset=utf-8" />
  <meta name='ocr-system' content='tesseract 3.04.00' />
  <meta name='ocr-capabilities' content='ocr_page ocr_carea ocr_par ocr_line ocrx_word'/>
</head>
<body>
  <div class='ocr_page' id='page_1' title='image "./bullarumdiplomat06cath_0403.png"; bbox 0 0 2227 3001; ppageno 0'>
   <div class='ocr_carea' id='block_1_1' title="bbox 126 268 308 299">
    <p class='ocr_par' dir='ltr' id='par_1_1' title="bbox 126 268 308 299">
     <span class='ocr_line' id='line_1_1' title="bbox 126 268 308 299; baseline 0.011 -2"><span class='ocrx_word' id='word_1_1' title='bbox 126 269 176 297; x_wconf 75' lang='lat' dir='ltr'>An.</span> <span class='ocrx_word' id='word_1_2' title='bbox 198 271 225 297; x_wconf 79' lang='lat' dir='ltr'>C.</span> <span class='ocrx_word' id='word_1_3' title='bbox 242 268 308 299; x_wconf 67' lang='lat'>15215</span> 
     </span>
    </p>
   </div>
   <div class='ocr_carea' id='block_1_2' title="bbox 117 1023 302 1206">
    <p class='ocr_par' dir='ltr' id='par_1_2' title="bbox 117 1023 302 1206">
     <span class='ocr_line' id='line_1_2' title="bbox 131 1023 300 1051; baseline 0 -7"><span class='ocrx_word' id='word_1_4' title='bbox 131 1023 227 1044; x_wconf 66' lang='lat' dir='ltr'>Cui-olum</span> <span class='ocrx_word' id='word_1_5' title='bbox 251 1025 300 1051; x_wconf 85' lang='lat' dir='ltr'>imp.</span> 
     </span>
     <span class='ocr_line' id='line_1_3' title="bbox 118 1054 302 1076; baseline 0.005 -1"><span class='ocrx_word' id='word_1_6' title='bbox 118 1059 141 1076; x_wconf 78' lang='grc' dir='ltr'>οι</span> <span class='ocrx_word' id='word_1_7' title='bbox 166 1054 302 1076; x_wconf 80' lang='lat' dir='ltr'>Franciscum</span> 
     </span>
     <span class='ocr_line' id='line_1_4' title="bbox 117 1085 302 1113; baseline 0.005 -7"><span class='ocrx_word' id='word_1_8' title='bbox 117 1085 191 1106; x_wconf 74' lang='lat' dir='ltr'>runc.</span> <span class='ocrx_word' id='word_1_9' title='bbox 222 1092 302 1113; x_wconf 71' lang='lat' dir='ltr'>regere,</span> 
     </span>
     <span class='ocr_line' id='line_1_5' title="bbox 117 1118 302 1138; baseline 0.011 -2"><span class='ocrx_word' id='word_1_10' title='bbox 117 1118 186 1137; x_wconf 75' lang='lat' dir='ltr'>missis</span> <span class='ocrx_word' id='word_1_11' title='bbox 194 1119 217 1137; x_wconf 71' lang='lat' dir='ltr'>ad</span> <span class='ocrx_word' id='word_1_12' title='bbox 229 1118 302 1138; x_wconf 70' lang='lat' dir='ltr'>cosle-</span> 
     </span>
     <span class='ocr_line' id='line_1_6' title="bbox 117 1149 300 1173; baseline 0 -5"><span class='ocrx_word' id='word_1_13' title='bbox 117 1149 179 1173; x_wconf 69' lang='lat' dir='ltr'>gaus,</span> <span class='ocrx_word' id='word_1_14' title='bbox 196 1149 300 1168; x_wconf 64' lang='lat' dir='ltr'>horr-mm</span> 
     </span>
     <span class='ocr_line' id='line_1_7' title="bbox 118 1180 300 1206; baseline -0.005 -6"><span class='ocrx_word' id='word_1_15' title='bbox 118 1185 167 1200; x_wconf 81' lang='lat' dir='ltr'>esse</span> <span class='ocrx_word' id='word_1_16' title='bbox 177 1180 202 1199; x_wconf 80' lang='lat' dir='ltr'>ad</span> <span class='ocrx_word' id='word_1_17' title='bbox 219 1185 300 1206; x_wconf 79' lang='lat' dir='ltr'>paceni;</span> 
     </span>
    </p>
   </div>
   <div class='ocr_carea' id='block_1_3' title="bbox 113 2161 300 2313">
    <p class='ocr_par' dir='ltr' id='par_1_3' title="bbox 128 2161 299 2190">
     <span class='ocr_line' id='line_1_8' title="bbox 128 2161 299 2190; baseline 0.012 -8"><span class='ocrx_word' id='word_1_18' title='bbox 128 2161 212 2184; x_wconf 69' lang='lat' dir='ltr'>ussisse</span> <span class='ocrx_word' id='word_1_19' title='bbox 245 2169 299 2190; x_wconf 84' lang='lat' dir='ltr'>quo-</span> 
     </span>
    </p>

    <p class='ocr_par' dir='ltr' id='par_1_4' title="bbox 113 2193 300 2313">
     <span class='ocr_line' id='line_1_9' title="bbox 113 2193 299 2221; baseline 0.005 -8"><span class='ocrx_word' id='word_1_20' title='bbox 113 2198 153 2221; x_wconf 75' lang='lat' dir='ltr'>que</span> <span class='ocrx_word' id='word_1_21' title='bbox 164 2193 244 2219; x_wconf 74' lang='lat' dir='ltr'>legatos</span> <span class='ocrx_word' id='word_1_22' title='bbox 253 2193 299 2214; x_wconf 80' lang='lat' dir='ltr'>Tri-</span> 
     </span>
     <span class='ocr_line' id='line_1_10' title="bbox 113 2225 300 2251; baseline 0.005 -7"><span class='ocrx_word' id='word_1_23' title='bbox 113 2225 198 2244; x_wconf 76' lang='lat' dir='ltr'>dentum</span> <span class='ocrx_word' id='word_1_24' title='bbox 208 2225 241 2251; x_wconf 80' lang='lat' dir='ltr'>qui</span> <span class='ocrx_word' id='word_1_25' title='bbox 249 2230 300 2245; x_wconf 82' lang='lat' dir='ltr'>con-</span> 
     </span>
     <span class='ocr_line' id='line_1_11' title="bbox 113 2256 299 2283; baseline 0 -6"><span class='ocrx_word' id='word_1_26' title='bbox 113 2256 163 2277; x_wconf 77' lang='lat' dir='ltr'>citio</span> <span class='ocrx_word' id='word_1_27' title='bbox 187 2257 299 2283; x_wconf 75' lang='lat' dir='ltr'>praeside-</span> 
     </span>
     <span class='ocr_line' id='line_1_12' title="bbox 113 2291 169 2313; baseline -0.018 -5"><span class='ocrx_word' id='word_1_28' title='bbox 113 2291 169 2313; x_wconf 57' lang='lat' dir='ltr'>tenu</span> 
     </span>
    </p>
   </div>
   <div class='ocr_carea' id='block_1_4' title="bbox 970 270 1217 294">
    <p class='ocr_par' dir='ltr' id='par_1_5' title="bbox 970 270 1217 294">
     <span class='ocr_line' id='line_1_13' title="bbox 970 270 1217 294; baseline -0.004 -1"><span class='ocrx_word' id='word_1_29' title='bbox 970 270 1087 294; x_wconf 23' lang='lat' dir='ltr'>rrtt‘Lt‘s</span> <span class='ocrx_word' id='word_1_30' title='bbox 1113 272 1146 294; x_wconf 80' lang='lat' dir='ltr'>lil</span> <span class='ocrx_word' id='word_1_31' title='bbox 1172 270 1217 293; x_wconf 62' lang='grc' dir='ltr'>ΡΙ).</span> 
     </span>
    </p>
   </div>
   <div class='ocr_carea' id='block_1_5' title="bbox 314 321 1077 1950">
    <p class='ocr_par' dir='ltr' id='par_1_6' title="bbox 317 321 1077 951">
     <span class='ocr_line' id='line_1_14' title="bbox 322 321 1076 368; baseline -0.003 -11"><span class='ocrx_word' id='word_1_32' title='bbox 322 334 494 368; x_wconf 79' lang='lat' dir='ltr'>personam</span> <span class='ocrx_word' id='word_1_33' title='bbox 524 321 678 367; x_wconf 89' lang='lat' dir='ltr'>principis</span> <span class='ocrx_word' id='word_1_34' title='bbox 712 322 761 356; x_wconf 89' lang='lat' dir='ltr'>sui</span> <span class='ocrx_word' id='word_1_35' title='bbox 790 329 818 356; x_wconf 86' lang='lat' dir='ltr'>et</span> <span class='ocrx_word' id='word_1_36' title='bbox 853 323 1024 368; x_wconf 85' lang='lat' dir='ltr'>prudentia</span> <span class='ocrx_word' id='word_1_37' title='bbox 1049 330 1076 356; x_wconf 88' lang='lat' dir='ltr'>et</span> 
     </span>
     <span class='ocr_line' id='line_1_15' title="bbox 322 375 1077 421; baseline -0.001 -11"><span class='ocrx_word' id='word_1_38' title='bbox 322 377 475 420; x_wconf 73' lang='lat' dir='ltr'>dignitate</span> <span class='ocrx_word' id='word_1_39' title='bbox 495 381 623 421; x_wconf 77' lang='lat' dir='ltr'>possent</span> <span class='ocrx_word' id='word_1_40' title='bbox 645 376 678 408; x_wconf 92' lang='lat' dir='ltr'>in</span> <span class='ocrx_word' id='word_1_41' title='bbox 695 375 833 409; x_wconf 90' lang='lat' dir='ltr'>concilio</span> <span class='ocrx_word' id='word_1_42' title='bbox 855 377 986 417; x_wconf 84' lang='lat' dir='ltr'>referre,</span> <span class='ocrx_word' id='word_1_43' title='bbox 1003 376 1077 409; x_wconf 90' lang='lat' dir='ltr'>mit-</span> 
     </span>
     <span class='ocr_line' id='line_1_16' title="bbox 321 429 1077 474; baseline 0 -11"><span class='ocrx_word' id='word_1_44' title='bbox 321 435 444 470; x_wconf 86' lang='lat' dir='ltr'>terent,</span> <span class='ocrx_word' id='word_1_45' title='bbox 466 435 682 474; x_wconf 86' lang='lat' dir='ltr'>curarentque</span> <span class='ocrx_word' id='word_1_46' title='bbox 708 436 740 463; x_wconf 91' lang='lat' dir='ltr'>ut</span> <span class='ocrx_word' id='word_1_47' title='bbox 770 441 805 464; x_wconf 79' lang='lat' dir='ltr'>ex</span> <span class='ocrx_word' id='word_1_48' title='bbox 826 429 891 463; x_wconf 86' lang='lat' dir='ltr'>suis</span> <span class='ocrx_word' id='word_1_49' title='bbox 921 430 1077 473; x_wconf 81' lang='lat' dir='ltr'>cuiusque</span> 
     </span>
     <span class='ocr_line' id='line_1_17' title="bbox 322 483 1077 528; baseline -0.003 -11"><span class='ocrx_word' id='word_1_50' title='bbox 322 483 428 527; x_wconf 82' lang='lat' dir='ltr'>regnis</span> <span class='ocrx_word' id='word_1_51' title='bbox 443 489 472 516; x_wconf 89' lang='lat' dir='ltr'>et</span> <span class='ocrx_word' id='word_1_52' title='bbox 493 483 667 527; x_wconf 73' lang='lat' dir='ltr'>provinciis</span> <span class='ocrx_word' id='word_1_53' title='bbox 687 483 830 528; x_wconf 79' lang='lat' dir='ltr'>episcopi</span> <span class='ocrx_word' id='word_1_54' title='bbox 865 490 895 517; x_wconf 89' lang='lat' dir='ltr'>et</span> <span class='ocrx_word' id='word_1_55' title='bbox 924 484 1077 528; x_wconf 64' lang='lat' dir='ltr'>praelati,</span> 
     </span>
     <span class='ocr_line' id='line_1_18' title="bbox 320 537 1075 580; baseline 0 -11"><span class='ocrx_word' id='word_1_56' title='bbox 320 537 387 570; x_wconf 84' lang='lat' dir='ltr'>sine</span> <span class='ocrx_word' id='word_1_57' title='bbox 407 537 669 580; x_wconf 71' lang='lat' dir='ltr'>tergiversatione</span> <span class='ocrx_word' id='word_1_58' title='bbox 685 542 715 570; x_wconf 88' lang='lat' dir='ltr'>et</span> <span class='ocrx_word' id='word_1_59' title='bbox 732 548 832 577; x_wconf 86' lang='lat' dir='ltr'>mora,</span> <span class='ocrx_word' id='word_1_60' title='bbox 845 538 884 570; x_wconf 91' lang='lat' dir='ltr'>ad</span> <span class='ocrx_word' id='word_1_61' title='bbox 901 538 1075 571; x_wconf 87' lang='lat' dir='ltr'>concilium</span> 
     </span>
     <span class='ocr_line' id='line_1_19' title="bbox 319 590 1077 635; baseline -0.001 -12"><span class='ocrx_word' id='word_1_62' title='bbox 319 590 623 635; x_wconf 85' lang='lat' dir='ltr'>proficiscerentur,</span> <span class='ocrx_word' id='word_1_63' title='bbox 643 591 826 634; x_wconf 73' lang='lat' dir='ltr'>rogavimus</span> <span class='ocrx_word' id='word_1_64' title='bbox 847 597 874 624; x_wconf 91' lang='lat' dir='ltr'>et</span> <span class='ocrx_word' id='word_1_65' title='bbox 897 591 1077 624; x_wconf 77' lang='lat' dir='ltr'>obsecravi-</span> 
     </span>
     <span class='ocr_line' id='line_1_20' title="bbox 319 645 1077 687; baseline 0.001 -11"><span class='ocrx_word' id='word_1_66' title='bbox 319 654 408 684; x_wconf 87' lang='lat' dir='ltr'>mus,</span> <span class='ocrx_word' id='word_1_67' title='bbox 432 649 598 687; x_wconf 74' lang='lat' dir='ltr'>sperantes</span> <span class='ocrx_word' id='word_1_68' title='bbox 618 645 821 678; x_wconf 81' lang='lat' dir='ltr'>oecumenici</span> <span class='ocrx_word' id='word_1_69' title='bbox 842 645 970 678; x_wconf 85' lang='lat' dir='ltr'>concilii</span> <span class='ocrx_word' id='word_1_70' title='bbox 992 646 1077 678; x_wconf 86' lang='lat' dir='ltr'>celc-</span> 
     </span>
     <span class='ocr_line' id='line_1_21' title="bbox 318 696 1076 742; baseline -0.001 -12"><span class='ocrx_word' id='word_1_71' title='bbox 318 696 499 730; x_wconf 86' lang='lat' dir='ltr'>brationem</span> <span class='ocrx_word' id='word_1_72' title='bbox 522 697 726 739; x_wconf 89' lang='lat' dir='ltr'>huiusmodi,</span> <span class='ocrx_word' id='word_1_73' title='bbox 748 699 785 731; x_wconf 83' lang='lat' dir='ltr'>ad</span> <span class='ocrx_word' id='word_1_74' title='bbox 807 709 903 742; x_wconf 88' lang='lat' dir='ltr'>quam</span> <span class='ocrx_word' id='word_1_75' title='bbox 929 709 988 742; x_wconf 91' lang='lat' dir='ltr'>pro</span> <span class='ocrx_word' id='word_1_76' title='bbox 1009 698 1076 741; x_wconf 79' lang='lat' dir='ltr'>agri</span> 
     </span>
     <span class='ocr_line' id='line_1_22' title="bbox 318 750 1076 796; baseline 0.001 -13"><span class='ocrx_word' id='word_1_77' title='bbox 318 750 472 785; x_wconf 89' lang='lat' dir='ltr'>dominici</span> <span class='ocrx_word' id='word_1_78' title='bbox 492 751 685 796; x_wconf 80' lang='lat' dir='ltr'>purgatione</span> <span class='ocrx_word' id='word_1_79' title='bbox 706 763 800 796; x_wconf 85' lang='lat' dir='ltr'>saepe</span> <span class='ocrx_word' id='word_1_80' title='bbox 812 758 904 785; x_wconf 89' lang='lat' dir='ltr'>antea</span> <span class='ocrx_word' id='word_1_81' title='bbox 916 751 1076 791; x_wconf 78' lang='lat' dir='ltr'>devenire,</span> 
     </span>
     <span class='ocr_line' id='line_1_23' title="bbox 317 804 1076 848; baseline -0.001 -12"><span class='ocrx_word' id='word_1_82' title='bbox 317 808 352 836; x_wconf 87' lang='lat' dir='ltr'>ut</span> <span class='ocrx_word' id='word_1_83' title='bbox 378 804 575 848; x_wconf 85' lang='lat' dir='ltr'>praefertur,</span> <span class='ocrx_word' id='word_1_84' title='bbox 604 805 723 837; x_wconf 86' lang='lat' dir='ltr'>frustra</span> <span class='ocrx_word' id='word_1_85' title='bbox 745 804 850 838; x_wconf 87' lang='lat' dir='ltr'>eonati</span> <span class='ocrx_word' id='word_1_86' title='bbox 875 815 1021 844; x_wconf 84' lang='lat' dir='ltr'>eramus,</span> <span class='ocrx_word' id='word_1_87' title='bbox 1039 815 1076 836; x_wconf 81' lang='lat' dir='ltr'>eo</span> 
     </span>
     <span class='ocr_line' id='line_1_24' title="bbox 318 857 1075 902; baseline 0 -12"><span class='ocrx_word' id='word_1_88' title='bbox 318 857 430 890; x_wconf 78' lang='lat' dir='ltr'>saltem</span> <span class='ocrx_word' id='word_1_89' title='bbox 458 864 616 902; x_wconf 84' lang='lat' dir='ltr'>tempore,</span> <span class='ocrx_word' id='word_1_90' title='bbox 645 858 699 891; x_wconf 88' lang='lat' dir='ltr'>Dei</span> <span class='ocrx_word' id='word_1_91' title='bbox 720 858 919 902; x_wconf 76' lang='lat' dir='ltr'>benignitate</span> <span class='ocrx_word' id='word_1_92' title='bbox 948 869 984 890; x_wconf 89' lang='lat' dir='ltr'>ac</span> <span class='ocrx_word' id='word_1_93' title='bbox 1011 858 1075 890; x_wconf 90' lang='lat' dir='ltr'>cle-</span> 
     </span>
     <span class='ocr_line' id='line_1_25' title="bbox 318 911 948 951; baseline 0 -8"><span class='ocrx_word' id='word_1_94' title='bbox 318 911 447 951; x_wconf 80' lang='lat' dir='ltr'>mentia,</span> <span class='ocrx_word' id='word_1_95' title='bbox 468 911 601 945; x_wconf 89' lang='lat' dir='ltr'>omnino</span> <span class='ocrx_word' id='word_1_96' title='bbox 623 923 846 945; x_wconf 76' lang='lat' dir='ltr'>successuram</span> <span class='ocrx_word' id='word_1_97' title='bbox 868 922 948 944; x_wconf 86' lang='lat' dir='ltr'>esse.</span> 
     </span>
    </p>

    <p class='ocr_par' dir='ltr' id='par_1_7' title="bbox 314 965 1076 1950">
     <span class='ocr_line' id='line_1_26' title="bbox 361 965 1075 1009; baseline -0.003 -11"><span class='ocrx_word' id='word_1_98' title='bbox 361 965 376 1008; x_wconf 64' lang='lat' dir='ltr'>g</span> <span class='ocrx_word' id='word_1_99' title='bbox 404 965 435 998; x_wconf 75' lang='lat'>⁶2.</span> <span class='ocrx_word' id='word_1_100' title='bbox 464 965 641 1009; x_wconf 85' lang='lat' dir='ltr'>Literisque</span> <span class='ocrx_word' id='word_1_101' title='bbox 670 966 787 999; x_wconf 85' lang='lat' dir='ltr'>nostris</span> <span class='ocrx_word' id='word_1_102' title='bbox 814 965 986 1008; x_wconf 83' lang='lat' dir='ltr'>praedictis</span> <span class='ocrx_word' id='word_1_103' title='bbox 1013 976 1075 1008; x_wconf 89' lang='lat' dir='ltr'>pu-</span> 
     </span>
     <span class='ocr_line' id='line_1_27' title="bbox 315 1017 1076 1062; baseline -0.001 -12"><span class='ocrx_word' id='word_1_104' title='bbox 315 1017 453 1057; x_wconf 82' lang='lat' dir='ltr'>blicatis,</span> <span class='ocrx_word' id='word_1_105' title='bbox 477 1029 564 1059; x_wconf 87' lang='lat' dir='ltr'>cum,</span> <span class='ocrx_word' id='word_1_106' title='bbox 587 1023 758 1062; x_wconf 77' lang='lat' dir='ltr'>postquam</span> <span class='ocrx_word' id='word_1_107' title='bbox 784 1018 922 1050; x_wconf 79' lang='lat' dir='ltr'>nuncios</span> <span class='ocrx_word' id='word_1_108' title='bbox 949 1022 1076 1049; x_wconf 86' lang='lat' dir='ltr'>nostros</span> 
     </span>
     <span class='ocr_line' id='line_1_28' title="bbox 317 1070 1075 1115; baseline -0.004 -11"><span class='ocrx_word' id='word_1_109' title='bbox 317 1071 476 1114; x_wconf 78' lang='lat' dir='ltr'>speciales</span> <span class='ocrx_word' id='word_1_110' title='bbox 497 1082 556 1115; x_wconf 90' lang='lat' dir='ltr'>pro</span> <span class='ocrx_word' id='word_1_111' title='bbox 578 1082 656 1115; x_wconf 87' lang='lat' dir='ltr'>pace</span> <span class='ocrx_word' id='word_1_112' title='bbox 678 1071 761 1104; x_wconf 86' lang='lat' dir='ltr'>inter</span> <span class='ocrx_word' id='word_1_113' title='bbox 785 1071 888 1103; x_wconf 86' lang='lat' dir='ltr'>dictos</span> <span class='ocrx_word' id='word_1_114' title='bbox 912 1070 1075 1114; x_wconf 74' lang='lat' dir='ltr'>principes</span> 
     </span>
     <span class='ocr_line' id='line_1_29' title="bbox 318 1123 1074 1163; baseline -0.003 -6"><span class='ocrx_word' id='word_1_115' title='bbox 318 1125 483 1158; x_wconf 79' lang='lat' dir='ltr'>tractanda</span> <span class='ocrx_word' id='word_1_116' title='bbox 503 1125 791 1163; x_wconf 75' lang='lat' dir='ltr'>destinaveramus,</span> <span class='ocrx_word' id='word_1_117' title='bbox 815 1123 888 1156; x_wconf 87' lang='lat' dir='ltr'>odia</span> <span class='ocrx_word' id='word_1_118' title='bbox 909 1128 939 1156; x_wconf 88' lang='lat' dir='ltr'>et</span> <span class='ocrx_word' id='word_1_119' title='bbox 959 1123 1074 1156; x_wconf 87' lang='lat' dir='ltr'>simul-</span> 
     </span>
     <span class='ocr_line' id='line_1_30' title="bbox 316 1177 1073 1222; baseline -0.003 -11"><span class='ocrx_word' id='word_1_120' title='bbox 316 1183 395 1211; x_wconf 80' lang='lat' dir='ltr'>tates</span> <span class='ocrx_word' id='word_1_121' title='bbox 410 1178 494 1211; x_wconf 87' lang='lat' dir='ltr'>inter</span> <span class='ocrx_word' id='word_1_122' title='bbox 503 1178 633 1211; x_wconf 85' lang='lat' dir='ltr'>eosdem</span> <span class='ocrx_word' id='word_1_123' title='bbox 650 1178 814 1222; x_wconf 80' lang='lat' dir='ltr'>principes</span> <span class='ocrx_word' id='word_1_124' title='bbox 826 1177 948 1219; x_wconf 73' lang='lat' dir='ltr'>augeri,</span> <span class='ocrx_word' id='word_1_125' title='bbox 965 1182 995 1210; x_wconf 86' lang='lat' dir='ltr'>et</span> <span class='ocrx_word' id='word_1_126' title='bbox 1011 1177 1073 1209; x_wconf 89' lang='lat' dir='ltr'>iam</span> 
     </span>
     <span class='ocr_line' id='line_1_31' title="bbox 315 1230 1072 1274; baseline -0.003 -10"><span class='ocrx_word' id='word_1_127' title='bbox 315 1242 390 1264; x_wconf 88' lang='lat' dir='ltr'>cum</span> <span class='ocrx_word' id='word_1_128' title='bbox 419 1232 458 1263; x_wconf 93' lang='lat' dir='ltr'>ab</span> <span class='ocrx_word' id='word_1_129' title='bbox 486 1242 685 1274; x_wconf 88' lang='lat' dir='ltr'>unoquoque</span> <span class='ocrx_word' id='word_1_130' title='bbox 715 1241 829 1264; x_wconf 89' lang='lat' dir='ltr'>eorum</span> <span class='ocrx_word' id='word_1_131' title='bbox 855 1241 915 1274; x_wconf 90' lang='lat' dir='ltr'>per</span> <span class='ocrx_word' id='word_1_132' title='bbox 936 1230 1072 1263; x_wconf 89' lang='lat' dir='ltr'>alterum</span> 
     </span>
     <span class='ocr_line' id='line_1_32' title="bbox 315 1283 1074 1317; baseline 0 -1"><span class='ocrx_word' id='word_1_133' title='bbox 315 1284 353 1316; x_wconf 90' lang='lat' dir='ltr'>ab</span> <span class='ocrx_word' id='word_1_134' title='bbox 374 1284 513 1317; x_wconf 88' lang='lat' dir='ltr'>induciis</span> <span class='ocrx_word' id='word_1_135' title='bbox 533 1288 643 1317; x_wconf 87' lang='lat' dir='ltr'>nostro</span> <span class='ocrx_word' id='word_1_136' title='bbox 664 1283 845 1316; x_wconf 85' lang='lat' dir='ltr'>interventu</span> <span class='ocrx_word' id='word_1_137' title='bbox 863 1283 978 1316; x_wconf 61' lang='lat' dir='ltr'>Nicaea}</span> <span class='ocrx_word' id='word_1_138' title='bbox 991 1283 1074 1316; x_wconf 87' lang='lat' dir='ltr'>inter</span> 
     </span>
     <span class='ocr_line' id='line_1_33' title="bbox 314 1336 1071 1380; baseline -0.001 -10"><span class='ocrx_word' id='word_1_139' title='bbox 314 1348 370 1370; x_wconf 84' lang='lat' dir='ltr'>eos</span> <span class='ocrx_word' id='word_1_140' title='bbox 389 1337 480 1370; x_wconf 81' lang='lat' dir='ltr'>sactis</span> <span class='ocrx_word' id='word_1_141' title='bbox 500 1337 677 1370; x_wconf 76' lang='lat' dir='ltr'>discessum</span> <span class='ocrx_word' id='word_1_142' title='bbox 699 1348 767 1370; x_wconf 87' lang='lat' dir='ltr'>esse</span> <span class='ocrx_word' id='word_1_143' title='bbox 789 1336 1071 1380; x_wconf 76' lang='lat' dir='ltr'>praetendcrcttu·,</span> 
     </span>
     <span class='ocr_line' id='line_1_34' title="bbox 314 1390 1073 1424; baseline 0 -1"><span class='ocrx_word' id='word_1_144' title='bbox 314 1401 403 1423; x_wconf 84' lang='lat' dir='ltr'>arma</span> <span class='ocrx_word' id='word_1_145' title='bbox 430 1390 561 1424; x_wconf 84' lang='lat' dir='ltr'>tractari</span> <span class='ocrx_word' id='word_1_146' title='bbox 584 1397 614 1423; x_wconf 87' lang='lat' dir='ltr'>et</span> <span class='ocrx_word' id='word_1_147' title='bbox 633 1390 756 1423; x_wconf 88' lang='lat' dir='ltr'>bellum</span> <span class='ocrx_word' id='word_1_148' title='bbox 778 1390 898 1423; x_wconf 83' lang='lat' dir='ltr'>moveri</span> <span class='ocrx_word' id='word_1_149' title='bbox 921 1401 1073 1423; x_wconf 85' lang='lat' dir='ltr'>cernere-</span> 
     </span>
     <span class='ocr_line' id='line_1_35' title="bbox 315 1443 1075 1484; baseline -0.003 -7"><span class='ocrx_word' id='word_1_150' title='bbox 315 1445 490 1484; x_wconf 87' lang='lat' dir='ltr'>mus,duos</span> <span class='ocrx_word' id='word_1_151' title='bbox 502 1454 647 1477; x_wconf 87' lang='lat' dir='ltr'>summac</span> <span class='ocrx_word' id='word_1_152' title='bbox 665 1443 868 1476; x_wconf 82' lang='lat' dir='ltr'>authoritatis</span> <span class='ocrx_word' id='word_1_153' title='bbox 883 1444 979 1481; x_wconf 70' lang='lat' dir='ltr'>viros,</span> <span class='ocrx_word' id='word_1_154' title='bbox 991 1444 1075 1476; x_wconf 83' lang='lat' dir='ltr'>inter</span> 
     </span>
     <span class='ocr_line' id='line_1_36' title="bbox 315 1496 1075 1540; baseline -0.001 -11"><span class='ocrx_word' id='word_1_155' title='bbox 315 1503 422 1529; x_wconf 88' lang='lat' dir='ltr'>cetera</span> <span class='ocrx_word' id='word_1_156' title='bbox 451 1497 549 1529; x_wconf 88' lang='lat' dir='ltr'>animi</span> <span class='ocrx_word' id='word_1_157' title='bbox 576 1501 780 1533; x_wconf 73' lang='lat' dir='ltr'>ornamenta,</span> <span class='ocrx_word' id='word_1_158' title='bbox 803 1496 891 1540; x_wconf 81' lang='lat' dir='ltr'>pacis</span> <span class='ocrx_word' id='word_1_159' title='bbox 910 1496 1075 1529; x_wconf 64' lang='lat' dir='ltr'>studiosis·-</span> 
     </span>
     <span class='ocr_line' id='line_1_37' title="bbox 315 1549 1074 1593; baseline -0.001 -10"><span class='ocrx_word' id='word_1_160' title='bbox 315 1550 424 1590; x_wconf 80' lang='lat' dir='ltr'>simos,</span> <span class='ocrx_word' id='word_1_161' title='bbox 447 1550 575 1583; x_wconf 82' lang='lat' dir='ltr'>S.R.E.</span> <span class='ocrx_word' id='word_1_162' title='bbox 599 1549 780 1582; x_wconf 78' lang='lat' dir='ltr'>cardinales</span> <span class='ocrx_word' id='word_1_163' title='bbox 801 1561 816 1581; x_wconf 88' lang='lat' dir='ltr'>a</span> <span class='ocrx_word' id='word_1_164' title='bbox 838 1550 937 1582; x_wconf 86' lang='lat' dir='ltr'>latere</span> <span class='ocrx_word' id='word_1_165' title='bbox 955 1550 1074 1593; x_wconf 69' lang='lat' dir='ltr'>legatos·</span> 
     </span>
     <span class='ocr_line' id='line_1_38' title="bbox 315 1602 1074 1647; baseline 0.001 -12"><span class='ocrx_word' id='word_1_166' title='bbox 315 1603 353 1636; x_wconf 82' lang='lat' dir='ltr'>ad</span> <span class='ocrx_word' id='word_1_167' title='bbox 370 1602 500 1636; x_wconf 87' lang='lat' dir='ltr'>eosdem</span> <span class='ocrx_word' id='word_1_168' title='bbox 517 1602 668 1636; x_wconf 86' lang='lat' dir='ltr'>Carolum</span> <span class='ocrx_word' id='word_1_169' title='bbox 685 1603 915 1647; x_wconf 78' lang='lat' dir='ltr'>imperatorem</span> <span class='ocrx_word' id='word_1_170' title='bbox 932 1608 959 1635; x_wconf 84' lang='lat' dir='ltr'>et</span> <span class='ocrx_word' id='word_1_171' title='bbox 977 1603 1074 1636; x_wconf 83' lang='lat' dir='ltr'>Fran-</span> 
     </span>
     <span class='ocr_line' id='line_1_39' title="bbox 315 1656 1073 1700; baseline 0.001 -11"><span class='ocrx_word' id='word_1_172' title='bbox 315 1656 437 1690; x_wconf 85' lang='lat' dir='ltr'>ciscum</span> <span class='ocrx_word' id='word_1_173' title='bbox 459 1666 568 1700; x_wconf 73' lang='lat' dir='ltr'>regem</span> <span class='ocrx_word' id='word_1_174' title='bbox 590 1656 748 1689; x_wconf 81' lang='lat' dir='ltr'>misimus.</span> <span class='ocrx_word' id='word_1_175' title='bbox 779 1656 838 1695; x_wconf 83' lang='lat' dir='ltr'>Qui</span> <span class='ocrx_word' id='word_1_176' title='bbox 867 1656 943 1700; x_wconf 83' lang='lat' dir='ltr'>ipsis</span> <span class='ocrx_word' id='word_1_177' title='bbox 964 1664 1073 1690; x_wconf 81' lang='lat' dir='ltr'>nostro</span> 
     </span>
     <span class='ocr_line' id='line_1_40' title="bbox 314 1710 1072 1754; baseline 0.001 -12"><span class='ocrx_word' id='word_1_178' title='bbox 314 1710 460 1749; x_wconf 88' lang='lat' dir='ltr'>nomine,</span> <span class='ocrx_word' id='word_1_179' title='bbox 488 1710 519 1742; x_wconf 92' lang='lat' dir='ltr'>in</span> <span class='ocrx_word' id='word_1_180' title='bbox 541 1721 624 1753; x_wconf 81' lang='lat' dir='ltr'>quac</span> <span class='ocrx_word' id='word_1_181' title='bbox 644 1710 790 1754; x_wconf 73' lang='lat' dir='ltr'>pericula</span> <span class='ocrx_word' id='word_1_182' title='bbox 812 1721 848 1742; x_wconf 81' lang='lat' dir='ltr'>ex</span> <span class='ocrx_word' id='word_1_183' title='bbox 869 1721 983 1743; x_wconf 86' lang='lat' dir='ltr'>eorum</span> <span class='ocrx_word' id='word_1_184' title='bbox 1009 1711 1072 1744; x_wconf 82' lang='lat' dir='ltr'>dis-</span> 
     </span>
     <span class='ocr_line' id='line_1_41' title="bbox 315 1759 1072 1803; baseline 0.001 -11"><span class='ocrx_word' id='word_1_185' title='bbox 315 1759 434 1793; x_wconf 88' lang='lat' dir='ltr'>cordiis</span> <span class='ocrx_word' id='word_1_186' title='bbox 445 1760 593 1792; x_wconf 82' lang='lat' dir='ltr'>universa</span> <span class='ocrx_word' id='word_1_187' title='bbox 605 1759 790 1803; x_wconf 81' lang='lat' dir='ltr'>respublica</span> <span class='ocrx_word' id='word_1_188' title='bbox 802 1760 975 1792; x_wconf 89' lang='lat' dir='ltr'>christiana</span> <span class='ocrx_word' id='word_1_189' title='bbox 986 1761 1072 1794; x_wconf 71' lang='lat' dir='ltr'>brevi</span> 
     </span>
     <span class='ocr_line' id='line_1_42' title="bbox 317 1811 1074 1853; baseline 0 -11"><span class='ocrx_word' id='word_1_190' title='bbox 317 1815 397 1842; x_wconf 82' lang='lat' dir='ltr'>esset</span> <span class='ocrx_word' id='word_1_191' title='bbox 419 1814 565 1848; x_wconf 76' lang='lat' dir='ltr'>ventura,</span> <span class='ocrx_word' id='word_1_192' title='bbox 589 1815 799 1852; x_wconf 79' lang='lat' dir='ltr'>exponerent,</span> <span class='ocrx_word' id='word_1_193' title='bbox 822 1820 942 1852; x_wconf 82' lang='lat' dir='ltr'>eosque</span> <span class='ocrx_word' id='word_1_194' title='bbox 959 1821 1017 1853; x_wconf 87' lang='lat' dir='ltr'>per</span> <span class='ocrx_word' id='word_1_195' title='bbox 1031 1811 1074 1842; x_wconf 78' lang='lat' dir='ltr'>vi-</span> 
     </span>
     <span class='ocr_line' id='line_1_43' title="bbox 318 1857 1073 1900; baseline 0.001 -10"><span class='ocrx_word' id='word_1_196' title='bbox 318 1868 407 1890; x_wconf 83' lang='lat' dir='ltr'>scera</span> <span class='ocrx_word' id='word_1_197' title='bbox 423 1858 457 1890; x_wconf 91' lang='lat' dir='ltr'>D.</span> <span class='ocrx_word' id='word_1_198' title='bbox 470 1857 588 1890; x_wconf 84' lang='lat' dir='ltr'>N.l.C.</span> <span class='ocrx_word' id='word_1_199' title='bbox 608 1858 645 1890; x_wconf 91' lang='lat' dir='ltr'>ad</span> <span class='ocrx_word' id='word_1_200' title='bbox 667 1868 779 1900; x_wconf 81' lang='lat' dir='ltr'>pacem</span> <span class='ocrx_word' id='word_1_201' title='bbox 801 1858 885 1891; x_wconf 89' lang='lat' dir='ltr'>inter</span> <span class='ocrx_word' id='word_1_202' title='bbox 905 1869 937 1890; x_wconf 86' lang='lat' dir='ltr'>se</span> <span class='ocrx_word' id='word_1_203' title='bbox 959 1864 1073 1891; x_wconf 89' lang='lat' dir='ltr'>mutuo</span> 
     </span>
     <span class='ocr_line' id='line_1_44' title="bbox 317 1907 1074 1950; baseline 0 -11"><span class='ocrx_word' id='word_1_204' title='bbox 317 1907 595 1950; x_wconf 87' lang='lat' dir='ltr'>complectendam</span> <span class='ocrx_word' id='word_1_205' title='bbox 624 1913 653 1940; x_wconf 88' lang='lat' dir='ltr'>et</span> <span class='ocrx_word' id='word_1_206' title='bbox 674 1907 910 1950; x_wconf 81' lang='lat' dir='ltr'>rempublicam</span> <span class='ocrx_word' id='word_1_207' title='bbox 929 1907 1074 1940; x_wconf 81' lang='lat' dir='ltr'>christia·</span> 
     </span>
    </p>
   </div>
   <div class='ocr_carea' id='block_1_6' title="bbox 316 1955 1072 2048">
    <p class='ocr_par' dir='ltr' id='par_1_8' title="bbox 316 1955 1072 2048">
     <span class='ocr_line' id='line_1_45' title="bbox 317 1955 1072 1999; baseline 0.001 -11"><span class='ocrx_word' id='word_1_208' title='bbox 317 1967 389 1988; x_wconf 87' lang='lat' dir='ltr'>nam</span> <span class='ocrx_word' id='word_1_209' title='bbox 417 1966 433 1987; x_wconf 91' lang='lat' dir='ltr'>a</span> <span class='ocrx_word' id='word_1_210' title='bbox 463 1961 505 1988; x_wconf 92' lang='lat' dir='ltr'>tot</span> <span class='ocrx_word' id='word_1_211' title='bbox 534 1955 694 1998; x_wconf 80' lang='lat' dir='ltr'>tantisque</span> <span class='ocrx_word' id='word_1_212' title='bbox 721 1955 966 1988; x_wconf 84' lang='lat' dir='ltr'>imminentibus</span> <span class='ocrx_word' id='word_1_213' title='bbox 988 1957 1072 1999; x_wconf 84' lang='lat' dir='ltr'>peri-</span> 
     </span>
     <span class='ocr_line' id='line_1_46' title="bbox 316 2004 1070 2048; baseline 0.001 -11"><span class='ocrx_word' id='word_1_214' title='bbox 316 2005 396 2037; x_wconf 87' lang='lat' dir='ltr'>culis</span> <span class='ocrx_word' id='word_1_215' title='bbox 418 2004 630 2043; x_wconf 85' lang='lat' dir='ltr'>liberandam,</span> <span class='ocrx_word' id='word_1_216' title='bbox 649 2015 746 2047; x_wconf 82' lang='lat' dir='ltr'>quam</span> <span class='ocrx_word' id='word_1_217' title='bbox 770 2004 906 2037; x_wconf 79' lang='lat' dir='ltr'>maxime</span> <span class='ocrx_word' id='word_1_218' title='bbox 928 2012 1070 2048; x_wconf 72' lang='lat' dir='ltr'>possent,</span> 
     </span>
    </p>
   </div>
   <div class='ocr_carea' id='block_1_7' title="bbox 316 2053 1072 2146">
    <p class='ocr_par' dir='ltr' id='par_1_9' title="bbox 316 2053 1072 2146">
     <span class='ocr_line' id='line_1_47' title="bbox 316 2053 535 2086; baseline 0.005 -1"><span class='ocrx_word' id='word_1_219' title='bbox 316 2053 535 2086; x_wconf 80' lang='lat' dir='ltr'>hortarentur.</span> 
     </span>
     <span class='ocr_line' id='line_1_48' title="bbox 360 2100 1072 2146; baseline 0.001 -12"><span class='ocrx_word' id='word_1_220' title='bbox 360 2102 375 2144; x_wconf 62' lang='grc' dir='ltr'>ξ</span> <span class='ocrx_word' id='word_1_221' title='bbox 405 2100 435 2134; x_wconf 76' lang='lat'>3.</span> <span class='ocrx_word' id='word_1_222' title='bbox 469 2102 512 2134; x_wconf 82' lang='lat' dir='ltr'>Ac</span> <span class='ocrx_word' id='word_1_223' title='bbox 544 2107 715 2145; x_wconf 71' lang='lat' dir='ltr'>appetente</span> <span class='ocrx_word' id='word_1_224' title='bbox 745 2102 808 2134; x_wconf 87' lang='lat' dir='ltr'>iam</span> <span class='ocrx_word' id='word_1_225' title='bbox 839 2102 890 2134; x_wconf 87' lang='lat' dir='ltr'>die</span> <span class='ocrx_word' id='word_1_226' title='bbox 918 2113 977 2145; x_wconf 89' lang='lat' dir='ltr'>pro</span> <span class='ocrx_word' id='word_1_227' title='bbox 1009 2114 1072 2146; x_wconf 79' lang='lat' dir='ltr'>qua</span> 
     </span>
    </p>
   </div>
   <div class='ocr_carea' id='block_1_8' title="bbox 315 2150 1072 2331">
    <p class='ocr_par' dir='ltr' id='par_1_10' title="bbox 315 2150 1072 2331">
     <span class='ocr_line' id='line_1_49' title="bbox 315 2150 1069 2193; baseline 0.001 -11"><span class='ocrx_word' id='word_1_228' title='bbox 315 2151 364 2192; x_wconf 84' lang='lat' dir='ltr'>(ut</span> <span class='ocrx_word' id='word_1_229' title='bbox 393 2151 587 2193; x_wconf 75' lang='lat' dir='ltr'>praefertur)</span> <span class='ocrx_word' id='word_1_230' title='bbox 615 2150 791 2183; x_wconf 81' lang='lat' dir='ltr'>concilium</span> <span class='ocrx_word' id='word_1_231' title='bbox 830 2150 1069 2191; x_wconf 78' lang='lat' dir='ltr'>indixeramus,</span> 
     </span>
     <span class='ocr_line' id='line_1_50' title="bbox 316 2198 1070 2244; baseline 0.001 -13"><span class='ocrx_word' id='word_1_232' title='bbox 316 2209 390 2231; x_wconf 90' lang='lat' dir='ltr'>cum</span> <span class='ocrx_word' id='word_1_233' title='bbox 413 2198 443 2231; x_wconf 93' lang='lat' dir='ltr'>in</span> <span class='ocrx_word' id='word_1_234' title='bbox 460 2199 574 2231; x_wconf 86' lang='lat' dir='ltr'>eodem</span> <span class='ocrx_word' id='word_1_235' title='bbox 587 2199 753 2244; x_wconf 88' lang='lat' dir='ltr'>proposito</span> <span class='ocrx_word' id='word_1_236' title='bbox 771 2205 800 2232; x_wconf 89' lang='lat' dir='ltr'>ct</span> <span class='ocrx_word' id='word_1_237' title='bbox 817 2199 976 2232; x_wconf 81' lang='lat' dir='ltr'>desiderio</span> <span class='ocrx_word' id='word_1_238' title='bbox 992 2199 1070 2232; x_wconf 83' lang='lat' dir='ltr'>illud</span> 
     </span>
     <span class='ocr_line' id='line_1_51' title="bbox 316 2247 1072 2293; baseline 0.001 -13"><span class='ocrx_word' id='word_1_239' title='bbox 316 2247 449 2281; x_wconf 89' lang='lat' dir='ltr'>omnino</span> <span class='ocrx_word' id='word_1_240' title='bbox 466 2248 651 2281; x_wconf 83' lang='lat' dir='ltr'>celebrandi</span> <span class='ocrx_word' id='word_1_241' title='bbox 662 2249 923 2293; x_wconf 79' lang='lat' dir='ltr'>persisteremus,</span> <span class='ocrx_word' id='word_1_242' title='bbox 936 2249 1072 2282; x_wconf 73' lang='lat' dir='ltr'>dilectos</span> 
     </span>
     <span class='ocr_line' id='line_1_52' title="bbox 316 2297 1071 2331; baseline -0.001 -1"><span class='ocrx_word' id='word_1_243' title='bbox 316 2297 399 2330; x_wconf 81' lang='lat' dir='ltr'>filios</span> <span class='ocrx_word' id='word_1_244' title='bbox 432 2304 557 2331; x_wconf 87' lang='lat' dir='ltr'>nostros</span> <span class='ocrx_word' id='word_1_245' title='bbox 597 2298 725 2330; x_wconf 85' lang='lat' dir='ltr'>Petrum</span> <span class='ocrx_word' id='word_1_246' title='bbox 760 2298 897 2330; x_wconf 88' lang='lat' dir='ltr'>Paulum</span> <span class='ocrx_word' id='word_1_247' title='bbox 936 2298 1071 2331; x_wconf 82' lang='lat' dir='ltr'>Sanctae</span> 
     </span>
    </p>
   </div>
   <div class='ocr_carea' id='block_1_9' title="bbox 1114 258 1877 2335">
    <p class='ocr_par' dir='ltr' id='par_1_11' title="bbox 1119 258 1877 836">
     <span class='ocr_line' id='line_1_53' title="bbox 1766 258 1830 293; baseline 0.016 -2"><span class='ocrx_word' id='word_1_248' title='bbox 1766 258 1830 293; x_wconf 70' lang='lat'>:363</span> 
     </span>
     <span class='ocr_line' id='line_1_54' title="bbox 1121 320 1875 361; baseline -0.003 -6"><span class='ocrx_word' id='word_1_249' title='bbox 1121 323 1233 361; x_wconf 80' lang='lat' dir='ltr'>latere,</span> <span class='ocrx_word' id='word_1_250' title='bbox 1253 332 1398 355; x_wconf 90' lang='lat' dir='ltr'>summac</span> <span class='ocrx_word' id='word_1_251' title='bbox 1422 320 1558 357; x_wconf 70' lang='lat' dir='ltr'>virtutis,</span> <span class='ocrx_word' id='word_1_252' title='bbox 1581 320 1745 354; x_wconf 84' lang='lat' dir='ltr'>doctrinae</span> <span class='ocrx_word' id='word_1_253' title='bbox 1767 327 1794 354; x_wconf 91' lang='lat' dir='ltr'>et</span> <span class='ocrx_word' id='word_1_254' title='bbox 1817 333 1875 353; x_wconf 85' lang='lat' dir='ltr'>au-</span> 
     </span>
     <span class='ocr_line' id='line_1_55' title="bbox 1120 374 1876 418; baseline -0.001 -10"><span class='ocrx_word' id='word_1_255' title='bbox 1120 376 1280 409; x_wconf 88' lang='lat' dir='ltr'>thoritatis</span> <span class='ocrx_word' id='word_1_256' title='bbox 1296 376 1380 409; x_wconf 71' lang='lat' dir='ltr'>viros</span> <span class='ocrx_word' id='word_1_257' title='bbox 1396 376 1434 408; x_wconf 89' lang='lat' dir='ltr'>ad</span> <span class='ocrx_word' id='word_1_258' title='bbox 1451 375 1553 418; x_wconf 85' lang='lat' dir='ltr'>ipsam</span> <span class='ocrx_word' id='word_1_259' title='bbox 1572 374 1730 407; x_wconf 70' lang='lat' dir='ltr'>civitatem</span> <span class='ocrx_word' id='word_1_260' title='bbox 1744 375 1876 407; x_wconf 80' lang='lat' dir='ltr'>Triden-</span> 
     </span>
     <span class='ocr_line' id='line_1_56' title="bbox 1120 427 1873 473; baseline -0.001 -12"><span class='ocrx_word' id='word_1_261' title='bbox 1120 429 1232 467; x_wconf 80' lang='lat' dir='ltr'>tinam,</span> <span class='ocrx_word' id='word_1_262' title='bbox 1252 434 1285 462; x_wconf 90' lang='lat' dir='ltr'>ut</span> <span class='ocrx_word' id='word_1_263' title='bbox 1302 429 1485 473; x_wconf 81' lang='lat' dir='ltr'>episcopos,</span> <span class='ocrx_word' id='word_1_264' title='bbox 1509 428 1669 472; x_wconf 86' lang='lat' dir='ltr'>praelatos</span> <span class='ocrx_word' id='word_1_265' title='bbox 1690 434 1717 460; x_wconf 89' lang='lat' dir='ltr'>et</span> <span class='ocrx_word' id='word_1_266' title='bbox 1736 427 1815 461; x_wconf 89' lang='lat' dir='ltr'>alios</span> <span class='ocrx_word' id='word_1_267' title='bbox 1837 429 1873 460; x_wconf 80' lang='lat' dir='ltr'>ad</span> 
     </span>
     <span class='ocr_line' id='line_1_57' title="bbox 1121 481 1873 525; baseline -0.003 -10"><span class='ocrx_word' id='word_1_268' title='bbox 1121 483 1295 516; x_wconf 87' lang='lat' dir='ltr'>concilium</span> <span class='ocrx_word' id='word_1_269' title='bbox 1312 483 1476 515; x_wconf 74' lang='lat' dir='ltr'>venientes</span> <span class='ocrx_word' id='word_1_270' title='bbox 1492 481 1693 525; x_wconf 73' lang='lat' dir='ltr'>exciperent,</span> <span class='ocrx_word' id='word_1_271' title='bbox 1713 487 1807 524; x_wconf 82' lang='lat' dir='ltr'>atque</span> <span class='ocrx_word' id='word_1_272' title='bbox 1825 493 1873 517; x_wconf 73' lang='lat' dir='ltr'>ea,</span> 
     </span>
     <span class='ocr_line' id='line_1_58' title="bbox 1120 534 1875 580; baseline 0 -13"><span class='ocrx_word' id='word_1_273' title='bbox 1120 548 1203 580; x_wconf 85' lang='lat' dir='ltr'>quae</span> <span class='ocrx_word' id='word_1_274' title='bbox 1220 537 1257 569; x_wconf 87' lang='lat' dir='ltr'>ad</span> <span class='ocrx_word' id='word_1_275' title='bbox 1276 536 1403 569; x_wconf 83' lang='lat' dir='ltr'>concilii</span> <span class='ocrx_word' id='word_1_276' title='bbox 1421 536 1672 569; x_wconf 87' lang='lat' dir='ltr'>celebrationem</span> <span class='ocrx_word' id='word_1_277' title='bbox 1689 534 1875 568; x_wconf 87' lang='lat' dir='ltr'>huiusmodi</span> 
     </span>
     <span class='ocr_line' id='line_1_59' title="bbox 1120 589 1873 633; baseline 0.003 -11"><span class='ocrx_word' id='word_1_278' title='bbox 1120 590 1302 623; x_wconf 86' lang='lat' dir='ltr'>necessaria</span> <span class='ocrx_word' id='word_1_279' title='bbox 1320 596 1422 623; x_wconf 87' lang='lat' dir='ltr'>essent</span> <span class='ocrx_word' id='word_1_280' title='bbox 1440 601 1496 623; x_wconf 89' lang='lat' dir='ltr'>seu</span> <span class='ocrx_word' id='word_1_281' title='bbox 1514 594 1698 633; x_wconf 82' lang='lat' dir='ltr'>opportuna</span> <span class='ocrx_word' id='word_1_282' title='bbox 1719 589 1873 624; x_wconf 74' lang='lat' dir='ltr'>facerent.</span> 
     </span>
     <span class='ocr_line' id='line_1_60' title="bbox 1120 643 1875 687; baseline -0.001 -12"><span class='ocrx_word' id='word_1_283' title='bbox 1120 643 1359 676; x_wconf 69' lang='lat' dir='ltr'>destinavimus.</span> <span class='ocrx_word' id='word_1_284' title='bbox 1398 644 1529 676; x_wconf 77' lang='lat' dir='ltr'>Necnon</span> <span class='ocrx_word' id='word_1_285' title='bbox 1563 654 1661 686; x_wconf 88' lang='lat' dir='ltr'>quam</span> <span class='ocrx_word' id='word_1_286' title='bbox 1690 643 1801 687; x_wconf 88' lang='lat' dir='ltr'>plures</span> <span class='ocrx_word' id='word_1_287' title='bbox 1840 654 1875 674; x_wconf 80' lang='lat' dir='ltr'>ex</span> 
     </span>
     <span class='ocr_line' id='line_1_61' title="bbox 1120 696 1877 739; baseline 0.001 -12"><span class='ocrx_word' id='word_1_288' title='bbox 1120 696 1240 729; x_wconf 83' lang='lat' dir='ltr'>eisdem</span> <span class='ocrx_word' id='word_1_289' title='bbox 1263 697 1425 739; x_wconf 80' lang='lat' dir='ltr'>praelatis,</span> <span class='ocrx_word' id='word_1_290' title='bbox 1448 697 1582 739; x_wconf 75' lang='lat' dir='ltr'>singulis</span> <span class='ocrx_word' id='word_1_291' title='bbox 1608 697 1645 729; x_wconf 88' lang='lat' dir='ltr'>ad</span> <span class='ocrx_word' id='word_1_292' title='bbox 1667 696 1739 729; x_wconf 90' lang='lat' dir='ltr'>illos</span> <span class='ocrx_word' id='word_1_293' title='bbox 1759 696 1877 729; x_wconf 82' lang='lat' dir='ltr'>nostris</span> 
     </span>
     <span class='ocr_line' id='line_1_62' title="bbox 1119 749 1877 793; baseline 0.001 -12"><span class='ocrx_word' id='word_1_294' title='bbox 1119 749 1200 782; x_wconf 87' lang='lat' dir='ltr'>datis</span> <span class='ocrx_word' id='word_1_295' title='bbox 1233 749 1333 782; x_wconf 86' lang='lat' dir='ltr'>literis</span> <span class='ocrx_word' id='word_1_296' title='bbox 1364 750 1593 783; x_wconf 87' lang='lat' dir='ltr'>admonuimus</span> <span class='ocrx_word' id='word_1_297' title='bbox 1629 756 1663 782; x_wconf 90' lang='lat' dir='ltr'>ut</span> <span class='ocrx_word' id='word_1_298' title='bbox 1692 749 1877 793; x_wconf 84' lang='lat' dir='ltr'>frequentes</span> 
     </span>
     <span class='ocr_line' id='line_1_63' title="bbox 1119 803 1784 836; baseline 0.002 -1"><span class='ocrx_word' id='word_1_299' title='bbox 1119 803 1258 836; x_wconf 88' lang='lat' dir='ltr'>concilio</span> <span class='ocrx_word' id='word_1_300' title='bbox 1275 803 1461 836; x_wconf 90' lang='lat' dir='ltr'>huiusmodi</span> <span class='ocrx_word' id='word_1_301' title='bbox 1483 804 1636 836; x_wconf 86' lang='lat' dir='ltr'>interesse</span> <span class='ocrx_word' id='word_1_302' title='bbox 1656 804 1784 836; x_wconf 80' lang='lat' dir='ltr'>vellent.</span> 
     </span>
    </p>

    <p class='ocr_par' dir='ltr' id='par_1_12' title="bbox 1114 856 1876 2335">
     <span class='ocr_line' id='line_1_64' title="bbox 1163 856 1876 901; baseline 0 -12"><span class='ocrx_word' id='word_1_303' title='bbox 1163 856 1177 899; x_wconf 69' lang='grc' dir='ltr'>ξ</span> <span class='ocrx_word' id='word_1_304' title='bbox 1202 857 1232 889; x_wconf 76' lang='grc'>4.</span> <span class='ocrx_word' id='word_1_305' title='bbox 1261 857 1397 890; x_wconf 87' lang='lat' dir='ltr'>Demum</span> <span class='ocrx_word' id='word_1_306' title='bbox 1420 868 1493 890; x_wconf 93' lang='lat' dir='ltr'>cum</span> <span class='ocrx_word' id='word_1_307' title='bbox 1516 868 1571 901; x_wconf 83' lang='lat' dir='ltr'>spe</span> <span class='ocrx_word' id='word_1_308' title='bbox 1593 858 1681 901; x_wconf 80' lang='lat' dir='ltr'>pacis</span> <span class='ocrx_word' id='word_1_309' title='bbox 1702 868 1759 900; x_wconf 90' lang='lat' dir='ltr'>per</span> <span class='ocrx_word' id='word_1_310' title='bbox 1774 858 1876 891; x_wconf 78' lang='lat' dir='ltr'>dictos</span> 
     </span>
     <span class='ocr_line' id='line_1_65' title="bbox 1118 909 1874 954; baseline 0.004 -13"><span class='ocrx_word' id='word_1_311' title='bbox 1118 909 1239 952; x_wconf 70' lang='lat' dir='ltr'>legatos</span> <span class='ocrx_word' id='word_1_312' title='bbox 1252 916 1377 944; x_wconf 88' lang='lat' dir='ltr'>nostros</span> <span class='ocrx_word' id='word_1_313' title='bbox 1398 912 1482 944; x_wconf 81' lang='lat' dir='ltr'>inter</span> <span class='ocrx_word' id='word_1_314' title='bbox 1497 922 1551 944; x_wconf 85' lang='lat' dir='ltr'>cos</span> <span class='ocrx_word' id='word_1_315' title='bbox 1563 911 1819 954; x_wconf 83' lang='lat' dir='ltr'>componendae,</span> <span class='ocrx_word' id='word_1_316' title='bbox 1837 922 1874 944; x_wconf 77' lang='lat' dir='ltr'>ex</span> 
     </span>
     <span class='ocr_line' id='line_1_66' title="bbox 1118 963 1871 1008; baseline 0.003 -13"><span class='ocrx_word' id='word_1_317' title='bbox 1118 963 1167 1003; x_wconf 83' lang='lat' dir='ltr'>iis,</span> <span class='ocrx_word' id='word_1_318' title='bbox 1190 975 1273 1006; x_wconf 80' lang='lat' dir='ltr'>quae</span> <span class='ocrx_word' id='word_1_319' title='bbox 1294 964 1332 996; x_wconf 90' lang='lat' dir='ltr'>ab</span> <span class='ocrx_word' id='word_1_320' title='bbox 1354 964 1474 997; x_wconf 86' lang='lat' dir='ltr'>eisdem</span> <span class='ocrx_word' id='word_1_321' title='bbox 1495 965 1609 1007; x_wconf 72' lang='lat' dir='ltr'>legatis·</span> <span class='ocrx_word' id='word_1_322' title='bbox 1630 975 1871 1008; x_wconf 81' lang='lat' dir='ltr'>acceperamus,</span> 
     </span>
     <span class='ocr_line' id='line_1_67' title="bbox 1118 1016 1873 1061; baseline 0.001 -13"><span class='ocrx_word' id='word_1_323' title='bbox 1118 1016 1411 1052; x_wconf 78' lang='lat' dir='ltr'>destitueremur1,</span> <span class='ocrx_word' id='word_1_324' title='bbox 1434 1028 1474 1049; x_wconf 87' lang='lat' dir='ltr'>ne</span> <span class='ocrx_word' id='word_1_325' title='bbox 1502 1017 1589 1061; x_wconf 86' lang='lat' dir='ltr'>quod</span> <span class='ocrx_word' id='word_1_326' title='bbox 1615 1017 1778 1061; x_wconf 87' lang='lat' dir='ltr'>reliquum</span> <span class='ocrx_word' id='word_1_327' title='bbox 1807 1023 1873 1051; x_wconf 86' lang='lat' dir='ltr'>erat</span> 
     </span>
     <span class='ocr_line' id='line_1_68' title="bbox 1117 1068 1874 1114; baseline 0.004 -13"><span class='ocrx_word' id='word_1_328' title='bbox 1117 1068 1149 1101; x_wconf 88' lang='lat' dir='ltr'>in</span> <span class='ocrx_word' id='word_1_329' title='bbox 1168 1070 1316 1102; x_wconf 79' lang='lat' dir='ltr'>facultate</span> <span class='ocrx_word' id='word_1_330' title='bbox 1333 1076 1442 1103; x_wconf 84' lang='lat' dir='ltr'>nostra</span> <span class='ocrx_word' id='word_1_331' title='bbox 1458 1070 1694 1106; x_wconf 80' lang='lat' dir='ltr'>omitteremus,</span> <span class='ocrx_word' id='word_1_332' title='bbox 1713 1072 1874 1114; x_wconf 82' lang='lat' dir='ltr'>praefatos</span> 
     </span>
     <span class='ocr_line' id='line_1_69' title="bbox 1117 1121 1874 1166; baseline 0.004 -13"><span class='ocrx_word' id='word_1_333' title='bbox 1117 1121 1269 1154; x_wconf 88' lang='lat' dir='ltr'>Carolum</span> <span class='ocrx_word' id='word_1_334' title='bbox 1290 1122 1519 1166; x_wconf 85' lang='lat' dir='ltr'>imperatorem</span> <span class='ocrx_word' id='word_1_335' title='bbox 1541 1129 1568 1156; x_wconf 83' lang='lat' dir='ltr'>et</span> <span class='ocrx_word' id='word_1_336' title='bbox 1590 1123 1800 1156; x_wconf 83' lang='lat' dir='ltr'>Franciscum</span> <span class='ocrx_word' id='word_1_337' title='bbox 1821 1135 1874 1156; x_wconf 89' lang='lat' dir='ltr'>re-</span> 
     </span>
     <span class='ocr_line' id='line_1_70' title="bbox 1116 1175 1875 1218; baseline 0.005 -12"><span class='ocrx_word' id='word_1_338' title='bbox 1116 1185 1187 1218; x_wconf 63' lang='lat' dir='ltr'>gem</span> <span class='ocrx_word' id='word_1_339' title='bbox 1217 1175 1348 1209; x_wconf 70' lang='lat' dir='ltr'>dirersis</span> <span class='ocrx_word' id='word_1_340' title='bbox 1378 1176 1496 1209; x_wconf 88' lang='lat' dir='ltr'>nostris</span> <span class='ocrx_word' id='word_1_341' title='bbox 1523 1177 1561 1209; x_wconf 89' lang='lat' dir='ltr'>ad</span> <span class='ocrx_word' id='word_1_342' title='bbox 1583 1187 1637 1209; x_wconf 87' lang='lat' dir='ltr'>eos</span> <span class='ocrx_word' id='word_1_343' title='bbox 1665 1177 1746 1210; x_wconf 86' lang='lat' dir='ltr'>datis</span> <span class='ocrx_word' id='word_1_344' title='bbox 1773 1177 1875 1210; x_wconf 89' lang='lat' dir='ltr'>literis</span> 
     </span>
     <span class='ocr_line' id='line_1_71' title="bbox 1117 1229 1875 1273; baseline 0.003 -13"><span class='ocrx_word' id='word_1_345' title='bbox 1117 1229 1234 1261; x_wconf 84' lang='lat' dir='ltr'>hortati</span> <span class='ocrx_word' id='word_1_346' title='bbox 1267 1241 1379 1263; x_wconf 87' lang='lat' dir='ltr'>sumus</span> <span class='ocrx_word' id='word_1_347' title='bbox 1407 1235 1441 1262; x_wconf 83' lang='lat' dir='ltr'>ut</span> <span class='ocrx_word' id='word_1_348' title='bbox 1469 1240 1527 1273; x_wconf 93' lang='lat' dir='ltr'>pro</span> <span class='ocrx_word' id='word_1_349' title='bbox 1558 1229 1760 1262; x_wconf 88' lang='lat' dir='ltr'>concilianda</span> <span class='ocrx_word' id='word_1_350' title='bbox 1792 1230 1875 1263; x_wconf 84' lang='lat' dir='ltr'>inter</span> 
     </span>
     <span class='ocr_line' id='line_1_72' title="bbox 1117 1282 1874 1326; baseline 0.003 -12"><span class='ocrx_word' id='word_1_351' title='bbox 1117 1292 1171 1314; x_wconf 83' lang='lat' dir='ltr'>eos</span> <span class='ocrx_word' id='word_1_352' title='bbox 1192 1282 1298 1326; x_wconf 82' lang='lat' dir='ltr'>aliqua</span> <span class='ocrx_word' id='word_1_353' title='bbox 1322 1282 1496 1315; x_wconf 86' lang='lat' dir='ltr'>concordia</span> <span class='ocrx_word' id='word_1_354' title='bbox 1522 1282 1692 1315; x_wconf 84' lang='lat' dir='ltr'>nobiscum</span> <span class='ocrx_word' id='word_1_355' title='bbox 1714 1283 1745 1314; x_wconf 91' lang='lat' dir='ltr'>in</span> <span class='ocrx_word' id='word_1_356' title='bbox 1765 1283 1874 1325; x_wconf 76' lang='lat' dir='ltr'>aliquo</span> 
     </span>
     <span class='ocr_line' id='line_1_73' title="bbox 1117 1336 1873 1379; baseline 0 -12"><span class='ocrx_word' id='word_1_357' title='bbox 1117 1336 1288 1369; x_wconf 88' lang='lat' dir='ltr'>commodo</span> <span class='ocrx_word' id='word_1_358' title='bbox 1313 1337 1402 1373; x_wconf 79' lang='lat' dir='ltr'>loeo,</span> <span class='ocrx_word' id='word_1_359' title='bbox 1438 1336 1476 1368; x_wconf 89' lang='lat' dir='ltr'>ad</span> <span class='ocrx_word' id='word_1_360' title='bbox 1502 1347 1598 1379; x_wconf 77' lang='lat' dir='ltr'>quem</span> <span class='ocrx_word' id='word_1_361' title='bbox 1625 1336 1716 1368; x_wconf 85' lang='lat' dir='ltr'>aetati</span> <span class='ocrx_word' id='word_1_362' title='bbox 1746 1342 1873 1369; x_wconf 85' lang='lat' dir='ltr'>nostrae</span> 
     </span>
     <span class='ocr_line' id='line_1_74' title="bbox 1116 1390 1874 1433; baseline 0 -13"><span class='ocrx_word' id='word_1_363' title='bbox 1116 1399 1181 1421; x_wconf 91' lang='lat' dir='ltr'>non</span> <span class='ocrx_word' id='word_1_364' title='bbox 1202 1396 1371 1432; x_wconf 80' lang='lat' dir='ltr'>parcentes</span> <span class='ocrx_word' id='word_1_365' title='bbox 1390 1400 1449 1422; x_wconf 89' lang='lat' dir='ltr'>nos</span> <span class='ocrx_word' id='word_1_366' title='bbox 1470 1390 1673 1433; x_wconf 81' lang='lat' dir='ltr'>profecturos</span> <span class='ocrx_word' id='word_1_367' title='bbox 1694 1400 1761 1421; x_wconf 84' lang='lat' dir='ltr'>esse</span> <span class='ocrx_word' id='word_1_368' title='bbox 1783 1390 1874 1433; x_wconf 83' lang='lat' dir='ltr'>polli-</span> 
     </span>
     <span class='ocr_line' id='line_1_75' title="bbox 1117 1442 1873 1486; baseline 0.001 -13"><span class='ocrx_word' id='word_1_369' title='bbox 1117 1442 1284 1483; x_wconf 88' lang='lat' dir='ltr'>cebamur,</span> <span class='ocrx_word' id='word_1_370' title='bbox 1308 1443 1529 1482; x_wconf 64' lang='lat' dir='ltr'>convenirent,</span> <span class='ocrx_word' id='word_1_371' title='bbox 1555 1449 1655 1486; x_wconf 80' lang='lat' dir='ltr'>utque</span> <span class='ocrx_word' id='word_1_372' title='bbox 1676 1442 1873 1475; x_wconf 83' lang='lat' dir='ltr'>desiderium</span> 
     </span>
     <span class='ocr_line' id='line_1_76' title="bbox 1117 1496 1874 1540; baseline -0.001 -13"><span class='ocrx_word' id='word_1_373' title='bbox 1117 1501 1263 1528; x_wconf 87' lang='lat' dir='ltr'>nostrum</span> <span class='ocrx_word' id='word_1_374' title='bbox 1290 1497 1388 1540; x_wconf 74' lang='lat' dir='ltr'>pacis,</span> <span class='ocrx_word' id='word_1_375' title='bbox 1414 1496 1567 1539; x_wconf 78' lang='lat' dir='ltr'>colloquii</span> <span class='ocrx_word' id='word_1_376' title='bbox 1589 1501 1617 1529; x_wconf 85' lang='lat' dir='ltr'>et</span> <span class='ocrx_word' id='word_1_377' title='bbox 1640 1496 1768 1530; x_wconf 84' lang='lat' dir='ltr'>concilii</span> <span class='ocrx_word' id='word_1_378' title='bbox 1791 1497 1874 1529; x_wconf 76' lang='lat' dir='ltr'>cele-</span> 
     </span>
     <span class='ocr_line' id='line_1_77' title="bbox 1117 1548 1874 1592; baseline 0.001 -12"><span class='ocrx_word' id='word_1_379' title='bbox 1117 1548 1273 1581; x_wconf 79' lang='lat' dir='ltr'>brationis</span> <span class='ocrx_word' id='word_1_380' title='bbox 1298 1549 1486 1582; x_wconf 85' lang='lat' dir='ltr'>huiusmodi</span> <span class='ocrx_word' id='word_1_381' title='bbox 1522 1561 1556 1582; x_wconf 89' lang='lat' dir='ltr'>re</span> <span class='ocrx_word' id='word_1_382' title='bbox 1583 1549 1650 1592; x_wconf 86' lang='lat' dir='ltr'>ipsa</span> <span class='ocrx_word' id='word_1_383' title='bbox 1681 1549 1874 1592; x_wconf 85' lang='lat' dir='ltr'>comproha-</span> 
     </span>
     <span class='ocr_line' id='line_1_78' title="bbox 1117 1603 1874 1647; baseline 0 -13"><span class='ocrx_word' id='word_1_384' title='bbox 1117 1612 1244 1641; x_wconf 87' lang='lat' dir='ltr'>remus,</span> <span class='ocrx_word' id='word_1_385' title='bbox 1279 1614 1294 1635; x_wconf 90' lang='lat' dir='ltr'>e</span> <span class='ocrx_word' id='word_1_386' title='bbox 1324 1608 1432 1636; x_wconf 88' lang='lat' dir='ltr'>nostra</span> <span class='ocrx_word' id='word_1_387' title='bbox 1465 1603 1597 1646; x_wconf 88' lang='lat' dir='ltr'>propria</span> <span class='ocrx_word' id='word_1_388' title='bbox 1627 1603 1708 1635; x_wconf 80' lang='lat' dir='ltr'>Sede</span> <span class='ocrx_word' id='word_1_389' title='bbox 1740 1603 1874 1647; x_wconf 85' lang='lat' dir='ltr'>profecti</span> 
     </span>
     <span class='ocr_line' id='line_1_79' title="bbox 1117 1655 1875 1700; baseline 0 -13"><span class='ocrx_word' id='word_1_390' title='bbox 1117 1655 1293 1688; x_wconf 83' lang='lat' dir='ltr'>Bononiam</span> <span class='ocrx_word' id='word_1_391' title='bbox 1306 1656 1464 1695; x_wconf 76' lang='lat' dir='ltr'>venimus,</span> <span class='ocrx_word' id='word_1_392' title='bbox 1479 1662 1523 1695; x_wconf 90' lang='lat' dir='ltr'>ut,</span> <span class='ocrx_word' id='word_1_393' title='bbox 1541 1656 1635 1689; x_wconf 87' lang='lat' dir='ltr'>motis</span> <span class='ocrx_word' id='word_1_394' title='bbox 1649 1655 1748 1699; x_wconf 84' lang='lat' dir='ltr'>(quod</span> <span class='ocrx_word' id='word_1_395' title='bbox 1765 1667 1875 1700; x_wconf 79' lang='lat' dir='ltr'>spera-</span> 
     </span>
     <span class='ocr_line' id='line_1_80' title="bbox 1116 1708 1876 1754; baseline 0.001 -14"><span class='ocrx_word' id='word_1_396' title='bbox 1116 1708 1243 1749; x_wconf 87' lang='lat' dir='ltr'>bamus,</span> <span class='ocrx_word' id='word_1_397' title='bbox 1266 1720 1324 1753; x_wconf 90' lang='lat' dir='ltr'>per</span> <span class='ocrx_word' id='word_1_398' title='bbox 1344 1709 1695 1754; x_wconf 82' lang='lat' dir='ltr'>appropinquationem</span> <span class='ocrx_word' id='word_1_399' title='bbox 1719 1711 1876 1746; x_wconf 68' lang='lat' dir='ltr'>nostram)</span> 
     </span>
     <span class='ocr_line' id='line_1_81' title="bbox 1117 1760 1874 1806; baseline 0.003 -15"><span class='ocrx_word' id='word_1_400' title='bbox 1117 1760 1261 1804; x_wconf 78' lang='lat' dir='ltr'>ipsorum</span> <span class='ocrx_word' id='word_1_401' title='bbox 1297 1762 1482 1806; x_wconf 86' lang='lat' dir='ltr'>principum</span> <span class='ocrx_word' id='word_1_402' title='bbox 1515 1762 1641 1802; x_wconf 87' lang='lat' dir='ltr'>animis,</span> <span class='ocrx_word' id='word_1_403' title='bbox 1668 1762 1874 1800; x_wconf 73' lang='lat' dir='ltr'>concordiae,</span> 
     </span>
     <span class='ocr_line' id='line_1_82' title="bbox 1117 1811 1874 1855; baseline 0.001 -13"><span class='ocrx_word' id='word_1_404' title='bbox 1117 1811 1211 1843; x_wconf 84' lang='lat' dir='ltr'>statui</span> <span class='ocrx_word' id='word_1_405' title='bbox 1237 1811 1515 1854; x_wconf 81' lang='lat' dir='ltr'>celebrationiquc</span> <span class='ocrx_word' id='word_1_406' title='bbox 1544 1811 1645 1855; x_wconf 82' lang='lat' dir='ltr'>ipsius</span> <span class='ocrx_word' id='word_1_407' title='bbox 1666 1811 1794 1844; x_wconf 84' lang='lat' dir='ltr'>concilii</span> <span class='ocrx_word' id='word_1_408' title='bbox 1826 1824 1874 1844; x_wconf 61' lang='lat' dir='ltr'>&gt;e-</span> 
     </span>
     <span class='ocr_line' id='line_1_83' title="bbox 1117 1860 1873 1897; baseline 0.003 -6"><span class='ocrx_word' id='word_1_409' title='bbox 1117 1860 1228 1892; x_wconf 83' lang='lat' dir='ltr'>curius</span> <span class='ocrx_word' id='word_1_410' title='bbox 1254 1865 1281 1893; x_wconf 88' lang='lat' dir='ltr'>et</span> <span class='ocrx_word' id='word_1_411' title='bbox 1310 1861 1485 1893; x_wconf 70' lang='lat' dir='ltr'>ferventius</span> <span class='ocrx_word' id='word_1_412' title='bbox 1506 1861 1629 1897; x_wconf 83' lang='lat' dir='ltr'>instari,</span> <span class='ocrx_word' id='word_1_413' title='bbox 1654 1867 1684 1893; x_wconf 86' lang='lat' dir='ltr'>et</span> <span class='ocrx_word' id='word_1_414' title='bbox 1706 1861 1873 1893; x_wconf 77' lang='lat' dir='ltr'>fluctuanti</span> 
     </span>
     <span class='ocr_line' id='line_1_84' title="bbox 1117 1910 1874 1954; baseline 0.003 -13"><span class='ocrx_word' id='word_1_415' title='bbox 1117 1910 1315 1953; x_wconf 79' lang='lat' dir='ltr'>reipublicae</span> <span class='ocrx_word' id='word_1_416' title='bbox 1345 1910 1539 1943; x_wconf 79' lang='lat' dir='ltr'>christianae</span> <span class='ocrx_word' id='word_1_417' title='bbox 1570 1911 1700 1954; x_wconf 78' lang='lat' dir='ltr'>aliquod</span> <span class='ocrx_word' id='word_1_418' title='bbox 1735 1912 1874 1943; x_wconf 84' lang='lat' dir='ltr'>salutare</span> 
     </span>
     <span class='ocr_line' id='line_1_85' title="bbox 1116 1959 1870 2003; baseline 0 -12"><span class='ocrx_word' id='word_1_419' title='bbox 1116 1959 1299 1991; x_wconf 81' lang='lat' dir='ltr'>remedium</span> <span class='ocrx_word' id='word_1_420' title='bbox 1316 1960 1423 1991; x_wconf 75' lang='lat' dir='ltr'>afferri</span> <span class='ocrx_word' id='word_1_421' title='bbox 1439 1966 1555 2002; x_wconf 79' lang='lat' dir='ltr'>posset.</span> <span class='ocrx_word' id='word_1_422' title='bbox 1582 1962 1778 2003; x_wconf 77' lang='lat' dir='ltr'>lteruinque,</span> <span class='ocrx_word' id='word_1_423' title='bbox 1803 1966 1870 2003; x_wconf 73' lang='lat' dir='ltr'>post</span> 
     </span>
     <span class='ocr_line' id='line_1_86' title="bbox 1116 2008 1873 2053; baseline 0.003 -14"><span class='ocrx_word' id='word_1_424' title='bbox 1116 2008 1287 2040; x_wconf 73' lang='lat' dir='ltr'>advemum</span> <span class='ocrx_word' id='word_1_425' title='bbox 1309 2014 1455 2041; x_wconf 87' lang='lat' dir='ltr'>nostrum</span> <span class='ocrx_word' id='word_1_426' title='bbox 1485 2009 1684 2045; x_wconf 79' lang='lat' dir='ltr'>huiusmodi,</span> <span class='ocrx_word' id='word_1_427' title='bbox 1713 2010 1873 2053; x_wconf 70' lang='lat' dir='ltr'>pra-datos</span> 
     </span>
     <span class='ocr_line' id='line_1_87' title="bbox 1116 2058 1872 2101; baseline 0.001 -13"><span class='ocrx_word' id='word_1_428' title='bbox 1116 2058 1298 2100; x_wconf 86' lang='lat' dir='ltr'>praedictos</span> <span class='ocrx_word' id='word_1_429' title='bbox 1327 2068 1386 2101; x_wconf 85' lang='lat' dir='ltr'>per</span> <span class='ocrx_word' id='word_1_430' title='bbox 1413 2058 1553 2090; x_wconf 68' lang='lat' dir='ltr'>diversas</span> <span class='ocrx_word' id='word_1_431' title='bbox 1580 2058 1658 2090; x_wconf 85' lang='lat' dir='ltr'>alias</span> <span class='ocrx_word' id='word_1_432' title='bbox 1684 2063 1809 2090; x_wconf 83' lang='lat' dir='ltr'>nostras</span> <span class='ocrx_word' id='word_1_433' title='bbox 1835 2059 1872 2089; x_wconf 86' lang='lat' dir='ltr'>li-</span> 
     </span>
     <span class='ocr_line' id='line_1_88' title="bbox 1115 2106 1873 2150; baseline 0.003 -13"><span class='ocrx_word' id='word_1_434' title='bbox 1115 2110 1198 2137; x_wconf 82' lang='lat' dir='ltr'>teras</span> <span class='ocrx_word' id='word_1_435' title='bbox 1219 2106 1461 2143; x_wconf 77' lang='lat' dir='ltr'>admonuimus,</span> <span class='ocrx_word' id='word_1_436' title='bbox 1480 2113 1511 2139; x_wconf 90' lang='lat' dir='ltr'>ut</span> <span class='ocrx_word' id='word_1_437' title='bbox 1535 2107 1682 2149; x_wconf 81' lang='lat' dir='ltr'>exemplo</span> <span class='ocrx_word' id='word_1_438' title='bbox 1703 2108 1873 2150; x_wconf 81' lang='lat' dir='ltr'>quamplu-</span> 
     </span>
     <span class='ocr_line' id='line_1_89' title="bbox 1116 2154 1872 2199; baseline 0.005 -14"><span class='ocrx_word' id='word_1_439' title='bbox 1116 2154 1199 2187; x_wconf 86' lang='lat' dir='ltr'>rium</span> <span class='ocrx_word' id='word_1_440' title='bbox 1218 2156 1450 2199; x_wconf 82' lang='lat' dir='ltr'>praelatorum,</span> <span class='ocrx_word' id='word_1_441' title='bbox 1469 2156 1525 2198; x_wconf 84' lang='lat' dir='ltr'>qui</span> <span class='ocrx_word' id='word_1_442' title='bbox 1546 2167 1582 2188; x_wconf 80' lang='lat' dir='ltr'>ex</span> <span class='ocrx_word' id='word_1_443' title='bbox 1603 2155 1687 2188; x_wconf 64' lang='lat' dir='ltr'>Urbe,</span> <span class='ocrx_word' id='word_1_444' title='bbox 1708 2162 1816 2188; x_wconf 78' lang='lat' dir='ltr'>nostra</span> <span class='ocrx_word' id='word_1_445' title='bbox 1833 2158 1872 2189; x_wconf 84' lang='lat' dir='ltr'>ad</span> 
     </span>
     <span class='ocr_line' id='line_1_90' title="bbox 1114 2203 1873 2238; baseline 0.004 -3"><span class='ocrx_word' id='word_1_446' title='bbox 1114 2203 1221 2236; x_wconf 79' lang='lat' dir='ltr'>locum</span> <span class='ocrx_word' id='word_1_447' title='bbox 1240 2204 1367 2237; x_wconf 83' lang='lat' dir='ltr'>concilii</span> <span class='ocrx_word' id='word_1_448' title='bbox 1385 2205 1422 2237; x_wconf 86' lang='lat' dir='ltr'>de</span> <span class='ocrx_word' id='word_1_449' title='bbox 1440 2205 1592 2238; x_wconf 82' lang='lat' dir='ltr'>mandato</span> <span class='ocrx_word' id='word_1_450' title='bbox 1614 2210 1723 2237; x_wconf 80' lang='lat' dir='ltr'>nostro</span> <span class='ocrx_word' id='word_1_451' title='bbox 1744 2216 1776 2237; x_wconf 85' lang='lat' dir='ltr'>se</span> <span class='ocrx_word' id='word_1_452' title='bbox 1798 2217 1873 2238; x_wconf 86' lang='lat' dir='ltr'>cou-</span> 
     </span>
     <span class='ocr_line' id='line_1_91' title="bbox 1115 2253 1871 2297; baseline 0.001 -12"><span class='ocrx_word' id='word_1_453' title='bbox 1115 2253 1273 2293; x_wconf 81' lang='lat' dir='ltr'>tulerant,</span> <span class='ocrx_word' id='word_1_454' title='bbox 1304 2254 1342 2286; x_wconf 71' lang='lat' dir='ltr'>atl</span> <span class='ocrx_word' id='word_1_455' title='bbox 1369 2254 1447 2287; x_wconf 86' lang='lat' dir='ltr'>illud</span> <span class='ocrx_word' id='word_1_456' title='bbox 1472 2254 1626 2287; x_wconf 80' lang='lat' dir='ltr'>accedere</span> <span class='ocrx_word' id='word_1_457' title='bbox 1648 2254 1787 2297; x_wconf 84' lang='lat' dir='ltr'>amplius</span> <span class='ocrx_word' id='word_1_458' title='bbox 1808 2265 1871 2287; x_wconf 89' lang='lat' dir='ltr'>non</span> 
     </span>
     <span class='ocr_line' id='line_1_92' title="bbox 1114 2302 1290 2335; baseline 0.006 -1"><span class='ocrx_word' id='word_1_459' title='bbox 1114 2302 1290 2335; x_wconf 87' lang='lat' dir='ltr'>tardarent.</span> 
     </span>
    </p>
   </div>
   <div class='ocr_carea' id='block_1_10' title="bbox 1891 271 2074 297">
    <p class='ocr_par' dir='ltr' id='par_1_13' title="bbox 1891 271 2074 297">
     <span class='ocr_line' id='line_1_93' title="bbox 1891 271 2074 297; baseline 0.005 -1"><span class='ocrx_word' id='word_1_460' title='bbox 1891 272 1940 297; x_wconf 75' lang='lat' dir='ltr'>Aa.</span> <span class='ocrx_word' id='word_1_461' title='bbox 1958 271 1987 297; x_wconf 89' lang='lat' dir='ltr'>C.</span> <span class='ocrx_word' id='word_1_462' title='bbox 2007 271 2074 297; x_wconf 53' lang='lat'><strong>¹:913</strong></span> 
     </span>
    </p>
   </div>
   <div class='ocr_carea' id='block_1_11' title="bbox 1889 868 2077 1232">
    <p class='ocr_par' dir='ltr' id='par_1_14' title="bbox 1889 868 2077 1232">
     <span class='ocr_line' id='line_1_94' title="bbox 1917 868 2075 889; baseline 0 0"><span class='ocrx_word' id='word_1_463' title='bbox 1917 868 1943 889; x_wconf 73' lang='lat' dir='ltr'>S·</span> <span class='ocrx_word' id='word_1_464' title='bbox 1963 868 2075 889; x_wconf 59' lang='lat' dir='ltr'>Bononiam</span> 
     </span>
     <span class='ocr_line' id='line_1_95' title="bbox 1891 900 2075 927; baseline 0.005 -7"><span class='ocrx_word' id='word_1_465' title='bbox 1891 900 2008 927; x_wconf 76' lang='lat' dir='ltr'>protectum</span> <span class='ocrx_word' id='word_1_466' title='bbox 2046 906 2075 925; x_wconf 78' lang='lat' dir='ltr'>nt,</span> 
     </span>
     <span class='ocr_line' id='line_1_96' title="bbox 1891 932 2077 953; baseline 0 -2"><span class='ocrx_word' id='word_1_467' title='bbox 1891 932 1960 952; x_wconf 75' lang='lat' dir='ltr'>habito</span> <span class='ocrx_word' id='word_1_468' title='bbox 1978 938 2022 953; x_wconf 76' lang='lat' dir='ltr'>cum</span> <span class='ocrx_word' id='word_1_469' title='bbox 2037 933 2077 952; x_wconf 69' lang='lat' dir='ltr'>(Ia-</span> 
     </span>
     <span class='ocr_line' id='line_1_97' title="bbox 1890 963 2077 983; baseline 0.005 -1"><span class='ocrx_word' id='word_1_470' title='bbox 1890 963 1935 983; x_wconf 80' lang='lat' dir='ltr'>rolo</span> <span class='ocrx_word' id='word_1_471' title='bbox 1966 968 1985 983; x_wconf 78' lang='lat' dir='ltr'>et</span> <span class='ocrx_word' id='word_1_472' title='bbox 2011 963 2077 983; x_wconf 32' lang='lat' dir='ltr'>Fun*</span> 
     </span>
     <span class='ocr_line' id='line_1_98' title="bbox 1890 994 2075 1021; baseline 0.005 -8"><span class='ocrx_word' id='word_1_473' title='bbox 1890 995 1947 1014; x_wconf 74' lang='lat' dir='ltr'>cisen</span> <span class='ocrx_word' id='word_1_474' title='bbox 1961 994 2075 1021; x_wconf 79' lang='lat' dir='ltr'>colloquio.</span> 
     </span>
     <span class='ocr_line' id='line_1_99' title="bbox 1890 1024 2076 1045; baseline 0.005 -1"><span class='ocrx_word' id='word_1_475' title='bbox 1890 1024 2007 1045; x_wconf 75' lang='lat' dir='ltr'>huiusmodi</span> <span class='ocrx_word' id='word_1_476' title='bbox 2041 1031 2076 1045; x_wconf 50' lang='lat' dir='ltr'>rc*</span> 
     </span>
     <span class='ocr_line' id='line_1_100' title="bbox 1890 1056 2074 1077; baseline 0.016 -2"><span class='ocrx_word' id='word_1_477' title='bbox 1890 1056 1926 1075; x_wconf 83' lang='lat' dir='ltr'>bus</span> <span class='ocrx_word' id='word_1_478' title='bbox 1943 1056 2074 1077; x_wconf 80' lang='lat' dir='ltr'>consuleret.</span> 
     </span>
     <span class='ocr_line' id='line_1_101' title="bbox 1890 1088 2074 1106; baseline 0.005 -1"><span class='ocrx_word' id='word_1_479' title='bbox 1890 1088 1995 1106; x_wconf 74' lang='lat' dir='ltr'>adiunctis</span> <span class='ocrx_word' id='word_1_480' title='bbox 2012 1091 2074 1106; x_wconf 66' lang='lat' dir='ltr'>ettam</span> 
     </span>
     <span class='ocr_line' id='line_1_102' title="bbox 1890 1118 2075 1137; baseline 0.005 -1"><span class='ocrx_word' id='word_1_481' title='bbox 1890 1118 2075 1137; x_wconf 71' lang='lat' dir='ltr'>adhortationibus</span> 
     </span>
     <span class='ocr_line' id='line_1_103' title="bbox 1890 1149 2076 1175; baseline 0.005 -8"><span class='ocrx_word' id='word_1_482' title='bbox 1890 1149 1914 1168; x_wconf 81' lang='lat' dir='ltr'>ad</span> <span class='ocrx_word' id='word_1_483' title='bbox 1962 1149 2076 1175; x_wconf 64' lang='lat' dir='ltr'>episcopus</span> 
     </span>
     <span class='ocr_line' id='line_1_104' title="bbox 1890 1180 2073 1200; baseline 0 -1"><span class='ocrx_word' id='word_1_484' title='bbox 1890 1183 1910 1199; x_wconf 82' lang='lat' dir='ltr'>ut</span> <span class='ocrx_word' id='word_1_485' title='bbox 1953 1180 2073 1200; x_wconf 72' lang='lat' dir='ltr'>Tridentum</span> 
     </span>
     <span class='ocr_line' id='line_1_105' title="bbox 1889 1213 1999 1232; baseline -0.009 -1"><span class='ocrx_word' id='word_1_486' title='bbox 1889 1213 1999 1232; x_wconf 68' lang='lat' dir='ltr'>venirent⁴</span> 
     </span>
    </p>
   </div>
   <div class='ocr_carea' id='block_1_12' title="bbox 315 2347 1070 2632">
    <p class='ocr_par' dir='ltr' id='par_1_15' title="bbox 315 2347 1070 2632">
     <span class='ocr_line' id='line_1_106' title="bbox 316 2347 1070 2387; baseline 0 -8"><span class='ocrx_word' id='word_1_487' title='bbox 316 2347 466 2380; x_wconf 89' lang='lat' dir='ltr'>Balbinae</span> <span class='ocrx_word' id='word_1_488' title='bbox 486 2347 656 2387; x_wconf 83' lang='lat' dir='ltr'>Parisium,</span> <span class='ocrx_word' id='word_1_489' title='bbox 681 2352 712 2380; x_wconf 88' lang='lat' dir='ltr'>et.</span> <span class='ocrx_word' id='word_1_490' title='bbox 730 2348 882 2380; x_wconf 87' lang='lat' dir='ltr'>Ioannem</span> <span class='ocrx_word' id='word_1_491' title='bbox 901 2348 1007 2380; x_wconf 82' lang='lat' dir='ltr'>Sancti</span> <span class='ocrx_word' id='word_1_492' title='bbox 1020 2348 1070 2379; x_wconf 73' lang='lat' dir='ltr'>Yi-</span> 
     </span>
     <span class='ocr_line' id='line_1_107' title="bbox 315 2396 1070 2441; baseline -0.001 -13"><span class='ocrx_word' id='word_1_493' title='bbox 315 2396 387 2428; x_wconf 85' lang='lat' dir='ltr'>talis</span> <span class='ocrx_word' id='word_1_494' title='bbox 406 2396 574 2429; x_wconf 81' lang='lat' dir='ltr'>Moronum</span> <span class='ocrx_word' id='word_1_495' title='bbox 598 2396 766 2429; x_wconf 86' lang='lat' dir='ltr'>titulorum</span> <span class='ocrx_word' id='word_1_496' title='bbox 789 2397 1009 2441; x_wconf 65' lang='lat' dir='ltr'>presbyteros,</span> <span class='ocrx_word' id='word_1_497' title='bbox 1035 2408 1070 2429; x_wconf 83' lang='lat' dir='ltr'>ae</span> 
     </span>
     <span class='ocr_line' id='line_1_108' title="bbox 315 2445 1068 2488; baseline 0.003 -11"><span class='ocrx_word' id='word_1_498' title='bbox 315 2445 528 2488; x_wconf 81' lang='lat' dir='ltr'>Reginaldum</span> <span class='ocrx_word' id='word_1_499' title='bbox 549 2446 683 2478; x_wconf 83' lang='lat' dir='ltr'>Sanctae</span> <span class='ocrx_word' id='word_1_500' title='bbox 701 2447 816 2479; x_wconf 79' lang='lat' dir='ltr'>Mariae</span> <span class='ocrx_word' id='word_1_501' title='bbox 834 2447 865 2479; x_wconf 92' lang='lat' dir='ltr'>in</span> <span class='ocrx_word' id='word_1_502' title='bbox 885 2446 1068 2483; x_wconf 74' lang='lat' dir='ltr'>Cosmedin,</span> 
     </span>
     <span class='ocr_line' id='line_1_109' title="bbox 316 2494 1070 2529; baseline 0.004 -3"><span class='ocrx_word' id='word_1_503' title='bbox 316 2500 391 2526; x_wconf 86' lang='lat' dir='ltr'>tunc</span> <span class='ocrx_word' id='word_1_504' title='bbox 413 2494 607 2527; x_wconf 86' lang='lat' dir='ltr'>Sanctorum</span> <span class='ocrx_word' id='word_1_505' title='bbox 634 2495 726 2528; x_wconf 76' lang='lat' dir='ltr'>Nerei</span> <span class='ocrx_word' id='word_1_506' title='bbox 749 2501 777 2528; x_wconf 90' lang='lat' dir='ltr'>et</span> <span class='ocrx_word' id='word_1_507' title='bbox 800 2496 935 2528; x_wconf 72' lang='lat' dir='ltr'>Achillei</span> <span class='ocrx_word' id='word_1_508' title='bbox 961 2496 1070 2529; x_wconf 88' lang='lat' dir='ltr'>diaco-</span> 
     </span>
     <span class='ocr_line' id='line_1_110' title="bbox 316 2543 1070 2588; baseline 0.003 -13"><span class='ocrx_word' id='word_1_509' title='bbox 316 2554 406 2582; x_wconf 88' lang='lat' dir='ltr'>num,</span> <span class='ocrx_word' id='word_1_510' title='bbox 419 2543 581 2587; x_wconf 82' lang='lat' dir='ltr'>Populum</span> <span class='ocrx_word' id='word_1_511' title='bbox 594 2543 604 2566; x_wconf 87' lang='lat'>¹</span> <span class='ocrx_word' id='word_1_512' title='bbox 619 2550 836 2588; x_wconf 80' lang='lat' dir='ltr'>nuncupatos,</span> <span class='ocrx_word' id='word_1_513' title='bbox 850 2544 880 2577; x_wconf 79' lang='lat' dir='ltr'>S.</span> <span class='ocrx_word' id='word_1_514' title='bbox 893 2545 927 2576; x_wconf 80' lang='lat' dir='ltr'>R.</span> <span class='ocrx_word' id='word_1_515' title='bbox 948 2544 982 2577; x_wconf 84' lang='lat' dir='ltr'>E.</span> <span class='ocrx_word' id='word_1_516' title='bbox 999 2556 1070 2577; x_wconf 87' lang='lat' dir='ltr'>car-</span> 
     </span>
     <span class='ocr_line' id='line_1_111' title="bbox 316 2592 1069 2632; baseline 0 -8"><span class='ocrx_word' id='word_1_517' title='bbox 316 2592 453 2631; x_wconf 83' lang='lat' dir='ltr'>dinales,</span> <span class='ocrx_word' id='word_1_518' title='bbox 466 2597 592 2625; x_wconf 84' lang='lat' dir='ltr'>nostros</span> <span class='ocrx_word' id='word_1_519' title='bbox 612 2597 641 2624; x_wconf 82' lang='lat' dir='ltr'>et</span> <span class='ocrx_word' id='word_1_520' title='bbox 663 2593 765 2625; x_wconf 84' lang='lat' dir='ltr'>dictae</span> <span class='ocrx_word' id='word_1_521' title='bbox 787 2594 877 2626; x_wconf 77' lang='lat' dir='ltr'>Sedis</span> <span class='ocrx_word' id='word_1_522' title='bbox 894 2594 1014 2632; x_wconf 65' lang='lat' dir='ltr'>legato&lt;</span> <span class='ocrx_word' id='word_1_523' title='bbox 1031 2593 1069 2624; x_wconf 62' lang='lat' dir='ltr'>‹lc-</span> 
     </span>
    </p>
   </div>
   <div class='ocr_carea' id='block_1_13' title="bbox 355 2659 793 2696">
    <p class='ocr_par' dir='ltr' id='par_1_16' title="bbox 355 2659 793 2696">
     <span class='ocr_line' id='line_1_112' title="bbox 355 2659 793 2696; baseline -0.002 -10"><span class='ocrx_word' id='word_1_524' title='bbox 355 2661 376 2686; x_wconf 86' lang='grc' dir='ltr'>Ι.</span> <span class='ocrx_word' id='word_1_525' title='bbox 399 2661 502 2689; x_wconf 77' lang='lat' dir='ltr'>Polum,</span> <span class='ocrx_word' id='word_1_526' title='bbox 527 2659 553 2685; x_wconf 70' lang='grc' dir='ltr'>Ρ,</span> <span class='ocrx_word' id='word_1_527' title='bbox 576 2659 666 2686; x_wconf 63' lang='lat' dir='ltr'>Mane.</span> <span class='ocrx_word' id='word_1_528' title='bbox 690 2660 726 2693; x_wconf 72' lang='lat' dir='ltr'>(a.</span> <span class='ocrx_word' id='word_1_529' title='bbox 745 2660 793 2696; x_wconf 23' lang='lat' dir='ltr'>rr).</span> 
     </span>
    </p>
   </div>
   <div class='ocr_carea' id='block_1_14' title="bbox 1114 2351 2072 2591">
    <p class='ocr_par' dir='ltr' id='par_1_17' title="bbox 1114 2351 2072 2591">
     <span class='ocr_line' id='line_1_113' title="bbox 1158 2351 2072 2398; baseline -0.001 -13"><span class='ocrx_word' id='word_1_530' title='bbox 1158 2352 1219 2392; x_wconf 69' lang='lat'>§5</span> <span class='ocrx_word' id='word_1_531' title='bbox 1234 2351 1312 2384; x_wconf 86' lang='lat' dir='ltr'>Cum</span> <span class='ocrx_word' id='word_1_532' title='bbox 1330 2358 1437 2385; x_wconf 87' lang='lat' dir='ltr'>autem</span> <span class='ocrx_word' id='word_1_533' title='bbox 1455 2352 1529 2385; x_wconf 85' lang='lat' dir='ltr'>dicti</span> <span class='ocrx_word' id='word_1_534' title='bbox 1547 2353 1679 2386; x_wconf 81' lang='lat' dir='ltr'>Carolus</span> <span class='ocrx_word' id='word_1_535' title='bbox 1695 2354 1871 2398; x_wconf 85' lang='lat' dir='ltr'>imperator</span> <span class='ocrx_word' id='word_1_536' title='bbox 1913 2361 2007 2397; x_wconf 60' lang='lat' dir='ltr'>⁵01¹¹J¹²¹¹¹</span> <span class='ocrx_word' id='word_1_537' title='bbox 2020 2362 2072 2384; x_wconf 60' lang='lat' dir='ltr'>me</span> 
     </span>
     <span class='ocr_line' id='line_1_114' title="bbox 1114 2399 2071 2449; baseline 0.004 -16"><span class='ocrx_word' id='word_1_538' title='bbox 1114 2407 1141 2434; x_wconf 85' lang='lat' dir='ltr'>et</span> <span class='ocrx_word' id='word_1_539' title='bbox 1164 2402 1354 2435; x_wconf 84' lang='lat' dir='ltr'>Franciscus</span> <span class='ocrx_word' id='word_1_540' title='bbox 1387 2413 1453 2439; x_wconf 77' lang='lat' dir='ltr'>rex,</span> <span class='ocrx_word' id='word_1_541' title='bbox 1477 2413 1609 2435; x_wconf 88' lang='lat' dir='ltr'>suorum</span> <span class='ocrx_word' id='word_1_542' title='bbox 1641 2414 1814 2445; x_wconf 70' lang='lat' dir='ltr'>regnorum</span> <span class='ocrx_word' id='word_1_543' title='bbox 1842 2409 1867 2434; x_wconf 84' lang='lat' dir='ltr'>et</span> <span class='ocrx_word' id='word_1_544' title='bbox 1887 2399 2071 2449; x_wconf 42' lang='lat' dir='ltr'>⁰5⁵¹J¹ef1¹¹1s¹⁵¹³</span> 
     </span>
     <span class='ocr_line' id='line_1_115' title="bbox 1114 2450 2070 2496; baseline 0.001 -14"><span class='ocrx_word' id='word_1_545' title='bbox 1114 2450 1333 2483; x_wconf 88' lang='lat' dir='ltr'>dominiorum</span> <span class='ocrx_word' id='word_1_546' title='bbox 1355 2450 1480 2484; x_wconf 85' lang='lat' dir='ltr'>tuitioni</span> <span class='ocrx_word' id='word_1_547' title='bbox 1504 2452 1627 2489; x_wconf 79' lang='lat' dir='ltr'>intenti,</span> <span class='ocrx_word' id='word_1_548' title='bbox 1652 2453 1702 2484; x_wconf 86' lang='lat' dir='ltr'>cui</span> <span class='ocrx_word' id='word_1_549' title='bbox 1729 2463 1771 2489; x_wconf 73' lang='lat' dir='ltr'>se,</span> <span class='ocrx_word' id='word_1_550' title='bbox 1793 2463 1870 2496; x_wconf 86' lang='lat' dir='ltr'>pro-</span> <span class='ocrx_word' id='word_1_551' title='bbox 1886 2464 1974 2494; x_wconf 53' lang='lat' dir='ltr'>promor</span> <span class='ocrx_word' id='word_1_552' title='bbox 2008 2458 2070 2483; x_wconf 60' lang='lat' dir='ltr'>betta,</span> 
     </span>
     <span class='ocr_line' id='line_1_116' title="bbox 1114 2493 2072 2547; baseline 0.002 -16"><span class='ocrx_word' id='word_1_553' title='bbox 1114 2504 1185 2542; x_wconf 87' lang='lat' dir='ltr'>pter</span> <span class='ocrx_word' id='word_1_554' title='bbox 1218 2499 1355 2542; x_wconf 68' lang='lat' dir='ltr'>vigentia</span> <span class='ocrx_word' id='word_1_555' title='bbox 1389 2501 1473 2533; x_wconf 87' lang='lat' dir='ltr'>inter</span> <span class='ocrx_word' id='word_1_556' title='bbox 1517 2501 1601 2544; x_wconf 72' lang='lat' dir='ltr'>ipsos</span> <span class='ocrx_word' id='word_1_557' title='bbox 1639 2501 1723 2533; x_wconf 83' lang='lat' dir='ltr'>bella</span> <span class='ocrx_word' id='word_1_558' title='bbox 1758 2512 1869 2534; x_wconf 81' lang='lat' dir='ltr'>vacare</span> <span class='ocrx_word' id='word_1_559' title='bbox 1886 2493 2072 2547; x_wconf 43' lang='lat' dir='ltr'>iissnelssssffl&#39;sjffi‘]</span> 
     </span>
     <span class='ocr_line' id='line_1_117' title="bbox 1114 2549 2071 2591; baseline 0.001 -11"><span class='ocrx_word' id='word_1_560' title='bbox 1114 2554 1264 2591; x_wconf 85' lang='lat' dir='ltr'>oportere</span> <span class='ocrx_word' id='word_1_561' title='bbox 1289 2550 1485 2586; x_wconf 77' lang='lat' dir='ltr'>asserebant,</span> <span class='ocrx_word' id='word_1_562' title='bbox 1509 2549 1676 2582; x_wconf 78' lang='lat' dir='ltr'>nobiseum</span> <span class='ocrx_word' id='word_1_563' title='bbox 1700 2551 1869 2583; x_wconf 74' lang='lat' dir='ltr'>convenire</span> <span class='ocrx_word' id='word_1_564' title='bbox 1885 2552 1995 2579; x_wconf 62' lang='lat' dir='ltr'>Turciffl‘t-</span> <span class='ocrx_word' id='word_1_565' title='bbox 2012 2554 2071 2573; x_wconf 39' lang='grc' dir='ltr'>ὼν</span> 
     </span>
    </p>
   </div>
   <div class='ocr_carea' id='block_1_15' title="bbox 1886 2583 2069 2610">
    <p class='ocr_par' dir='ltr' id='par_1_18' title="bbox 1886 2583 2069 2610">
     <span class='ocr_line' id='line_1_118' title="bbox 1886 2583 2069 2610; baseline 0.005 -7"><span class='ocrx_word' id='word_1_566' title='bbox 1886 2585 1915 2603; x_wconf 68' lang='lat' dir='ltr'>sis</span> <span class='ocrx_word' id='word_1_567' title='bbox 1938 2585 1977 2610; x_wconf 81' lang='lat' dir='ltr'>ipsi</span> <span class='ocrx_word' id='word_1_568' title='bbox 1996 2583 2069 2605; x_wconf 73' lang='lat' dir='ltr'>hali-e</span> 
     </span>
    </p>
   </div>
   <div class='ocr_carea' id='block_1_16' title="bbox 1114 2598 2070 2700">
    <p class='ocr_par' dir='ltr' id='par_1_19' title="bbox 1114 2598 2070 2700">
     <span class='ocr_line' id='line_1_119' title="bbox 1114 2598 2070 2642; baseline 0.003 -13"><span class='ocrx_word' id='word_1_569' title='bbox 1114 2598 1348 2631; x_wconf 79' lang='lat' dir='ltr'>recusaverint:</span> <span class='ocrx_word' id='word_1_570' title='bbox 1377 2610 1411 2631; x_wconf 85' lang='lat' dir='ltr'>ac</span> <span class='ocrx_word' id='word_1_571' title='bbox 1432 2599 1503 2632; x_wconf 86' lang='lat' dir='ltr'>licet</span> <span class='ocrx_word' id='word_1_572' title='bbox 1527 2600 1731 2642; x_wconf 77' lang='lat' dir='ltr'>postmodum</span> <span class='ocrx_word' id='word_1_573' title='bbox 1758 2599 1871 2632; x_wconf 78' lang='lat' dir='ltr'>Petrus</span> <span class='ocrx_word' id='word_1_574' title='bbox 1886 2620 2070 2638; x_wconf 56' lang='lat' dir='ltr'>memnonem.-</span> 
     </span>
     <span class='ocr_line' id='line_1_120' title="bbox 1153 2660 1763 2700; baseline 0.003 -16"><span class='ocrx_word' id='word_1_575' title='bbox 1153 2660 1159 2684; x_wconf 90' lang='lat' dir='ltr'>l</span> <span class='ocrx_word' id='word_1_576' title='bbox 1182 2660 1245 2685; x_wconf 66' lang='lat' dir='ltr'>Fere</span> <span class='ocrx_word' id='word_1_577' title='bbox 1261 2662 1474 2691; x_wconf 54' lang='lat' dir='ltr'>demittet-eninr,</span> <span class='ocrx_word' id='word_1_578' title='bbox 1496 2660 1521 2688; x_wconf 85' lang='grc' dir='ltr'>Ρ.</span> <span class='ocrx_word' id='word_1_579' title='bbox 1546 2660 1636 2687; x_wconf 51' lang='lat' dir='ltr'>studi.</span> <span class='ocrx_word' id='word_1_580' title='bbox 1657 2660 1683 2696; x_wconf 72' lang='lat' dir='ltr'>(n</span> <span class='ocrx_word' id='word_1_581' title='bbox 1714 2662 1763 2700; x_wconf 65' lang='grc' dir='ltr'>Γ)4</span> 
     </span>
    </p>
   </div>
  </div>
 </body>
</html>
