2227 3001
118 264 169 298 An.
186 268 215 298 c.
235 267 298 296 1511

143 751 274 772 Prooemiuui.

143 2418 309 2443 confraternitas

126 2454 149 2473 1111
160 2453 307 2479 colligentium,

126 2485 201 2511 pieque
220 2485 311 2504 educan-

126 2515 309 2541 dumorptiannsnn

128 2544 181 2566 Urbe
205 2552 216 2566 a
240 2546 310 2565 eutis<

126 2575 180 2597 libus
215 2578 310 2597 instituta

126 2607 170 2628 tuit.

966 266 1082 289 PAL'Lt's
1103 266 1134 288 ΙΙΙ
1156 265 1202 288 Pr.

360 323 509 361 nitatem,
524 319 846 364 cumprivileyiorum
862 320 1063 363 elarslitz'one,

359 376 640 418 iurisdz‘ctz'oneqne
655 374 689 407 S.
702 374 740 406 R.
752 374 792 406 E.
806 374 984 406 cardinalis
1000 374 1066 405 eius

356 430 545 472 protectoris
576 429 618 461 ad
637 428 775 461 eiusdem
804 428 875 460 lites
901 432 929 460 et
956 439 1066 460 causus

359 483 600 526 cognoscendas.

383 567 482 596 Paulus
501 567 641 603 episcopus
661 573 758 596 servus
783 573 922 596 servorum
937 566 998 598 Dei.

451 621 485 650 ad
515 622 677 657 perpetuam
701 621 743 650 rei
763 622 932 649 memoriam.

359 694 501 727 Altitudo
541 694 664 726 divinae
702 693 931 738 providentiae,
969 692 1068 725 nullis

315 747 515 791 praescripta
541 747 698 779 limitibus
733 747 895 790 nullisque
924 745 1069 779 terminis

315 802 561 845 comprehensa,
585 801 734 834 coelestia
762 801 880 844 pariter
908 806 938 833 et
966 805 1068 832 terre-

315 855 391 887 stria
411 854 609 887 inscrutabili
631 854 752 887 ratione
769 854 921 897 disponit,
940 858 967 885 et
986 864 1068 885 mor-

314 907 428 940 talium
449 912 571 940 mentes
591 908 629 940 ad
648 919 683 940 ea
700 907 840 940 caritatis
860 917 959 950 opera
979 917 1068 938 exer-

315 961 454 994 cendum
471 962 656 1005 1¹1¹e111uenter
681 961 806 999 excitat,
830 971 887 1003 per
907 970 988 1002 quae
1010 959 1068 1001 ipsi

314 1013 378 1046 Deo
398 1014 597 1057 acceptiores
616 1013 805 1053 reddantur,
837 1018 867 1045 et
887 1023 1069 1056 pauperum

315 1067 518 1110 aliarumque
555 1066 789 1099 miserabilium
829 1076 1041 1109 personarum
1061 1091 1067 1104 ,

316 1121 504 1163 praesertim
536 1130 714 1164 puerorum
744 1124 774 1151 et
802 1119 983 1162 puellarum
1012 1130 1069 1162 pa-

317 1173 463 1206 rentibus
483 1174 681 1213 orbatorum,
699 1184 757 1216 per
772 1173 889 1205 Urbem
904 1172 980 1205 binc
997 1173 1070 1204 inde

316 1227 517 1269 vagantium,
540 1237 621 1270 quos
640 1227 740 1259 sames
756 1225 888 1263 cruciat,
910 1230 939 1258 et
960 1236 1069 1258 rerunt

317 1280 463 1313 omnium
484 1285 606 1323 egestas
626 1279 805 1319 consumit,
829 1279 1071 1312 necessitatilms

317 1338 540 1373 succurratur,
561 1333 804 1376 desiderataque
830 1332 1007 1375 plurimum
1025 1344 1070 1364 sa-

317 1387 368 1420 lus
377 1387 542 1431 proveniat
551 1386 745 1419 animarum.
759 1386 847 1419 Unde.
858 1397 926 1425 nos,
939 1386 1068 1429 quibus,

319 1441 441 1473 meritis
457 1441 531 1473 licet
551 1441 742 1484 imparibus,
760 1440 949 1473 universalis
964 1440 1070 1472 Eccle-

319 1495 383 1527 siae
403 1494 547 1537 regimen
572 1495 683 1527 eadem
710 1500 757 1527 est
782 1494 979 1537 providentia
1001 1505 1070 1526 cre-

320 1548 441 1589 ditum,
469 1548 526 1589 iis,
558 1559 641 1591 quae
670 1554 840 1592 propterea
868 1548 948 1580 sacta
975 1548 1070 1580 tuisse

321 1602 552 1645 comperimus,
575 1607 610 1634 ut
625 1603 716 1635 firma
733 1608 889 1646 perpetuo
906 1607 933 1634 et
951 1602 1071 1634 illibata

321 1661 543 1699 permaneant,
555 1656 721 1699 apostolici
735 1655 924 1688 muniminis
935 1654 1072 1687 libenter

320 1709 489 1742 adiicimus
510 1709 714 1747 firmitatem(
730 1715 761 1742 et
781 1709 981 1752 singulorum
999 1708 1072 1741 fide-

321 1763 454 1804 delium,
478 1764 667 1807 praesertim
683 1764 855 1796 curialium
876 1769 1071 1801 nostrorum,

321 1813 406 1857 vota,
422 1828 504 1860 quae
524 1817 563 1850 ad
584 1817 614 1849 id
635 1818 795 1861 pertinere
817 1823 1006 1856 noscuntur,
1030 1817 1072 1860 pii

322 1871 420 1914 patris
430 1871 596 1904 affectione
607 1871 845 1914 prosequimur,
856 1875 1073 1915 01,111011131ομΙ

322 1924 496 1956 sortiantur
511 1924 654 1963 effectus,
671 1935 765 1968 open]
779 1929 807 1956 et
818 1935 962 1968 operam,
974 1935 1073 1967 quan-

322 1982 390 2010 tum
408 1988 481 2010 eum
491 1978 554 2011 Deo
571 1988 756 2022 possumus,
771 1977 989 2021 impendimus
1005 1978 1072 2010 etli—

322 2042 432 2071 caces,
464 2036 494 2064 et
518 2031 628 2064 fideles
656 2031 741 2074 ipsos
765 2031 804 2063 ad
829 2035 1012 2074 opportuna
1037 2030 1074 2062 iis

321 2085 472 2127 suffragia
506 2085 722 2118 exhibendum
757 2084 949 2128 quibusdam
983 2083 1073 2127 quasi

322 2138 473 2171 allectivis
488 2139 690 2179 muneribus,
708 2137 914 2181 indulgentiis
928 2138 1072 2170 videlicet

323 2197 350 2225 et
374 2192 635 2233 remissionibus,
657 2193 827 2225 invitamus
854 2198 889 2225 ut
913 2203 971 2235 per
993 2197 1072 2224 tem-

323 2246 445 2289 poralia
464 2247 559 2287 bona,
582 2258 663 2290 quae
685 2246 901 2289 erogaverint,
932 2246 1073 2290 praemia

324 2306 563 2345 consequantur
583 2301 693 2334 salutis
713 2306 872 2334 aeternae.

367 2356 381 2398 ξ
402 2355 432 2388 l.
455 2355 594 2394 Dudum,
617 2356 698 2389 sicut
717 2356 809 2388 nobis
830 2355 979 2396 innotuit,
998 2365 1074 2387 non-

323 2409 404 2442 nulli
416 2409 567 2453 probatae
582 2410 662 2442 vitae
678 2410 827 2450 curiales,
846 2410 987 2447 caritate,
1004 2421 1073 2442 0111-

325 2463 415 2496 nium
449 2474 599 2507 suprema
631 2464 765 2503 virtute,
794 2464 879 2497 circa
908 2475 1025 2508 [Jueros
1046 2469 1075 2496 et

326 2513 449 2556 puellas
469 2513 630 2556 orphanos
650 2524 872 2557 pauperesque
892 2519 922 2546 et
946 2513 1075 2546 misera-

324 2561 405 2594 biles
415 2572 578 2605 personas,
594 2562 759 2605 pudendas
775 2568 805 2595 et
824 2563 979 2601 infirmas,
996 2574 1075 2605 quas

324 2611 519 2654 Redemptor
530 2617 638 2644 noster
652 2612 815 2655 potissime
828 2612 1072 2649 commendarit,

326 2660 422 2702 moti,
453 2660 503 2705 pie
530 2660 728 2694 attendentes
760 2661 845 2705 quod
874 2661 904 2693 in
933 2661 1074 2695 Romana

1747 252 1809 286 307

1108 319 1214 357 Curia,
1243 329 1325 362 quae
1352 317 1487 350 maxime
1519 315 1694 349 forensium
1716 322 1742 348 et
1765 317 1855 358 igno—

1110 379 1215 405 torum
1236 384 1373 406 numero
1395 374 1626 416 frequentatur,
1649 371 1859 414 quan‘iplures

1109 426 1200 470 pueri
1222 437 1381 470 pauperes
1400 425 1587 469 parentibus
1612 424 1734 463 orbati,
1765 424 1859 456 clari-

1110 484 1170 512 tate
1192 480 1310 522 ingenii
1334 479 1469 523 praediti
1497 489 1533 510 ac
1558 476 1677 510 dociles
1704 482 1734 509 et
1754 476 1860 509 idonei

1110 533 1357 576 reperiel»antur
1376 539 1410 565 ut
1430 533 1467 565 de
1490 542 1605 575 magno
1622 531 1764 571 illorum,
1797 535 1861 562 tam

1110 586 1141 619 in
1163 597 1270 619 sacrae
1288 587 1422 629 paginae
1439 597 1535 629 quam
1553 584 1720 627 utriusque
1736 583 1816 616 iuris
1832 588 1862 615 et

1110 639 1179 672 aliis
1200 640 1342 672 scientiis
1362 652 1397 672 ae
1419 639 1549 672 diversis
1570 637 1740 678 exercitiis,
1754 638 1861 681 profe-

1111 698 1176 733 ctu,
1200 694 1224 725 si
1246 694 1290 725 eis
1310 694 1348 725 ad
1370 705 1468 726 onera
1488 700 1515 726 et
1539 693 1716 737 impensas,
1738 692 1862 724 ratione

1111 747 1293 779 studiorum
1315 753 1342 779 et
1361 747 1589 779 exercitiorum
1609 745 1796 778 huiusmodi
1813 745 1862 776 in-

1112 800 1307 839 cumbentia,
1330 800 1549 843 supportanda
1574 800 1769 839 sufficerent,
1792 810 1864 842 spes

1112 859 1198 885 certa
1218 854 1434 886 verisimiliter
1455 853 1695 895 conciperetur:
1729 852 1862 895 cupien-

1112 912 1223 948 tesque
1249 906 1431 950 praemissis
1457 912 1485 939 et
1507 907 1577 939 aliis
1603 907 1634 938 in
1660 906 1744 938 dicta
1769 905 1865 938 Curia

1112 959 1357 992 necessitatibus
1378 965 1408 992 et
1425 959 1565 992 earitatis
1586 959 1740 1002 operibus
1760 958 1864 1002 provi-

1112 1013 1199 1052 dere,
1211 1024 1246 1045 ae
1259 1013 1345 1055 quod
1357 1013 1494 1056 provisio
1510 1012 1695 1045 huiusmodi
1709 1017 1864 1055 perpetuo

1113 1066 1241 1098 duraret
1277 1071 1374 1109 atque
1400 1066 1537 1107 vigeret,
1561 1065 1741 1098 convocatis
1770 1066 1809 1097 ad
1835 1064 1864 1097 id

1113 1118 1362 1162 quampluribus
1387 1119 1457 1151 aliis
1482 1119 1657 1151 curialilnis
1686 1124 1716 1151 et
1745 1118 1866 1150 civibus

1127 1173 1276 1211 Iomanis,
1299 1172 1482 1205 societatem
1506 1173 1588 1205 iuter
1603 1184 1634 1205 se
1656 1172 1809 1212 inierunt,
1836 1176 1866 1203 et

1112 1227 1324 1270 quamplures
1344 1227 1531 1270 parentibus
1547 1227 1676 1259 orbatos
1696 1237 1732 1259 ac
1749 1236 1867 1269 egenos

1113 1291 1232 1323 pueros
1258 1286 1285 1313 et
1313 1282 1448 1324 puellas,
1479 1281 1553 1313 ltine
1574 1281 1646 1313 inde
1672 1291 1729 1324 per
1748 1279 1867 1313 Urbem

1113 1333 1282 1377 dispersas,
1295 1345 1332 1366 ac
1357 1334 1495 1367 ostiatim
1516 1334 1633 1367 victum
1654 1339 1865 1376 quaerentes,

1113 1387 1145 1419 in
1166 1399 1280 1428 unum,
1312 1387 1344 1420 in
1370 1392 1457 1420 certo
1482 1387 1520 1419 ad
1546 1387 1575 1419 id
1606 1387 1757 1430 deputato
1782 1387 1867 1425 loce,

1114 1447 1344 1481 convenerunt,
1368 1447 1395 1474 et
1418 1452 1529 1475 eorum
1561 1440 1708 1484 expensis
1741 1452 1777 1473 ac
1798 1440 1869 1473 aliis

1114 1495 1372 1528 christifidelium
1406 1496 1466 1539 piis
1502 1494 1712 1537 eleemosynis
1747 1494 1868 1527 eisdem

1114 1550 1236 1592 pueris,
1255 1556 1286 1582 ut
1304 1561 1321 1582 a
1338 1550 1421 1582 malo
1438 1550 1681 1582 retraherentur
1709 1549 1867 1593 bonisque

1115 1603 1259 1635 moribus
1280 1602 1503 1636 imluirjerentur
1523 1608 1551 1635 et
1571 1602 1742 1635 virtutibus
1776 1614 1871 1636 orna-

1114 1662 1238 1697 rentur,
1261 1657 1299 1689 de
1321 1656 1459 1700 proxidis
1479 1656 1752 1699 gubernatoribus
1765 1662 1793 1690 et
1809 1657 1869 1690 mi-

1115 1711 1222 1743 nistris
1236 1711 1245 1738 ‘l
1261 1722 1296 1743 ac
1308 1711 1405 1751 110111,
1426 1711 1540 1744 vestitu
1553 1716 1582 1744 et
1597 1711 1667 1743 aliis
1683 1711 1871 1744 necessariis

1115 1760 1282 1803 providere
1317 1766 1483 1794 curarunt.
1507 1761 1637 1793 Necnon
1659 1759 1870 1793 confraterni-

1116 1813 1222 1848 tatem,
1239 1809 1345 1852 inqua
1360 1810 1612 1853 vigintiquatuor
1628 1814 1657 1842 et
1673 1810 1773 1849 ultra,
1793 1820 1872 1852 quo-

1114 1868 1188 1890 rum
1205 1858 1305 1901 aliqui
1326 1858 1357 1891 S.
1371 1858 1405 1890 R.
1419 1859 1453 1891 E.
1476 1858 1655 1891 cardinales
1675 1863 1703 1891 et
1724 1858 1869 1902 episcopi

1115 1918 1151 1939 ac
1172 1906 1224 1939 alii
1247 1907 1392 1950 praelati,
1416 1907 1514 1950 aliqui
1535 1908 1676 1940 eiusdem
1694 1907 1808 1940 Curiae
1825 1909 1870 1940 os-

1117 1955 1236 1988 tieiales
1257 1960 1287 1988 et
1306 1956 1405 1999 aliqui
1428 1956 1576 1995 curiales,
1591 1956 1686 1989 etiam
1708 1956 1791 1989 cives
1811 1957 1872 1989 Ro-

1116 2005 1215 2043 tnani,
1233 2004 1382 2045 existunt,
1402 2005 1620 2038 instituerunt.

1160 2054 1224 2096 §Q
1251 2054 1314 2086 'Nos
1342 2054 1457 2097 igitur,
1498 2055 1615 2097 gratias
1648 2055 1712 2088 Deo
1741 2060 1871 2095 agentes

1116 2103 1203 2146 quod
1228 2109 1338 2135 nostro
1362 2109 1507 2146 tempore
1533 2115 1550 2136 a
1575 2103 1668 2136 dictis
1693 2103 1871 2136 curialibus

1117 2157 1202 2185 tanta
1235 2152 1414 2185 necessaria
1447 2152 1586 2185 caritatis
1620 2163 1718 2196 opera
1744 2153 1776 2185 in
1801 2153 1870 2196 ipsa

1117 2202 1196 2234 urbe
1212 2202 1376 2246 coepewint
1398 2203 1552 2241 exerceri,
1576 2202 1743 2246 cupientes
1764 2207 1798 2235 ut
1831 2214 1868 2236 ea

1116 2257 1272 2294 perpetuo
1294 2251 1549 2294 frequententur,
1573 2257 1599 2284 et
1615 2251 1677 2284 illis
1692 2252 1870 2285 confratres

1117 2300 1302 2333 huiusmodi
1323 2301 1431 2333 31111110
1452 2301 1546 2333 hilari
1562 2301 1720 2343 insistant,
1741 2303 1868 2335 contra-

1117 2356 1180 2382 tres
1208 2350 1390 2393 praedictos
1423 2361 1601 2394 eorumque
1630 2351 1773 2393 singulos
1798 2349 1869 2394 qui-

1116 2400 1223 2432 busvis
1238 2400 1591 2440 exconnnunieaticmis,
1605 2401 1822 2444 suspensionis
1838 2405 1868 2433 et

1118 2449 1277 2482 interdicti
1295 2450 1428 2493 aliisque
1445 2448 1667 2483 ecelesiasticis
1690 2451 1865 2490 sententiis,

1118 2500 1261 2532 censuris
1277 2505 1304 2532 et
1322 2500 1444 2543 poenis,
1469 2511 1486 2533 3
1502 2500 1571 2532 iure
1593 2500 1640 2532 vel
1663 2500 1702 2531 ab
1723 2500 1865 2540 bomine,

1117 2548 1226 2591 (piaris
1247 2549 1414 2581 occasione
1430 2550 1476 2581 xel
1494 2560 1589 2581 causa
1605 2548 1686 2586 latis,
1709 2548 1733 2580 si
1750 2549 1867 2590 quibus

1118 2598 1359 2640 quomodolibet
1380 2598 1521 2631 innodati
1543 2598 1697 2638 existunt,
1726 2598 1764 2630 ad
1790 2598 1866 2630 effe-

1155 2670 1165 2696 1
1185 2671 1317 2703 aragiso-is
1335 2670 1391 2697 loco
1408 2673 1536 2698 ministris
1554 2670 1612 2707 legit
1630 2670 1745 2698 Cherub.
1763 2670 1801 2707 (n.
1815 2669 1864 2709 Ti).

1871 263 1920 289 An.
1940 261 1968 288 C.
1990 259 2052 289 15111

1911 2064 1968 2091 Quae
1985 2063 2009 2086 ab
2031 2067 2069 2086 istu

1886 2096 1987 2118 Pontittce
2033 2104 2069 2125 np—

1886 2129 1993 2155 probatur,
