2227 3001
459 239 522 274 568
1040 247 1186 271 norman
1210 246 1328 271 Romul

502 316 742 350 concernentes,
760 312 789 343 in
811 310 945 353 negotiis
961 315 990 343 ct
1003 310 1107 343 causis
1118 309 1186 342 eius
1201 309 1337 348 Ordinis,
1358 308 1485 341 nonnisi
1503 313 1589 341 certa
1605 308 1676 341 data
1696 308 1799 341 forma
1815 308 1956 353 expediri

502 369 654 407 possunt,
685 364 727 396 44
756 375 784 395 a.
813 363 972 395 Beneficia
1002 362 1149 400 Ordinis,
1190 361 1259 394 eius
1291 366 1414 394 tantum
1437 360 1595 403 religiosis
1614 361 1846 401 conferuntur,
1875 362 1953 394 ibid.

499 418 679 461 Cappellac,
702 416 841 449 oratoria
858 421 885 448 et
908 415 1014 448 onmia
1032 415 1084 458 pia
1105 416 1186 454 loca,
1209 414 1268 447 sub
1289 414 1489 447 invocatione
1506 413 1538 447 S.
1560 414 1688 447 Antonii
1709 419 1826 454 erecta,
1850 414 1954 447 abbati

497 470 594 503 huius
620 474 794 502 conventus
815 468 1044 507 subiiciuntur,
1072 468 1139 500 ibid
1159 468 1185 499 b.
1202 466 1520 511 lilwmosynasnolis
1532 467 1719 499 sonantibus
1735 467 1899 509 colligere,
1927 474 1955 501 ct

498 524 586 556 nolas
606 522 799 555 animalibus
824 521 1008 564 appendere
1029 520 1104 553 huic
1124 519 1233 554 Ordini
1260 525 1384 553 tantum
1411 520 1613 561 conceditur,
1645 520 1687 554 45
1707 532 1738 554 a.
1761 520 1902 554 Uniones
1927 527 1955 556 ct

497 576 740 619 suppressiones
756 574 990 607 beneficiorum
1007 574 1082 607 dicti
1103 573 1229 606 Ordinis
1244 578 1402 613 vetantur,
1427 574 1503 611 stud
1528 574 1555 606 b.

409 629 587 661 Antoninus
602 628 674 670 (5.),
703 626 967 670 archiepiscopus
987 627 1203 665 Florentinus,
1225 626 1352 659 Ordinis
1373 627 1507 659 fratrum
1528 626 1803 666 Praedicatorum,
1824 626 1956 670 virgini-

497 686 589 713 tatem
612 680 714 712 intans
733 685 818 712 voret
837 686 866 712 et
882 685 995 719 servat,
1014 679 1056 711 :30
1076 680 1105 719 b;
1127 679 1246 712 ieiunia
1268 684 1298 711 et
1310 679 1414 712 studia
1430 680 1623 723 frequentat,
1645 678 1681 712 31
1708 690 1739 718 03
1756 678 1955 722 Religionem

495 734 526 766 S.
550 733 718 771 Dominici‚
739 743 824 766 anno
853 744 929 767 suae
958 733 1068 766 aetatis
1088 743 1162 772 xiii,
1186 732 1310 775 ingredi
1332 733 1429 776 petit,
1453 733 1552 770 ibid.;
1575 732 1740 776 repulsus,
1763 732 1802 765 ad
1822 732 1954 765 domum

493 792 660 831 paternam
680 787 773 827 redit,
797 792 825 819 ct
847 787 921 819 anni
944 786 1045 830 spatio
1062 786 1221 828 integrum
1244 786 1449 818 decretorum
1470 785 1589 817 librum
1615 785 1791 818 memoriae
1812 786 1953 825 mandat,

493 840 570 873 ibid.
594 840 623 879 b,
646 839 790 873 habitum
817 840 991 882 Religionis
1007 839 1140 879 obtinet,
1164 839 1195 871 in
1216 850 1279 882 qua
1296 839 1433 871 multum
1456 838 1593 881 proficit,
1609 848 1772 881 quamque
1788 839 1952 879 reformat,

491 893 570 926 ibid.
584 898 611 926 et
624 904 700 937 3*qu
719 892 929 933 orationihus,
943 893 1068 935 vigiliis,
1083 892 1211 925 ieiuniis
1228 897 1258 924 et
1275 891 1570 935 praedicationibus
1580 895 1681 930 vacat,
1695 890 1736 923 32
1748 902 1780 932 a,
1798 891 1837 924 ab
1848 891 1953 934 Euge-

491 946 544 979 nio
565 946 600 980 lv
625 946 889 991 archiepiscopus
913 946 1118 980 Florentinus
1144 951 1291 986 creatur,
1315 946 1393 978 ibid.
1421 945 1451 985 b;
1474 955 1572 988 opera
1592 943 1718 988 pietatis
1751 951 1888 986 exercet,
1910 944 1953 979 33

490 1011 521 1040 ι1;
545 1010 665 1032 annum
686 1010 782 1042 agens
803 999 1096 1043 septuagesimum,
1124 999 1154 1032 in
1174 999 1311 1032 Domino
1332 998 1505 1038 obdormit,
1533 997 1576 1031 34
1601 1008 1633 1037 α;
1655 998 1820 1031 miraculis
1840 998 1950 1040 claret,

492 1053 568 1085 ibid.
600 1054 629 1092 b;
652 1059 835 1086 sanctorum
867 1054 1087 1086 consessorum
1114 1063 1250 1086 numero
1271 1051 1482 1091 adscribitur,
1508 1051 1642 1095 eiusque
1666 1051 1782 1084 festum
1804 1051 1953 1088 statuitur

489 1105 528 1138 ab
549 1106 710 1139 Hadriano
726 1107 774 1147 vl,
793 1106 834 1140 35
850 1106 866 1138 b
883 1111 913 1139 et
928 1116 990 1149 seq.
1014 1106 1082 1144 Quo
1099 1110 1238 1142 mortuo,
1260 1105 1380 1139 litteras
1396 1105 1434 1138 de
1453 1103 1694 1138 canonizatione
1710 1115 1774 1139 non
1790 1104 1951 1151 expeditas

489 1159 636 1192 Clemens
656 1160 704 1192 Vll
726 1160 864 1204 expedit,
883 1159 924 1193 37
946 1160 975 1192 b.

402 1211 580 1255 Apostatae.
611 1214 644 1246 V.
668 1213 854 1256 Regulares.

403 1264 545 1309 Apostoli
565 1266 677 1306 sancti,
701 1266 825 1299 divinae
845 1265 924 1309 legis
944 1265 1203 1310 promulgatores
1223 1271 1251 1298 et
1274 1265 1520 1310 praedicatoreS,
1537 1264 1591 1298 Dei
1609 1265 1741 1300 verbum
1767 1266 1799 1300 in
1820 1276 1949 1301 omnem

491 1324 609 1352 terram
625 1319 834 1359 diffuderunt,
855 1318 897 1352 118
917 1330 947 1351 α.

402 1372 640 1416 Appellationcs
649 1383 713 1405 non
724 1372 938 1405 admittuntur
950 1371 1009 1404 nisi
1026 1371 1108 1405 facto
1120 1372 1265 1415 deposito
1282 1382 1416 1416 poenae,
1440 1373 1471 1405 in
1493 1385 1555 1417 qua
1572 1373 1675 1406 reivel
1692 1383 1804 1406 eorum
1822 1373 1949 1407 fideius-

488 1437 575 1459 sores
596 1426 854 1459 condemnantur
873 1425 913 1458 ad
934 1425 1072 1458 favorem
1091 1425 1126 1457 R.
1146 1424 1298 1458 Gamerae
1318 1427 1365 1459 rel
1382 1427 1450 1460 eius
1470 1427 1551 1467 fisci,
1573 1427 1637 1461 302
1658 1438 1678 1460 ιι
1697 1432 1728 1460 et
1750 1437 1812 1471 seq.

400 1480 537 1513 Archivii
559 1481 721 1513 Romanae
742 1479 855 1513 Curiae
877 1479 1062 1522 scriptores.
1088 1479 1121 1512 V.
1140 1480 1318 1522 Collegium
1341 1481 1549 1525 scriptorum.

400 1532 567 1565 auditores
582 1533 680 1565 Rotae
700 1533 874 1565 Romanae.
906 1533 938 1565 V.
962 1533 1059 1565 Rotae
1080 1533 1243 1566 Romanae
1264 1533 1438 1567 auditores.

398 1586 538 1619 Aviensis
553 1596 608 1619 seu
629 1586 671 1620 De
689 1586 760 1619 Avis
775 1586 899 1619 militia.
930 1586 963 1619 V.
987 1587 1121 1620 loannes
1137 1586 1319 1620 Lusitaniae
1339 1597 1404 1620 rex.

1162 1731 1185 1764 B

398 1841 522 1875 Banniti
544 1840 611 1885 (qui
633 1846 659 1873 et
682 1840 805 1882 exilitii)
826 1840 866 1873 ob
887 1839 1097 1873 homicidium
1113 1866 1120 1879 ,
1144 1839 1176 1871 in
1197 1838 1285 1872 Statu
1307 1837 1551 1878 Ecclesiastico,
1587 1849 1603 1871 a
1635 1837 1790 1872 Pontifiee
1817 1838 1951 1872 Maximo

485 1894 708 1928 remissionem
725 1894 879 1934 obtinent,
893 1894 933 1927 69
950 1895 966 1926 b
984 1899 1012 1926 et
1032 1904 1112 1937 seq.;
1134 1903 1198 1925 non
1215 1893 1319 1926 solum
1336 1903 1354 1925 a
1373 1893 1445 1925 loco
1462 1891 1640 1931 homicidii,
1663 1891 1718 1925 sed
1738 1892 1778 1925 ab
1799 1892 1951 1926 omnibus

487 1949 565 1982 locis
586 1949 692 1982 Status
710 1949 838 1981 exulare
855 1948 983 1989 debent,
1007 1948 1044 1981 71
1064 1959 1095 1980 a.
1115 1947 1237 1980 Horum
1255 1952 1471 1990 receptatores
1491 1945 1710 1979 subiiciuntur
1720 1946 1833 1989 poenis
1850 1946 1952 1991 priva-

486 2002 581 2035 tionis
597 2002 770 2041 bonorum,
793 2001 979 2035 rebellionis
999 2012 1035 2034 ac
1056 2000 1202 2033 criminis
1221 2001 1325 2033 laesae
1347 1999 1532 2039 maiestatis,
1546 1999 1626 2031 ibid.
1649 1999 1678 2031 b.
1698 1998 1951 2033 Communitates

486 2061 516 2088 et
536 2056 682 2088 locorum
705 2056 826 2088 domini
848 2060 999 2088 tenentur
1015 2055 1086 2087 illos
1102 2065 1230 2098 capere,
1253 2054 1312 2087 sub
1328 2053 1440 2098 poenis
1462 2052 1592 2086 maioris
1607 2052 1951 2086 excommunicationis

487 2113 517 2145 et
537 2108 681 2152 quinque
702 2109 840 2141 millium
867 2108 1060 2140 ducatorum
1086 2107 1164 2140 ibid.
1191 2112 1221 2140 et
1248 2117 1311 2150 seq.
1335 2106 1482 2139 Facultas
1512 2105 1774 2149 quibuscumque
1799 2115 1951 2139 concessa

488 2162 671 2194 absolvendi
690 2162 869 2195 homicidas
891 2166 1070 2201 revocatur,
1094 2160 1135 2193 72
1155 2171 1186 2193 α.
1215 2161 1374 2194 Locorum
1395 2159 1534 2192 dominis
1553 2158 1753 2203 praecipitur
1772 2158 1951 2192 homicidas

488 2214 651 2247 remittant
671 2215 797 2247 officiali
816 2214 905 2248 Sedis
922 2214 1136 2258 Apostolicae.
1161 2214 1236 2246 ibid.
1256 2214 1283 2246 b.

400 2267 604 2310 Belgradum.
634 2268 667 2299 V.
692 2268 892 2300 Taurunum.

400 2321 526 2364 Bellayo
542 2320 607 2362 (de)
627 2319 772 2353 Ioannes.
801 2321 835 2353 1'.
858 2320 1052 2353 Cardinales.

401 2373 564 2407 Benedicti
584 2373 645 2416 (S.)
665 2372 759 2406 Ordo.
789 2374 822 2405 l'.
846 2374 1082 2407 Cassinensiuin
1104 2373 1340 2408 monachorum
1361 2373 1580 2416 congregatio.

402 2426 561 2460 Beneficia
583 2426 826 2458 consistorialia.
856 2427 890 2459 V.
914 2426 1173 2461 Constitutiones.

401 2479 570 2519 Beneficia,
592 2483 704 2511 contra
724 2479 860 2511 termam
882 2480 1165 2521 concordatorum,
1178 2480 1311 2524 praelati
1329 2486 1355 2513 ct
1377 2479 1540 2524 principes
1552 2478 1765 2512 conseruntet
1779 2484 1948 2523 usurpant.

489 2531 552 2565 ‘169
574 2532 590 2564 b
611 2537 641 2564 et
660 2542 722 2575 seq.
746 2531 843 2564 Actus
858 2532 1046 2565 huiusmodi
1067 2533 1169 2566 irritat
1189 2534 1334 2567 Clemens
1364 2534 1424 2572 vlt,
1448 2538 1477 2565 et
1502 2542 1702 2577 possessores
1720 2531 1835 2565 talium
1854 2531 1950 2564 benc-

490 2584 637 2618 ficiorum
659 2584 698 2617 ad
719 2583 843 2617 fructus
864 2585 1099 2619 restitutionem
1135 2586 1265 2629 obligat,
1293 2587 1352 2619 170
1373 2597 1404 2627 (⁴3
1431 2585 1566 2630 provisis
1590 2590 1696 2619 autem
1722 2595 1740 2618 a
1764 2584 1844 2618 Sede
1863 2583 1949 2629 Apo-

491 2639 601 2672 stolica
622 2639 707 2672 iuxta
736 2639 870 2672 formam
897 2640 1166 2674 eoncorslatornm
1189 2641 1257 2673 iura
1289 2651 1516 2687 quaecumque
1542 2645 1697 2681 reservat,
1720 2638 1815 2673 etiam
1835 2638 1948 2683 agendi

2219 427 2227 669 *Qu-
2223 401 2227 421 μ
2220 263 2227 394 .ᾼ.<.....δΑᾲ
2223 235 2227 242 a
