2227 3001
115 261 166 289 An.
181 262 210 289 C.
231 265 298 292 ¹523

120 795 230 818 clausulae
253 798 291 818 de-

107 829 236 854 rogatoriae.

964 269 1105 292 CLEMENS
1130 269 1170 292 vn
1195 269 1242 292 1³1*-

312 321 409 364 pelli,
436 327 489 355 aut
515 322 591 355 alias
618 333 716 366 super
745 321 926 366 praemissis
954 328 1064 355 contra

312 375 529 420 praesentium
550 375 694 409 tenorem
715 377 955 419 quomodolibet
974 377 1062 409 inst·-

311 429 553 470 bitemolestari,
568 430 831 470 contradictores,
845 431 1063 463 molestatores

310 483 467 525 quoslibet
480 489 507 516 et
519 484 653 516 rebelles
674 494 731 526 per
745 494 897 516 censuras
906 488 1062 527 etpoenas

310 536 540 569 ecclesiasticas
560 548 595 569 ae
608 536 668 569 alia
679 541 861 579 opportuna
872 536 1062 569 iurisreme-

309 589 371 626 dia,
397 590 612 634 appellatione
639 590 825 633 postposita,
852 601 1060 633 compescen-

308 644 360 683 do,
383 644 527 677 invocato
538 644 660 683 adboe,
674 644 699 676 si
720 655 801 687 opus
822 643 1060 683 fue1·it‚auxilio

307 696 431 730 brachii
451 698 636 731 saecularis.

368 750 382 789 ,Ε
402 750 454 783 020.
467 751 536 783 Non
547 751 746 784 obstantibus
762 751 785 783 si
806 751 879 783 dieti
898 751 1060 785 auditores

306 808 334 836 et
366 804 582 837 locatenentes
609 805 639 837 in
671 805 788 837 eisdem
820 805 962 838 eeclesiis
997 805 1059 838 sive

303 857 383 891 loeis
392 858 528 900 primam
546 869 611 891 non
621 858 751 891 fecerint
764 857 967 891 residentiam
986 870 1057 902 per-

304 911 459 944 sonalem.
483 911 527 945 Ac
546 922 644 955 super
664 911 825 951 idiomate,
845 911 950 953 quoad
967 923 1058 954 paro-

303 964 440 997 chialem
462 964 643 1006 ecclesiam,
660 970 691 997 et
706 965 744 997 dc
764 975 829 997 non
850 966 1057 999 concedendo

302 1018 398 1051 alicui
413 1018 547 1061 gratiam
558 1018 785 1061 expectativam
795 1023 880 1051 extra
894 1019 1055 1052 nationem

302 1083 406 1112 suam3
428 1083 465 1105 ac
485 1082 549 1105 non
569 1071 778 1115 acceptando,
800 1071 908 1113 vig-oro
918 1072 1056 1105 cuiusvis

303 1125 422 1169 gratiae
449 1125 673 1168 expectativae,
708 1125 840 1168 aliquod
859 1125 1054 1160 beneficium

302 1178 494 1222 generaliter
514 1184 709 1211 reservatum
731 1189 786 1210 seu
813 1178 977 1219 affectum,
996 1191 1055 1214 nec,

301 1243 365 1265 non
386 1232 423 1265 de
443 1231 642 1265 insinuandis
668 1237 693 1264 et
719 1231 920 1274 piriblieandis
944 1244 1055 1277 aecep-

299 1285 472 1319 tationibus
494 1284 741 1325 beneficiorum,
755 1285 861 1326 vigore
879 1286 1052 1326 gratiarum

299 1339 567 1383 expectativaruni
584 1344 837 1382 acceptaturum,
858 1344 884 1371 et
896 1340 965 1372 aliis
985 1341 1054 1373 dili-

297 1393 411 1436 gentiis
422 1393 575 1426 faciendis
595 1404 653 1436 pro
669 1398 815 1435 tempore
836 1393 938 1432 editis,
951 1394 1053 1427 dietae

297 1447 512 1480 Cancellariae
523 1447 655 1487 reguli&
666 1458 702 1479 ac
713 1446 811 1479 felicis
822 1448 1054 1481 recordationis

297 1500 449 1534 Bonisaeii
462 1501 524 1533 Ytll
541 1505 651 1533 eontra
673 1505 837 1543 exemptos
857 1501 951 1541 edita,
971 1514 1052 1545 quai¹

297 1554 407 1597 incipit
431 1554 585 1592 volentem
608 1564 644 1586 ac
664 1553 758 1585 etiam
780 1564 838 1596 per
857 1564 952 1596 quain
975 1566 1052 1587 enn-

298 1607 458 1640 cessiones
485 1607 523 1639 de
550 1605 710 1639 fructibus
732 1607 765 1638 in
786 1607 927 1639 absentia
948 1609 1051 1651 perci-

298 1658 422 1702 piendis
450 1660 519 1693 sine
545 1659 769 1703 praefinitione
796 1661 951 1704 temporis
982 1661 1050 1695 fieri

298 1713 523 1756 prohibentnr;
540 1723 665 1745 necnon
686 1723 768 1755 quae
785 1712 944 1756 incipiunt
962 1714 1052 1748 Sient

296 1767 395 1799 bonus
415 1770 537 1810 pastor,
560 1771 590 1798 et
614 1765 733 1808 quibus
757 1765 939 1809 disponitur
965 1769 1049 1810 quod

297 1820 418 1860 nullus,
436 1819 543 1862 vigore
564 1819 751 1851 facultatum
765 1819 945 1862 perSedem
963 1831 1052 1864 prae-

296 1872 413 1905 dictam
435 1883 492 1916 pro
516 1877 663 1916 tempore
678 1882 917 1914 concessarum,
944 1873 1050 1917 aliqua

294 1925 451 1959 beneficia
463 1925 678 1959 ecclesiastica
688 1925 850 1967 resignare
866 1927 977 1970 possit,
991 1928 1050 1962 nisi

293 1979 426 2012 illorum
446 1978 680 2022 possessionem
702 1978 870 2022 pacificam
893 1991 950 2023 per
969 1991 1049 2024 qua-

293 2038 368 2065 tuor
376 2043 501 2065 menses
511 2032 672 2071 babuerit,
685 2037 716 2065 et
730 2032 941 2067 nihilominus
950 2034 1049 2068 bene-

294 2085 366 2119 ficia
374 2085 482 2130 ipsain
491 2085 602 2119 odium
612 2085 845 2127 resignantium
855 2097 967 2120 vacare
978 2098 1049 2121 een-

293 2144 425 2172 seantur
443 2149 480 2172 eo
500 2139 581 2183 ipso,
605 2139 682 2172 sixti
700 2139 735 2171 IV
749 2144 780 2172 et
796 2140 894 2173 Innoc
912 2140 987 2181 Vffl3
1012 2153 1049 2175 ac

293 2203 352 2237 per
370 2203 449 2237 quas
463 2192 556 2226 tertia
567 2203 640 2236 pars
660 2193 806 2225 omnium
819 2193 992 2235 bonorum,
1010 2196 1048 2228 de

293 2245 411 2289 quibus
427 2257 483 2289 per
502 2256 726 2289 quoscumque
749 2247 922 2290 praelatos,
941 2247 1047 2290 vigore

293 2309 576 2343 quarumcumque
596 2297 783 2332 facultatum
805 2299 850 2332 eis
862 2310 919 2343 per
933 2300 1046 2334 Sedem

292 2351 491 2397 praedictam
508 2362 748 2392 concessarum,
767 2353 875 2386 testari
894 2364 950 2386 seu
970 2355 1047 2388 alias

293 2400 418 2444 disponi
456 2401 645 2443 contigerit,
681 2400 833 2435 Gamerae
866 2403 1046 2445 praedictae

291 2448 495 2492 Apostolicae
511 2460 570 2493 pro
592 2449 677 2483 itlius
692 2451 935 2484 necessitatibus
945 2452 1047 2496 appli-

291 2503 363 2532 cata
383 2497 502 2531 dicitur
515 2524 522 2538 ‚
544 2498 737 2540 Alexandri,
759 2499 837 2533 Sixti
857 2506 888 2533 ct
907 2500 1045 2534 aliorum

291 2557 576 2591 quorumcumque
603 2547 825 2582 Romanorum
852 2549 1045 2583 Pontificum

291 2595 576 2639 praedecessorum
595 2601 793 2637 nostrorum,
816 2608 851 2630 ac
862 2598 1046 2631 Lateraren-

290 2644 344 2685 sis,
367 2644 461 2677 etiam
482 2644 650 2677 novissime
674 2645 825 2680 celebrati
847 2652 874 2681 et
888 2648 1046 2690 generalis

371 2693 448 2726 Ball.
473 2692 549 2723 lione.
580 2694 631 2725 Vol,
662 2694 702 2725 Η.
889 2695 924 2726 12

1771 261 1814 295 89

1107 321 1261 361 eoncilii3
1299 326 1325 354 et
1358 321 1521 365 quibusvis
1549 322 1617 354 aliis
1647 324 1855 365 apostolicis,

1106 386 1230 408 necnon
1251 375 1498 419 provincialilnls
1515 381 1542 409 et
1564 377 1768 419 synodalibus
1780 389 1857 411 con-

1105 429 1286 461 eiliiseditis
1295 429 1500 471 generalibus
1515 431 1561 462 vel
1578 430 1771 473 specialibus
1782 443 1858 465 con-

1105 481 1323 516 stitutionibus
1333 488 1360 515 et
1372 483 1640 523 ordinationibus3
1649 496 1684 517 ac
1693 484 1857 526 quibusvis

1104 547 1161 578 per
1181 546 1238 568 nos
1253 536 1291 568 de
1312 542 1496 569 nostrornm
1521 543 1551 569 et,
1571 536 1673 570 dictae
1694 538 1856 573 Romanae

1103 588 1262 621 Ecclesiae
1283 589 1508 629 cardinalium,
1522 590 1740 629 familiarium,
1755 592 1856 624 conti-

1102 652 1242 674 nuorum
1264 643 1530 676 eosmncnsalium
1552 649 1582 676 et
1601 643 1671 676 aliis
1690 644 1854 678 beneficiis

1102 695 1334 735 ecclesiasticis,
1360 708 1416 740 per
1436 708 1493 729 nos
1513 703 1543 730 et
1570 698 1685 730 Sedem
1706 699 1853 731 eamdem

1101 747 1191 779 sactis
1210 753 1240 780 et
1258 760 1316 792 pro
1330 755 1474 792 tempore.
1495 750 1647 784 faciendis
1661 751 1854 794 specialibus

1100 801 1147 833 vel
1158 801 1361 843 generaliljms
1377 803 1655 845 reservationibus,
1673 805 1851 838 affectioni-

1100 855 1172 894 bus:
1195 866 1320 888 necnon
1332 856 1455 899 legibus
1467 857 1688 901 imperialibus
1699 864 1729 891 et
1749 861 1853 892 muni-

1100 907 1257 951 cipalibus
1273 920 1308 941 ac
1326 920 1514 952 regnorum,
1536 911 1785 953 prswineiarum,
1797 924 1850 946 ec-

1100 961 1284 1003 clesiarum,
1304 963 1575 996 monasteriorum
1597 970 1624 997 et
1647 966 1806 1007 locorum,
1821 967 1851 999 in

1099 1015 1216 1058 quibus
1246 1016 1499 1060 incompatibilia
1527 1024 1555 1050 et
1589 1018 1649 1051 alia
1674 1020 1848 1053 saecularia

1077 1065 1078 1069 ¹
1099 1081 1134 1101 ac
1160 1071 1320 1111 regularia
1349 1071 1506 1104 beneficia
1532 1073 1717 1105 huiusmodi
1743 1075 1847 1107 forsan

1076 1134 1078 1140 ¹
1099 1123 1228 1163 fuerint,
1241 1135 1296 1156 seu
1317 1135 1335 1157 a
1354 1125 1472 1167 quibus
1489 1125 1554 1169 ipsa
1575 1126 1735 1167 regularia
1755 1128 1850 1161 bene—

1098 1176 1361 1221 tieiadependere
1372 1179 1552 1221 eontigerit,
1566 1180 1759 1213 etOrdinum
1773 1194 1850 1226 quo—

1097 1242 1169 1263 rum
1193 1231 1244 1264 illa
1265 1231 1436 1270 extiterint,
1460 1232 1654 1273 iuramento,
1676 1234 1848 1267 confirma-

1096 1285 1181 1317 tioni¹
1203 1285 1377 1328 apostoliea
1402 1287 1449 1319 vel
1479 1286 1589 1329 quavis
1613 1286 1763 1320 firmitate
1789 1289 1849 1321 alia

1097 1339 1254 1371 roboratis
1275 1339 1400 1371 statutis
1419 1344 1446 1371 et
1460 1340 1759 1381 consuetudinibus,
1783 1342 1849 1385 pri-

1097 1391 1269 1436 lnivilegiis
1289 1403 1432 1436 quoque,
1454 1393 1586 1426 indultis
1606 1397 1634 1425 et
1655 1393 1755 1427 literis
1774 1406 1849 1439 apo-

1095 1446 1213 1478 stolicis
1234 1446 1352 1478 eisdem
1366 1447 1483 1487 regnis,
1497 1447 1680 1490 provinciis,
1692 1449 1846 1489 ecclesiis,

1096 1500 1297 1532 monasteriis
1322 1505 1349 1531 et
1367 1500 1457 1540 loeis,
1476 1511 1512 1533 ac
1529 1501 1624 1533 etiam
1645 1501 1847 1537 Cluniaeensi

1095 1559 1121 1584 et
1140 1553 1339 1585 Cistereiensi
1353 1553 1535 1594 Ordinibus,
1549 1565 1674 1587 necnon
1685 1556 1848 1599 quibusvis

1095 1606 1251 1649 personis,
1270 1606 1505 1649 cuiuscumque
1527 1607 1706 1649 dig-nitatis,
1734 1615 1846 1651 status,

1094 1660 1212 1702 gradus
1231 1665 1261 1692 et
1286 1660 1478 1693 conditionis
1498 1661 1725 1703 existentibus,
1751 1663 1847 1697 etiam

1094 1713 1195 1746 dictae
1216 1712 1330 1745 Curiae
1351 1713 1542 1746 officialibus
1561 1719 1590 1747 et
1612 1725 1726 1749 eorum
1747 1717 1846 1750 colle-

1093 1766 1270 1807 giis‚etiam
1291 1767 1457 1799 literarum
1479 1769 1667 1801 earumdem
1683 1769 1846 1813 scriptori-

1094 1819 1153 1853 bus
1164 1820 1325 1863 praefatis,
1338 1821 1396 1852 sub
1408 1820 1670 1864 quibuscumque
1682 1823 1848 1856 tenoribus

1093 1878 1123 1905 et
1139 1873 1262 1913 formis,
1277 1873 1372 1906 etiam
1385 1884 1443 1917 per
1454 1873 1586 1906 modum
1605 1875 1714 1908 statuti
1731 1887 1847 1922 perpe-

1092 1926 1150 1967 tui,
1165 1927 1261 1959 etiam
1286 1932 1388 1966 motu,
1408 1926 1543 1960 scientia
1560 1933 1590 1961 et
1605 1930 1770 1972 potestatis
1782 1931 1847 1975 ple-

1092 1980 1238 2014 nitudine
1259 1980 1435 2021 similibus,
1459 1981 1554 2014 etiarn
1575 1993 1612 2015 ex
1632 1983 1798 2026 quibusvis
1817 1991 1849 2018 et

1091 2039 1393 2078 quantumcumque
1405 2034 1551 2068 maximis
1560 2036 1843 2079 eturgentissimiS,

1091 2087 1186 2120 etiam
1212 2088 1392 2121 necessario
1418 2087 1647 2132 exprimendis,
1670 2091 1786 2132 causis,
1808 2102 1846 2125 ac

1091 2152 1164 2174 eum
1186 2140 1350 2183 quibusvis
1370 2141 1635 2183 antelationibus,
1658 2145 1844 2187 suspensio-

1090 2194 1196 2235 nibus,
1219 2194 1487 2236 restitutionibus,
1502 2195 1785 2239 declarationibus,
1796 2205 1844 2232 at-

1090 2247 1630 2288 testationibus,modificationibus
1650 2255 1681 2283 et
1695 2250 1764 2284 aliis
1775 2252 1843 2285 effi—

1090 2301 1264 2334 cacissimis
1284 2307 1315 2333 et.
1340 2301 1485 2342 insolitis,
1508 2302 1602 2335 etiam
1624 2303 1842 2347 derogatoria-

1090 2364 1160 2386 rum
1190 2355 1419 2397 derogatoriis,
1442 2355 1538 2388 etiam
1563 2357 1770 2398 generalibus
1788 2368 1842 2390 ex-

1089 2415 1197 2448 presse
1208 2405 1450 2447 derogantibus,
1462 2405 1597 2448 aliisque
1609 2406 1843 2440 efficacioribus

1088 2453 1260 2486 etinsolitis
1269 2453 1705 2498 clausulisirritantilmsque,
1717 2456 1841 2499 etquod

1088 2503 1275 2536 huiusmodi
1300 2503 1485 2547 privilegia,
1506 2503 1627 2537 indulta
1655 2510 1686 2537 et
1709 2504 1839 2545 literae,

1088 2562 1161 2584 cum
1174 2551 1447 2593 concessionibus,
1460 2552 1729 2586 declarationibus
1743 2558 1774 2586 et
1788 2553 1842 2587 de-

1088 2600 1182 2633 cretis
1192 2611 1227 2633 ac
1240 2600 1308 2633 aliis
1321 2600 1351 2633 in
1368 2601 1412 2634 eis
1424 2601 1582 2635 contentis
1597 2601 1761 2643 clausulis,
1779 2603 1838 2636 sub

1062 2651 1070 2707 λ’
1087 2648 1348 2695 quibuscumque
1371 2650 1647 2698 derogationibus,
1666 2650 1839 2686 revocatio-

1872 268 1921 295 An.
1939 268 1966 296 C.
1988 269 2052 296 ¹523
