<?xml version="1.0" encoding="UTF-8"?>
<!DOCTYPE html PUBLIC "-//W3C//DTD XHTML 1.0 Transitional//EN"
    "http://www.w3.org/TR/xhtml1/DTD/xhtml1-transitional.dtd">
<html xmlns="http://www.w3.org/1999/xhtml" xml:lang="en" lang="en">
 <head>
  <title>
</title>
<meta http-equiv="Content-Type" content="text/html;charset=utf-8" />
  <meta name='ocr-system' content='tesseract 3.04.00' />
  <meta name='ocr-capabilities' content='ocr_page ocr_carea ocr_par ocr_line ocrx_word'/>
</head>
<body>
  <div class='ocr_page' id='page_1' title='image "./bullarumdiplomat06cath/bullarumdiplomat06cath_0452.png"; bbox 0 0 2227 3001; ppageno 0'>
   <div class='ocr_carea' id='block_1_1' title="bbox 225 272 409 300">
    <p class='ocr_par' dir='ltr' id='par_1_1' title="bbox 225 272 409 300">
     <span class='ocr_line' id='line_1_1' title="bbox 225 272 409 300; baseline 0 0"><span class='ocrx_word' id='word_1_1' title='bbox 225 272 273 300; x_wconf 71' lang='lat' dir='ltr'>Au.</span> <span class='ocrx_word' id='word_1_2' title='bbox 293 275 310 300; x_wconf 92' lang='lat' dir='ltr'>C</span> <span class='ocrx_word' id='word_1_3' title='bbox 344 273 409 300; x_wconf 63' lang='grc' dir='ltr'>ἲὲὶῦ»)</span> 
     </span>
    </p>
   </div>
   <div class='ocr_carea' id='block_1_2' title="bbox 225 765 411 1033">
    <p class='ocr_par' dir='ltr' id='par_1_2' title="bbox 225 765 411 1033">
     <span class='ocr_line' id='line_1_2' title="bbox 251 765 410 786; baseline -0.006 -1"><span class='ocrx_word' id='word_1_4' title='bbox 251 765 370 786; x_wconf 57' lang='grc' dir='ltr'>ῐῆιίιῚηιοε</span> <span class='ocrx_word' id='word_1_5' title='bbox 390 770 410 785; x_wconf 70' lang='lat'>(¹-</span> 
     </span>
     <span class='ocr_line' id='line_1_3' title="bbox 227 799 410 822; baseline -0.011 -5"><span class='ocrx_word' id='word_1_6' title='bbox 227 799 308 817; x_wconf 59' lang='lat' dir='ltr'>iusttem</span> <span class='ocrx_word' id='word_1_7' title='bbox 330 802 410 822; x_wconf 71' lang='lat' dir='ltr'>cogno-</span> 
     </span>
     <span class='ocr_line' id='line_1_4' title="bbox 226 829 410 848; baseline -0.011 0"><span class='ocrx_word' id='word_1_8' title='bbox 226 829 298 848; x_wconf 68' lang='lat' dir='ltr'>scenti</span> <span class='ocrx_word' id='word_1_9' title='bbox 337 833 410 847; x_wconf 65' lang='lat' dir='ltr'>causas</span> 
     </span>
     <span class='ocr_line' id='line_1_5' title="bbox 227 859 411 879; baseline -0.011 0"><span class='ocrx_word' id='word_1_10' title='bbox 227 860 301 879; x_wconf 55' lang='lat' dir='ltr'>cirues</span> <span class='ocrx_word' id='word_1_11' title='bbox 325 862 345 878; x_wconf 76' lang='lat' dir='ltr'>et</span> <span class='ocrx_word' id='word_1_12' title='bbox 369 859 411 878; x_wconf 75' lang='lat' dir='ltr'>cri-</span> 
     </span>
     <span class='ocr_line' id='line_1_6' title="bbox 226 890 409 915; baseline -0.005 -6"><span class='ocrx_word' id='word_1_13' title='bbox 226 891 314 909; x_wconf 48' lang='lat' dir='ltr'>niinatos</span> <span class='ocrx_word' id='word_1_14' title='bbox 330 890 350 909; x_wconf 92' lang='lat' dir='ltr'>in</span> <span class='ocrx_word' id='word_1_15' title='bbox 366 890 409 915; x_wconf 84' lang='lat' dir='ltr'>pri-</span> 
     </span>
     <span class='ocr_line' id='line_1_7' title="bbox 226 921 411 940; baseline 0 0"><span class='ocrx_word' id='word_1_16' title='bbox 226 922 367 940; x_wconf 72' lang='lat' dir='ltr'>maiustaniia</span> <span class='ocrx_word' id='word_1_17' title='bbox 378 921 411 940; x_wconf 70' lang='lat' dir='ltr'>tm-</span> 
     </span>
     <span class='ocr_line' id='line_1_8' title="bbox 226 951 410 976; baseline -0.005 -5"><span class='ocrx_word' id='word_1_18' title='bbox 226 952 338 971; x_wconf 61' lang='lat' dir='ltr'>hunorum</span> <span class='ocrx_word' id='word_1_19' title='bbox 351 951 410 976; x_wconf 75' lang='lat' dir='ltr'>Burgi</span> 
     </span>
     <span class='ocr_line' id='line_1_9' title="bbox 226 982 410 1008; baseline 0 -7"><span class='ocrx_word' id='word_1_20' title='bbox 226 983 328 1008; x_wconf 70' lang='lat' dir='ltr'>privative</span> <span class='ocrx_word' id='word_1_21' title='bbox 343 982 410 1008; x_wconf 53' lang='lat' dir='ltr'>quo-d</span> 
     </span>
     <span class='ocr_line' id='line_1_10' title="bbox 225 1013 382 1033; baseline -0.006 0"><span class='ocrx_word' id='word_1_22' title='bbox 225 1013 278 1033; x_wconf 72' lang='lat' dir='ltr'>alius</span> <span class='ocrx_word' id='word_1_23' title='bbox 295 1014 382 1033; x_wconf 78' lang='lat' dir='ltr'>iudices.</span> 
     </span>
    </p>
   </div>
   <div class='ocr_carea' id='block_1_3' title="bbox 226 2421 412 2604">
    <p class='ocr_par' dir='ltr' id='par_1_3' title="bbox 226 2421 412 2604">
     <span class='ocr_line' id='line_1_11' title="bbox 281 2421 411 2441; baseline -0.008 0"><span class='ocrx_word' id='word_1_24' title='bbox 281 2421 411 2441; x_wconf 72' lang='lat' dir='ltr'>[mentones</span> 
     </span>
     <span class='ocr_line' id='line_1_12' title="bbox 226 2457 411 2478; baseline -0.011 -5"><span class='ocrx_word' id='word_1_25' title='bbox 226 2458 356 2478; x_wconf 70' lang='lat' dir='ltr'>cuiuscumq.</span> <span class='ocrx_word' id='word_1_26' title='bbox 373 2457 411 2471; x_wconf 83' lang='lat' dir='ltr'>eu-</span> 
     </span>
     <span class='ocr_line' id='line_1_13' title="bbox 226 2483 412 2510; baseline 0 -7"><span class='ocrx_word' id='word_1_27' title='bbox 226 2484 278 2506; x_wconf 70' lang='lat' dir='ltr'>riae.</span> <span class='ocrx_word' id='word_1_28' title='bbox 296 2483 373 2510; x_wconf 76' lang='lat' dir='ltr'>absque</span> <span class='ocrx_word' id='word_1_29' title='bbox 386 2483 412 2503; x_wconf 83' lang='lat' dir='ltr'>ti-</span> 
     </span>
     <span class='ocr_line' id='line_1_14' title="bbox 227 2514 410 2538; baseline -0.005 -5"><span class='ocrx_word' id='word_1_30' title='bbox 227 2515 297 2534; x_wconf 75' lang='lat' dir='ltr'>centia</span> <span class='ocrx_word' id='word_1_31' title='bbox 329 2514 410 2538; x_wconf 77' lang='lat' dir='ltr'>iudicis,</span> 
     </span>
     <span class='ocr_line' id='line_1_15' title="bbox 227 2544 411 2571; baseline 0.011 -8"><span class='ocrx_word' id='word_1_32' title='bbox 227 2544 248 2565; x_wconf 87' lang='lat' dir='ltr'>in</span> <span class='ocrx_word' id='word_1_33' title='bbox 274 2544 340 2571; x_wconf 81' lang='lat' dir='ltr'>Burgo</span> <span class='ocrx_word' id='word_1_34' title='bbox 368 2551 411 2565; x_wconf 88' lang='lat' dir='ltr'>non</span> 
     </span>
     <span class='ocr_line' id='line_1_16' title="bbox 228 2579 367 2604; baseline -0.007 -7"><span class='ocrx_word' id='word_1_35' title='bbox 228 2579 367 2604; x_wconf 70' lang='lat' dir='ltr'>exequantur.</span> 
     </span>
    </p>
   </div>
   <div class='ocr_carea' id='block_1_4' title="bbox 468 263 532 297">
    <p class='ocr_par' dir='ltr' id='par_1_4' title="bbox 468 263 532 297">
     <span class='ocr_line' id='line_1_17' title="bbox 468 263 532 297; baseline 0.031 -6"><span class='ocrx_word' id='word_1_36' title='bbox 468 265 485 297; x_wconf 66' lang='lat'>4</span> <span class='ocrx_word' id='word_1_37' title='bbox 496 265 503 296; x_wconf 85' lang='lat' dir='ltr'>t</span> <span class='ocrx_word' id='word_1_38' title='bbox 513 263 532 293; x_wconf 59' lang='grc' dir='ltr'>εἰ</span> 
     </span>
    </p>
   </div>
   <div class='ocr_carea' id='block_1_5' title="bbox 1024 269 1378 294">
    <p class='ocr_par' dir='ltr' id='par_1_5' title="bbox 1024 269 1378 294">
     <span class='ocr_line' id='line_1_18' title="bbox 1024 269 1378 294; baseline -0.006 0"><span class='ocrx_word' id='word_1_39' title='bbox 1024 270 1203 294; x_wconf 61' lang='grc' dir='ltr'><strong>ΒΓΗΑΒΙΓᾺΙ</strong></span> <span class='ocrx_word' id='word_1_40' title='bbox 1230 269 1378 292; x_wconf 63' lang='lat' dir='ltr'>tunmt‘u</span> 
     </span>
    </p>
   </div>
   <div class='ocr_carea' id='block_1_6' title="bbox 424 321 1976 371">
    <p class='ocr_par' dir='ltr' id='par_1_6' title="bbox 424 321 1976 371">
     <span class='ocr_line' id='line_1_19' title="bbox 424 321 1976 371; baseline -0.005 -12"><span class='ocrx_word' id='word_1_41' title='bbox 424 328 502 367; x_wconf 90' lang='lat' dir='ltr'>bus,</span> <span class='ocrx_word' id='word_1_42' title='bbox 525 327 743 371; x_wconf 71' lang='lat' dir='ltr'>pertinentiis,</span> <span class='ocrx_word' id='word_1_43' title='bbox 766 324 971 357; x_wconf 83' lang='lat' dir='ltr'>facultatibus</span> <span class='ocrx_word' id='word_1_44' title='bbox 999 329 1027 356; x_wconf 89' lang='lat' dir='ltr'>et</span> <span class='ocrx_word' id='word_1_45' title='bbox 1049 323 1179 355; x_wconf 85' lang='lat' dir='ltr'>iurisdi-</span> <span class='ocrx_word' id='word_1_46' title='bbox 1224 332 1449 365; x_wconf 75' lang='lat' dir='ltr'>quaecumque</span> <span class='ocrx_word' id='word_1_47' title='bbox 1483 322 1650 354; x_wconf 85' lang='lat' dir='ltr'>decretum</span> <span class='ocrx_word' id='word_1_48' title='bbox 1690 332 1746 354; x_wconf 89' lang='lat' dir='ltr'>seu</span> <span class='ocrx_word' id='word_1_49' title='bbox 1778 321 1976 359; x_wconf 79' lang='lat' dir='ltr'>relaxatum,</span> 
     </span>
    </p>
   </div>
   <div class='ocr_carea' id='block_1_7' title="bbox 424 376 1185 1908">
    <p class='ocr_par' dir='ltr' id='par_1_7' title="bbox 424 376 1182 686">
     <span class='ocr_line' id='line_1_20' title="bbox 425 376 1182 422; baseline -0.007 -9"><span class='ocrx_word' id='word_1_50' title='bbox 425 380 586 414; x_wconf 89' lang='lat' dir='ltr'>ctionibus</span> <span class='ocrx_word' id='word_1_51' title='bbox 606 381 645 413; x_wconf 87' lang='lat' dir='ltr'>ad</span> <span class='ocrx_word' id='word_1_52' title='bbox 666 379 885 422; x_wconf 85' lang='lat' dir='ltr'>capitaneatus</span> <span class='ocrx_word' id='word_1_53' title='bbox 904 376 1091 410; x_wconf 90' lang='lat' dir='ltr'>huiusmodi</span> <span class='ocrx_word' id='word_1_54' title='bbox 1115 377 1182 409; x_wconf 86' lang='lat' dir='ltr'>offi-</span> 
     </span>
     <span class='ocr_line' id='line_1_21' title="bbox 425 429 1180 478; baseline -0.008 -11"><span class='ocrx_word' id='word_1_55' title='bbox 425 434 511 467; x_wconf 89' lang='lat' dir='ltr'>cium</span> <span class='ocrx_word' id='word_1_56' title='bbox 524 433 764 478; x_wconf 78' lang='lat' dir='ltr'>quomodolibet</span> <span class='ocrx_word' id='word_1_57' title='bbox 783 432 821 464; x_wconf 90' lang='lat' dir='ltr'>de</span> <span class='ocrx_word' id='word_1_58' title='bbox 839 431 909 464; x_wconf 91' lang='lat' dir='ltr'>iure</span> <span class='ocrx_word' id='word_1_59' title='bbox 926 436 980 463; x_wconf 57' lang='lat' dir='ltr'>aut,</span> <span class='ocrx_word' id='word_1_60' title='bbox 996 441 1032 463; x_wconf 84' lang='lat' dir='ltr'>ex</span> <span class='ocrx_word' id='word_1_61' title='bbox 1049 429 1180 473; x_wconf 84' lang='lat' dir='ltr'>speciali</span> 
     </span>
     <span class='ocr_line' id='line_1_22' title="bbox 424 483 1178 531; baseline -0.007 -11"><span class='ocrx_word' id='word_1_62' title='bbox 424 488 537 531; x_wconf 76' lang='lat' dir='ltr'>gratia,</span> <span class='ocrx_word' id='word_1_63' title='bbox 556 487 610 519; x_wconf 87' lang='lat' dir='ltr'>tibi</span> <span class='ocrx_word' id='word_1_64' title='bbox 627 486 721 519; x_wconf 84' lang='lat' dir='ltr'>etiam</span> <span class='ocrx_word' id='word_1_65' title='bbox 738 484 955 529; x_wconf 87' lang='lat' dir='ltr'>praesentium</span> <span class='ocrx_word' id='word_1_66' title='bbox 967 484 1075 526; x_wconf 74' lang='lat' dir='ltr'>vigore</span> <span class='ocrx_word' id='word_1_67' title='bbox 1086 483 1178 520; x_wconf 74' lang='lat' dir='ltr'>sacta,</span> 
     </span>
     <span class='ocr_line' id='line_1_23' title="bbox 425 536 1181 585; baseline -0.008 -11"><span class='ocrx_word' id='word_1_68' title='bbox 425 540 643 585; x_wconf 74' lang='lat' dir='ltr'>spectantibus</span> <span class='ocrx_word' id='word_1_69' title='bbox 664 544 691 571; x_wconf 84' lang='lat' dir='ltr'>et</span> <span class='ocrx_word' id='word_1_70' title='bbox 714 537 969 581; x_wconf 85' lang='lat' dir='ltr'>pertinentibus,</span> <span class='ocrx_word' id='word_1_71' title='bbox 992 536 1181 569; x_wconf 80' lang='lat' dir='ltr'>auctoritate</span> 
     </span>
     <span class='ocr_line' id='line_1_24' title="bbox 424 589 1180 637; baseline -0.007 -11"><span class='ocrx_word' id='word_1_72' title='bbox 424 592 611 637; x_wconf 88' lang='lat' dir='ltr'>apostolica,</span> <span class='ocrx_word' id='word_1_73' title='bbox 633 597 744 624; x_wconf 87' lang='lat' dir='ltr'>tenore</span> <span class='ocrx_word' id='word_1_74' title='bbox 770 590 1005 634; x_wconf 85' lang='lat' dir='ltr'>praesentium,</span> <span class='ocrx_word' id='word_1_75' title='bbox 1033 589 1180 627; x_wconf 81' lang='lat' dir='ltr'>facimus,</span> 
     </span>
     <span class='ocr_line' id='line_1_25' title="bbox 426 643 927 686; baseline -0.008 -8"><span class='ocrx_word' id='word_1_76' title='bbox 426 644 651 678; x_wconf 85' lang='lat' dir='ltr'>constituimus</span> <span class='ocrx_word' id='word_1_77' title='bbox 671 649 699 676; x_wconf 87' lang='lat' dir='ltr'>et</span> <span class='ocrx_word' id='word_1_78' title='bbox 724 643 927 686; x_wconf 74' lang='lat' dir='ltr'>deputamus.</span> 
     </span>
    </p>

    <p class='ocr_par' dir='ltr' id='par_1_8' title="bbox 426 695 1185 1908">
     <span class='ocr_line' id='line_1_26' title="bbox 469 695 1182 742; baseline -0.004 -12"><span class='ocrx_word' id='word_1_79' title='bbox 469 700 484 742; x_wconf 64' lang='lat' dir='ltr'>g</span> <span class='ocrx_word' id='word_1_80' title='bbox 500 698 530 730; x_wconf 51' lang='lat'>«1.</span> <span class='ocrx_word' id='word_1_81' title='bbox 550 698 681 730; x_wconf 78' lang='lat' dir='ltr'>Necnon</span> <span class='ocrx_word' id='word_1_82' title='bbox 698 697 767 737; x_wconf 92' lang='lat' dir='ltr'>tibi,</span> <span class='ocrx_word' id='word_1_83' title='bbox 787 707 844 740; x_wconf 88' lang='lat' dir='ltr'>per</span> <span class='ocrx_word' id='word_1_84' title='bbox 857 702 884 729; x_wconf 86' lang='lat' dir='ltr'>te</span> <span class='ocrx_word' id='word_1_85' title='bbox 901 696 1006 739; x_wconf 89' lang='lat' dir='ltr'>ipsum</span> <span class='ocrx_word' id='word_1_86' title='bbox 1019 696 1067 727; x_wconf 86' lang='lat' dir='ltr'>vel</span> <span class='ocrx_word' id='word_1_87' title='bbox 1082 695 1182 728; x_wconf 90' lang='lat' dir='ltr'>alium</span> 
     </span>
     <span class='ocr_line' id='line_1_27' title="bbox 426 749 1183 792; baseline -0.007 -7"><span class='ocrx_word' id='word_1_88' title='bbox 426 763 483 785; x_wconf 89' lang='lat' dir='ltr'>seu</span> <span class='ocrx_word' id='word_1_89' title='bbox 503 751 594 792; x_wconf 79' lang='lat' dir='ltr'>aliOS,</span> <span class='ocrx_word' id='word_1_90' title='bbox 617 756 672 783; x_wconf 86' lang='lat' dir='ltr'>aut</span> <span class='ocrx_word' id='word_1_91' title='bbox 692 750 832 783; x_wconf 89' lang='lat' dir='ltr'>iudicem</span> <span class='ocrx_word' id='word_1_92' title='bbox 853 760 909 781; x_wconf 88' lang='lat' dir='ltr'>seu</span> <span class='ocrx_word' id='word_1_93' title='bbox 930 749 1052 781; x_wconf 82' lang='lat' dir='ltr'>iudices</span> <span class='ocrx_word' id='word_1_94' title='bbox 1072 759 1130 792; x_wconf 87' lang='lat' dir='ltr'>per</span> <span class='ocrx_word' id='word_1_95' title='bbox 1154 754 1183 781; x_wconf 84' lang='lat' dir='ltr'>te</span> 
     </span>
     <span class='ocr_line' id='line_1_28' title="bbox 428 801 1180 848; baseline -0.003 -13"><span class='ocrx_word' id='word_1_96' title='bbox 428 815 485 848; x_wconf 88' lang='lat' dir='ltr'>pro</span> <span class='ocrx_word' id='word_1_97' title='bbox 510 809 656 848; x_wconf 88' lang='lat' dir='ltr'>tempore</span> <span class='ocrx_word' id='word_1_98' title='bbox 689 803 857 846; x_wconf 85' lang='lat' dir='ltr'>deputatos</span> <span class='ocrx_word' id='word_1_99' title='bbox 890 802 938 834; x_wconf 80' lang='lat' dir='ltr'>vel</span> <span class='ocrx_word' id='word_1_100' title='bbox 968 801 1180 844; x_wconf 86' lang='lat' dir='ltr'>deputandos,</span> 
     </span>
     <span class='ocr_line' id='line_1_29' title="bbox 427 854 1182 899; baseline -0.005 -9"><span class='ocrx_word' id='word_1_101' title='bbox 427 857 647 891; x_wconf 88' lang='lat' dir='ltr'>omnimodam</span> <span class='ocrx_word' id='word_1_102' title='bbox 682 856 713 889; x_wconf 91' lang='lat' dir='ltr'>in</span> <span class='ocrx_word' id='word_1_103' title='bbox 741 855 976 899; x_wconf 77' lang='lat' dir='ltr'>temporalibus</span> <span class='ocrx_word' id='word_1_104' title='bbox 1009 854 1132 887; x_wconf 89' lang='lat' dir='ltr'>civilem</span> <span class='ocrx_word' id='word_1_105' title='bbox 1154 860 1182 887; x_wconf 89' lang='lat' dir='ltr'>et</span> 
     </span>
     <span class='ocr_line' id='line_1_30' title="bbox 427 907 1183 947; baseline -0.005 -4"><span class='ocrx_word' id='word_1_106' title='bbox 427 910 629 943; x_wconf 86' lang='lat' dir='ltr'>criminalem</span> <span class='ocrx_word' id='word_1_107' title='bbox 667 908 945 947; x_wconf 89' lang='lat' dir='ltr'>iurisdictionem,</span> <span class='ocrx_word' id='word_1_108' title='bbox 987 907 1183 940; x_wconf 79' lang='lat' dir='ltr'>ordinariam</span> 
     </span>
     <span class='ocr_line' id='line_1_31' title="bbox 427 961 1183 1005; baseline -0.007 -8"><span class='ocrx_word' id='word_1_109' title='bbox 427 975 484 997; x_wconf 88' lang='lat' dir='ltr'>seu</span> <span class='ocrx_word' id='word_1_110' title='bbox 504 963 600 997; x_wconf 90' lang='lat' dir='ltr'>etiam</span> <span class='ocrx_word' id='word_1_111' title='bbox 628 963 824 1005; x_wconf 70' lang='lat' dir='ltr'>delegatam,</span> <span class='ocrx_word' id='word_1_112' title='bbox 847 972 883 994; x_wconf 88' lang='lat' dir='ltr'>ae</span> <span class='ocrx_word' id='word_1_113' title='bbox 904 971 1031 994; x_wconf 90' lang='lat' dir='ltr'>merum</span> <span class='ocrx_word' id='word_1_114' title='bbox 1053 966 1083 993; x_wconf 86' lang='lat' dir='ltr'>et</span> <span class='ocrx_word' id='word_1_115' title='bbox 1103 961 1183 993; x_wconf 80' lang='lat' dir='ltr'>mix-</span> 
     </span>
     <span class='ocr_line' id='line_1_32' title="bbox 426 1014 1183 1060; baseline -0.004 -11"><span class='ocrx_word' id='word_1_116' title='bbox 426 1023 494 1049; x_wconf 89' lang='lat' dir='ltr'>tum</span> <span class='ocrx_word' id='word_1_117' title='bbox 506 1016 692 1060; x_wconf 83' lang='lat' dir='ltr'>imperium,</span> <span class='ocrx_word' id='word_1_118' title='bbox 701 1015 863 1058; x_wconf 79' lang='lat' dir='ltr'>gladiique</span> <span class='ocrx_word' id='word_1_119' title='bbox 874 1018 1076 1058; x_wconf 86' lang='lat' dir='ltr'>potestatem,</span> <span class='ocrx_word' id='word_1_120' title='bbox 1088 1014 1183 1047; x_wconf 88' lang='lat' dir='ltr'>etiam</span> 
     </span>
     <span class='ocr_line' id='line_1_33' title="bbox 427 1067 1185 1107; baseline -0.003 -5"><span class='ocrx_word' id='word_1_121' title='bbox 427 1070 508 1103; x_wconf 83' lang='lat' dir='ltr'>Sede</span> <span class='ocrx_word' id='word_1_122' title='bbox 527 1074 658 1102; x_wconf 86' lang='lat' dir='ltr'>vacante</span> <span class='ocrx_word' id='word_1_123' title='bbox 679 1069 880 1107; x_wconf 83' lang='lat' dir='ltr'>duraturam,</span> <span class='ocrx_word' id='word_1_124' title='bbox 899 1068 932 1100; x_wconf 92' lang='lat' dir='ltr'>in</span> <span class='ocrx_word' id='word_1_125' title='bbox 952 1067 1086 1101; x_wconf 87' lang='lat' dir='ltr'>dilectos</span> <span class='ocrx_word' id='word_1_126' title='bbox 1102 1068 1185 1101; x_wconf 78' lang='lat' dir='ltr'>lilios</span> 
     </span>
     <span class='ocr_line' id='line_1_34' title="bbox 427 1121 1183 1164; baseline -0.003 -9"><span class='ocrx_word' id='word_1_127' title='bbox 427 1123 549 1156; x_wconf 84' lang='lat' dir='ltr'>incolas</span> <span class='ocrx_word' id='word_1_128' title='bbox 570 1128 599 1155; x_wconf 90' lang='lat' dir='ltr'>et</span> <span class='ocrx_word' id='word_1_129' title='bbox 619 1122 791 1155; x_wconf 75' lang='lat' dir='ltr'>abitatores</span> <span class='ocrx_word' id='word_1_130' title='bbox 812 1121 981 1164; x_wconf 87' lang='lat' dir='ltr'>utriusque</span> <span class='ocrx_word' id='word_1_131' title='bbox 1012 1121 1107 1164; x_wconf 76' lang='lat' dir='ltr'>Burgi</span> <span class='ocrx_word' id='word_1_132' title='bbox 1129 1132 1183 1154; x_wconf 90' lang='lat' dir='ltr'>no-</span> 
     </span>
     <span class='ocr_line' id='line_1_35' title="bbox 427 1173 1185 1218; baseline -0.004 -10"><span class='ocrx_word' id='word_1_133' title='bbox 427 1175 483 1209; x_wconf 86' lang='lat' dir='ltr'>stri</span> <span class='ocrx_word' id='word_1_134' title='bbox 503 1176 533 1208; x_wconf 79' lang='lat' dir='ltr'>S.</span> <span class='ocrx_word' id='word_1_135' title='bbox 557 1175 652 1215; x_wconf 88' lang='lat' dir='ltr'>Petri,</span> <span class='ocrx_word' id='word_1_136' title='bbox 673 1175 768 1208; x_wconf 79' lang='lat' dir='ltr'>citato</span> <span class='ocrx_word' id='word_1_137' title='bbox 786 1174 876 1218; x_wconf 87' lang='lat' dir='ltr'>prius</span> <span class='ocrx_word' id='word_1_138' title='bbox 896 1174 929 1206; x_wconf 91' lang='lat' dir='ltr'>in</span> <span class='ocrx_word' id='word_1_139' title='bbox 950 1173 1053 1206; x_wconf 83' lang='lat' dir='ltr'>causis</span> <span class='ocrx_word' id='word_1_140' title='bbox 1078 1173 1185 1206; x_wconf 86' lang='lat' dir='ltr'>crimi-</span> 
     </span>
     <span class='ocr_line' id='line_1_36' title="bbox 428 1225 1185 1271; baseline -0.004 -10"><span class='ocrx_word' id='word_1_141' title='bbox 428 1228 556 1262; x_wconf 85' lang='lat' dir='ltr'>natibus</span> <span class='ocrx_word' id='word_1_142' title='bbox 577 1239 636 1271; x_wconf 91' lang='lat' dir='ltr'>pro</span> <span class='ocrx_word' id='word_1_143' title='bbox 657 1234 802 1271; x_wconf 88' lang='lat' dir='ltr'>tempore</span> <span class='ocrx_word' id='word_1_144' title='bbox 819 1227 971 1260; x_wconf 79' lang='lat' dir='ltr'>existente</span> <span class='ocrx_word' id='word_1_145' title='bbox 992 1225 1185 1259; x_wconf 85' lang='lat' dir='ltr'>iurisdictio-</span> 
     </span>
     <span class='ocr_line' id='line_1_37' title="bbox 427 1280 1184 1323; baseline -0.003 -9"><span class='ocrx_word' id='word_1_146' title='bbox 427 1282 477 1315; x_wconf 86' lang='lat' dir='ltr'>nis</span> <span class='ocrx_word' id='word_1_147' title='bbox 497 1287 624 1314; x_wconf 82' lang='lat' dir='ltr'>nostrae</span> <span class='ocrx_word' id='word_1_148' title='bbox 644 1280 830 1314; x_wconf 86' lang='lat' dir='ltr'>huiusmodi</span> <span class='ocrx_word' id='word_1_149' title='bbox 850 1280 948 1322; x_wconf 80' lang='lat' dir='ltr'>Burgi</span> <span class='ocrx_word' id='word_1_150' title='bbox 973 1285 1184 1323; x_wconf 77' lang='lat' dir='ltr'>procuratore</span> 
     </span>
     <span class='ocr_line' id='line_1_38' title="bbox 429 1332 1184 1376; baseline -0.003 -9"><span class='ocrx_word' id='word_1_151' title='bbox 429 1334 540 1367; x_wconf 86' lang='lat' dir='ltr'>fiscali.</span> <span class='ocrx_word' id='word_1_152' title='bbox 561 1335 605 1367; x_wconf 85' lang='lat' dir='ltr'>lta</span> <span class='ocrx_word' id='word_1_153' title='bbox 624 1340 731 1367; x_wconf 88' lang='lat' dir='ltr'>tamen</span> <span class='ocrx_word' id='word_1_154' title='bbox 748 1333 834 1376; x_wconf 85' lang='lat' dir='ltr'>quod</span> <span class='ocrx_word' id='word_1_155' title='bbox 855 1333 964 1365; x_wconf 89' lang='lat' dir='ltr'>nullus</span> <span class='ocrx_word' id='word_1_156' title='bbox 980 1332 1132 1376; x_wconf 80' lang='lat' dir='ltr'>deinceps</span> <span class='ocrx_word' id='word_1_157' title='bbox 1148 1344 1184 1365; x_wconf 80' lang='lat' dir='ltr'>ex</span> 
     </span>
     <span class='ocr_line' id='line_1_39' title="bbox 428 1384 1180 1430; baseline -0.001 -12"><span class='ocrx_word' id='word_1_158' title='bbox 428 1387 593 1430; x_wconf 78' lang='lat' dir='ltr'>quibusvis</span> <span class='ocrx_word' id='word_1_159' title='bbox 612 1387 715 1419; x_wconf 91' lang='lat' dir='ltr'>almae</span> <span class='ocrx_word' id='word_1_160' title='bbox 736 1385 830 1419; x_wconf 86' lang='lat' dir='ltr'>Urbis</span> <span class='ocrx_word' id='word_1_161' title='bbox 854 1391 982 1417; x_wconf 87' lang='lat' dir='ltr'>nostrae</span> <span class='ocrx_word' id='word_1_162' title='bbox 1007 1384 1180 1425; x_wconf 83' lang='lat' dir='ltr'>iudicibus,</span> 
     </span>
     <span class='ocr_line' id='line_1_40' title="bbox 429 1437 1183 1482; baseline -0.004 -10"><span class='ocrx_word' id='word_1_163' title='bbox 429 1446 493 1472; x_wconf 75' lang='lat' dir='ltr'>tarn</span> <span class='ocrx_word' id='word_1_164' title='bbox 514 1439 686 1472; x_wconf 80' lang='lat' dir='ltr'>ordinariis</span> <span class='ocrx_word' id='word_1_165' title='bbox 710 1449 807 1482; x_wconf 87' lang='lat' dir='ltr'>quam</span> <span class='ocrx_word' id='word_1_166' title='bbox 829 1437 1101 1477; x_wconf 73' lang='lat' dir='ltr'>extraordinariis,</span> <span class='ocrx_word' id='word_1_167' title='bbox 1124 1438 1183 1470; x_wconf 84' lang='lat' dir='ltr'>ali-</span> 
     </span>
     <span class='ocr_line' id='line_1_41' title="bbox 428 1491 1183 1536; baseline -0.001 -11"><span class='ocrx_word' id='word_1_168' title='bbox 428 1504 524 1536; x_wconf 88' lang='lat' dir='ltr'>quam</span> <span class='ocrx_word' id='word_1_169' title='bbox 545 1492 805 1536; x_wconf 84' lang='lat' dir='ltr'>superioritatem</span> <span class='ocrx_word' id='word_1_170' title='bbox 832 1497 885 1523; x_wconf 87' lang='lat' dir='ltr'>aut</span> <span class='ocrx_word' id='word_1_171' title='bbox 915 1491 1183 1534; x_wconf 74' lang='lat' dir='ltr'>superintenden-</span> 
     </span>
     <span class='ocr_line' id='line_1_42' title="bbox 429 1544 1183 1587; baseline -0.001 -9"><span class='ocrx_word' id='word_1_172' title='bbox 429 1546 505 1578; x_wconf 83' lang='lat' dir='ltr'>tiam</span> <span class='ocrx_word' id='word_1_173' title='bbox 526 1546 560 1578; x_wconf 92' lang='lat' dir='ltr'>in</span> <span class='ocrx_word' id='word_1_174' title='bbox 581 1552 610 1578; x_wconf 91' lang='lat' dir='ltr'>te</span> <span class='ocrx_word' id='word_1_175' title='bbox 630 1550 683 1577; x_wconf 90' lang='lat' dir='ltr'>aut</span> <span class='ocrx_word' id='word_1_176' title='bbox 705 1545 829 1577; x_wconf 85' lang='lat' dir='ltr'>curiam</span> <span class='ocrx_word' id='word_1_177' title='bbox 857 1544 958 1587; x_wconf 84' lang='lat' dir='ltr'>ipsius</span> <span class='ocrx_word' id='word_1_178' title='bbox 984 1544 1098 1587; x_wconf 73' lang='lat' dir='ltr'>Burgi,</span> <span class='ocrx_word' id='word_1_179' title='bbox 1127 1555 1183 1577; x_wconf 85' lang='lat' dir='ltr'>seu</span> 
     </span>
     <span class='ocr_line' id='line_1_43' title="bbox 428 1598 1185 1642; baseline -0.001 -11"><span class='ocrx_word' id='word_1_180' title='bbox 428 1610 486 1642; x_wconf 92' lang='lat' dir='ltr'>pro</span> <span class='ocrx_word' id='word_1_181' title='bbox 508 1604 653 1642; x_wconf 89' lang='lat' dir='ltr'>tempore</span> <span class='ocrx_word' id='word_1_182' title='bbox 674 1609 732 1641; x_wconf 90' lang='lat' dir='ltr'>per</span> <span class='ocrx_word' id='word_1_183' title='bbox 751 1604 780 1631; x_wconf 86' lang='lat' dir='ltr'>te</span> <span class='ocrx_word' id='word_1_184' title='bbox 797 1598 967 1642; x_wconf 87' lang='lat' dir='ltr'>deputatos</span> <span class='ocrx_word' id='word_1_185' title='bbox 983 1603 1012 1630; x_wconf 90' lang='lat' dir='ltr'>et</span> <span class='ocrx_word' id='word_1_186' title='bbox 1029 1598 1185 1642; x_wconf 87' lang='lat' dir='ltr'>deputan-</span> 
     </span>
     <span class='ocr_line' id='line_1_44' title="bbox 428 1651 1185 1691; baseline -0.001 -6"><span class='ocrx_word' id='word_1_187' title='bbox 428 1654 485 1686; x_wconf 85' lang='lat' dir='ltr'>dos</span> <span class='ocrx_word' id='word_1_188' title='bbox 501 1652 587 1685; x_wconf 90' lang='lat' dir='ltr'>illius</span> <span class='ocrx_word' id='word_1_189' title='bbox 604 1651 738 1691; x_wconf 83' lang='lat' dir='ltr'>iudices,</span> <span class='ocrx_word' id='word_1_190' title='bbox 751 1652 905 1691; x_wconf 88' lang='lat' dir='ltr'>notarios,</span> <span class='ocrx_word' id='word_1_191' title='bbox 917 1651 1096 1691; x_wconf 80' lang='lat' dir='ltr'>barisellos‚</span> <span class='ocrx_word' id='word_1_192' title='bbox 1116 1663 1185 1684; x_wconf 86' lang='lat' dir='ltr'>exe-</span> 
     </span>
     <span class='ocr_line' id='line_1_45' title="bbox 428 1705 1183 1749; baseline -0.004 -9"><span class='ocrx_word' id='word_1_193' title='bbox 428 1712 575 1745; x_wconf 82' lang='lat' dir='ltr'>cutores,</span> <span class='ocrx_word' id='word_1_194' title='bbox 606 1706 874 1745; x_wconf 80' lang='lat' dir='ltr'>subexerutores,</span> <span class='ocrx_word' id='word_1_195' title='bbox 902 1705 997 1738; x_wconf 89' lang='lat' dir='ltr'>etiam</span> <span class='ocrx_word' id='word_1_196' title='bbox 1018 1711 1183 1749; x_wconf 80' lang='lat' dir='ltr'>praetextu</span> 
     </span>
     <span class='ocr_line' id='line_1_46' title="bbox 428 1758 1182 1802; baseline -0.003 -9"><span class='ocrx_word' id='word_1_197' title='bbox 428 1761 636 1797; x_wconf 72' lang='lat' dir='ltr'>tacultatum,</span> <span class='ocrx_word' id='word_1_198' title='bbox 661 1758 902 1802; x_wconf 55' lang='lat' dir='ltr'>privilegiorum</span> <span class='ocrx_word' id='word_1_199' title='bbox 933 1764 961 1791; x_wconf 88' lang='lat' dir='ltr'>et</span> <span class='ocrx_word' id='word_1_200' title='bbox 984 1759 1182 1791; x_wconf 86' lang='lat' dir='ltr'>indultorum</span> 
     </span>
     <span class='ocr_line' id='line_1_47' title="bbox 429 1811 1181 1856; baseline -0.001 -10"><span class='ocrx_word' id='word_1_201' title='bbox 429 1813 701 1856; x_wconf 80' lang='lat' dir='ltr'>apostolicorum,</span> <span class='ocrx_word' id='word_1_202' title='bbox 737 1811 831 1844; x_wconf 89' lang='lat' dir='ltr'>ctiam</span> <span class='ocrx_word' id='word_1_203' title='bbox 859 1822 915 1854; x_wconf 80' lang='lat' dir='ltr'>per</span> <span class='ocrx_word' id='word_1_204' title='bbox 936 1822 994 1844; x_wconf 88' lang='lat' dir='ltr'>nos</span> <span class='ocrx_word' id='word_1_205' title='bbox 1014 1817 1066 1844; x_wconf 86' lang='lat' dir='ltr'>aut</span> <span class='ocrx_word' id='word_1_206' title='bbox 1090 1824 1181 1855; x_wconf 86' lang='lat' dir='ltr'>prac-</span> 
     </span>
     <span class='ocr_line' id='line_1_48' title="bbox 427 1865 1183 1908; baseline 0 -10"><span class='ocrx_word' id='word_1_207' title='bbox 427 1867 612 1899; x_wconf 77' lang='lat' dir='ltr'>decessores</span> <span class='ocrx_word' id='word_1_208' title='bbox 632 1871 769 1904; x_wconf 86' lang='lat' dir='ltr'>nostros,</span> <span class='ocrx_word' id='word_1_209' title='bbox 784 1865 843 1897; x_wconf 87' lang='lat' dir='ltr'>sub</span> <span class='ocrx_word' id='word_1_210' title='bbox 859 1865 1120 1908; x_wconf 82' lang='lat' dir='ltr'>quibuscumque</span> <span class='ocrx_word' id='word_1_211' title='bbox 1138 1871 1183 1898; x_wconf 84' lang='lat' dir='ltr'>te-</span> 
     </span>
    </p>
   </div>
   <div class='ocr_carea' id='block_1_8' title="bbox 428 1919 1982 2007">
    <p class='ocr_par' dir='ltr' id='par_1_9' title="bbox 428 1919 1982 2007">
     <span class='ocr_line' id='line_1_49' title="bbox 428 1919 1206 1962; baseline -0.004 -9"><span class='ocrx_word' id='word_1_212' title='bbox 428 1920 563 1953; x_wconf 87' lang='lat' dir='ltr'>noribus</span> <span class='ocrx_word' id='word_1_213' title='bbox 578 1926 605 1953; x_wconf 88' lang='lat' dir='ltr'>et</span> <span class='ocrx_word' id='word_1_214' title='bbox 623 1920 747 1958; x_wconf 77' lang='lat' dir='ltr'>formis,</span> <span class='ocrx_word' id='word_1_215' title='bbox 761 1919 856 1952; x_wconf 89' lang='lat' dir='ltr'>etiam</span> <span class='ocrx_word' id='word_1_216' title='bbox 875 1924 963 1951; x_wconf 88' lang='lat' dir='ltr'>motu</span> <span class='ocrx_word' id='word_1_217' title='bbox 980 1919 1089 1959; x_wconf 87' lang='lat' dir='ltr'>simili,</span> <span class='ocrx_word' id='word_1_218' title='bbox 1102 1931 1183 1962; x_wconf 84' lang='lat' dir='ltr'>quo—</span> <span class='ocrx_word' id='word_1_219' title='bbox 1205 1938 1206 1949; x_wconf 58' lang='grc' dir='ltr'>ι</span> 
     </span>
     <span class='ocr_line' id='line_1_50' title="bbox 1204 1964 1982 2007; baseline -0.001 -10"><span class='ocrx_word' id='word_1_220' title='bbox 1204 1979 1206 1990; x_wconf 75' lang='lat'>‹</span> <span class='ocrx_word' id='word_1_221' title='bbox 1228 1976 1285 1997; x_wconf 58' lang='lat' dir='ltr'>nos</span> <span class='ocrx_word' id='word_1_222' title='bbox 1308 1976 1364 2007; x_wconf 88' lang='lat' dir='ltr'>pro</span> <span class='ocrx_word' id='word_1_223' title='bbox 1385 1969 1532 2007; x_wconf 89' lang='lat' dir='ltr'>tempore</span> <span class='ocrx_word' id='word_1_224' title='bbox 1553 1964 1732 2007; x_wconf 82' lang='lat' dir='ltr'>deputatis,</span> <span class='ocrx_word' id='word_1_225' title='bbox 1755 1969 1982 2007; x_wconf 83' lang='lat' dir='ltr'>praeterquam</span> 
     </span>
    </p>
   </div>
   <div class='ocr_carea' id='block_1_9' title="bbox 425 1974 1184 2233">
    <p class='ocr_par' dir='ltr' id='par_1_10' title="bbox 425 1974 1184 2233">
     <span class='ocr_line' id='line_1_51' title="bbox 428 1974 1181 2012; baseline -0.003 -5"><span class='ocrx_word' id='word_1_226' title='bbox 428 1975 601 2008; x_wconf 89' lang='lat' dir='ltr'>modolibet</span> <span class='ocrx_word' id='word_1_227' title='bbox 620 1976 776 2007; x_wconf 82' lang='lat' dir='ltr'>hactenus</span> <span class='ocrx_word' id='word_1_228' title='bbox 792 1984 1035 2011; x_wconf 75' lang='lat' dir='ltr'>concessorum,</span> <span class='ocrx_word' id='word_1_229' title='bbox 1050 1974 1181 2012; x_wconf 72' lang='lat' dir='ltr'>habere,</span> 
     </span>
     <span class='ocr_line' id='line_1_52' title="bbox 428 2027 1178 2072; baseline 0.001 -12"><span class='ocrx_word' id='word_1_230' title='bbox 428 2034 480 2061; x_wconf 87' lang='lat' dir='ltr'>aut</span> <span class='ocrx_word' id='word_1_231' title='bbox 499 2039 556 2072; x_wconf 91' lang='lat' dir='ltr'>per</span> <span class='ocrx_word' id='word_1_232' title='bbox 572 2039 604 2061; x_wconf 85' lang='lat' dir='ltr'>se</span> <span class='ocrx_word' id='word_1_233' title='bbox 620 2029 667 2060; x_wconf 88' lang='lat' dir='ltr'>vel</span> <span class='ocrx_word' id='word_1_234' title='bbox 688 2032 874 2060; x_wconf 81' lang='lat' dir='ltr'>executores</span> <span class='ocrx_word' id='word_1_235' title='bbox 890 2037 976 2065; x_wconf 81' lang='lat' dir='ltr'>suos,</span> <span class='ocrx_word' id='word_1_236' title='bbox 995 2027 1033 2059; x_wconf 91' lang='lat' dir='ltr'>de</span> <span class='ocrx_word' id='word_1_237' title='bbox 1049 2028 1178 2071; x_wconf 87' lang='lat' dir='ltr'>quibus-</span> 
     </span>
     <span class='ocr_line' id='line_1_53' title="bbox 425 2081 1184 2125; baseline 0 -11"><span class='ocrx_word' id='word_1_238' title='bbox 425 2082 483 2119; x_wconf 85' lang='lat' dir='ltr'>vis,</span> <span class='ocrx_word' id='word_1_239' title='bbox 506 2088 569 2115; x_wconf 86' lang='lat' dir='ltr'>tam</span> <span class='ocrx_word' id='word_1_240' title='bbox 591 2082 737 2115; x_wconf 84' lang='lat' dir='ltr'>civilibus</span> <span class='ocrx_word' id='word_1_241' title='bbox 762 2092 859 2125; x_wconf 89' lang='lat' dir='ltr'>quam</span> <span class='ocrx_word' id='word_1_242' title='bbox 881 2081 1116 2119; x_wconf 90' lang='lat' dir='ltr'>criminalibus,</span> <span class='ocrx_word' id='word_1_243' title='bbox 1139 2082 1184 2114; x_wconf 80' lang='lat' dir='ltr'>di-</span> 
     </span>
     <span class='ocr_line' id='line_1_54' title="bbox 428 2134 1183 2177; baseline -0.001 -9"><span class='ocrx_word' id='word_1_244' title='bbox 428 2141 496 2168; x_wconf 77' lang='lat' dir='ltr'>ctae</span> <span class='ocrx_word' id='word_1_245' title='bbox 507 2135 616 2168; x_wconf 79' lang='lat' dir='ltr'>curiae</span> <span class='ocrx_word' id='word_1_246' title='bbox 626 2135 722 2177; x_wconf 74' lang='lat' dir='ltr'>Burgi</span> <span class='ocrx_word' id='word_1_247' title='bbox 736 2135 853 2171; x_wconf 82' lang='lat' dir='ltr'>causis,</span> <span class='ocrx_word' id='word_1_248' title='bbox 865 2134 897 2167; x_wconf 90' lang='lat' dir='ltr'>in</span> <span class='ocrx_word' id='word_1_249' title='bbox 915 2134 1018 2177; x_wconf 86' lang='lat' dir='ltr'>prima</span> <span class='ocrx_word' id='word_1_250' title='bbox 1036 2134 1183 2167; x_wconf 85' lang='lat' dir='ltr'>instantia</span> 
     </span>
     <span class='ocr_line' id='line_1_55' title="bbox 428 2188 1184 2233; baseline 0 -12"><span class='ocrx_word' id='word_1_251' title='bbox 428 2200 487 2232; x_wconf 92' lang='lat' dir='ltr'>pro</span> <span class='ocrx_word' id='word_1_252' title='bbox 514 2194 660 2233; x_wconf 83' lang='lat' dir='ltr'>tempore</span> <span class='ocrx_word' id='word_1_253' title='bbox 686 2188 835 2221; x_wconf 85' lang='lat' dir='ltr'>indecisis</span> <span class='ocrx_word' id='word_1_254' title='bbox 862 2188 1089 2232; x_wconf 81' lang='lat' dir='ltr'>pendentibus,</span> <span class='ocrx_word' id='word_1_255' title='bbox 1111 2194 1184 2221; x_wconf 84' lang='lat' dir='ltr'>ante</span> 
     </span>
    </p>
   </div>
   <div class='ocr_carea' id='block_1_10' title="bbox 428 2242 1206 2285">
    <p class='ocr_par' dir='ltr' id='par_1_11' title="bbox 428 2242 1206 2285">
     <span class='ocr_line' id='line_1_56' title="bbox 428 2242 1206 2285; baseline -0.003 -11"><span class='ocrx_word' id='word_1_256' title='bbox 428 2245 523 2275; x_wconf 85' lang='lat' dir='ltr'>latam</span> <span class='ocrx_word' id='word_1_257' title='bbox 542 2243 572 2274; x_wconf 94' lang='lat' dir='ltr'>in</span> <span class='ocrx_word' id='word_1_258' title='bbox 589 2243 633 2275; x_wconf 86' lang='lat' dir='ltr'>eis</span> <span class='ocrx_word' id='word_1_259' title='bbox 649 2242 841 2275; x_wconf 82' lang='lat' dir='ltr'>definitivam</span> <span class='ocrx_word' id='word_1_260' title='bbox 857 2242 1061 2281; x_wconf 78' lang='lat' dir='ltr'>sententiam,</span> <span class='ocrx_word' id='word_1_261' title='bbox 1073 2242 1184 2285; x_wconf 89' lang='lat' dir='ltr'>quovis</span> <span class='ocrx_word' id='word_1_262' title='bbox 1204 2267 1206 2272; x_wconf 80' lang='grc'>,</span> 
     </span>
    </p>
   </div>
   <div class='ocr_carea' id='block_1_11' title="bbox 426 2296 1185 2698">
    <p class='ocr_par' dir='ltr' id='par_1_12' title="bbox 426 2296 1097 2340">
     <span class='ocr_line' id='line_1_57' title="bbox 426 2296 1097 2340; baseline 0 -12"><span class='ocrx_word' id='word_1_263' title='bbox 426 2296 488 2329; x_wconf 88' lang='lat' dir='ltr'>alio</span> <span class='ocrx_word' id='word_1_264' title='bbox 509 2296 654 2340; x_wconf 88' lang='lat' dir='ltr'>quaesito</span> <span class='ocrx_word' id='word_1_265' title='bbox 676 2297 796 2335; x_wconf 86' lang='lat' dir='ltr'>colore,</span> <span class='ocrx_word' id='word_1_266' title='bbox 820 2307 851 2329; x_wconf 86' lang='lat' dir='ltr'>se</span> <span class='ocrx_word' id='word_1_267' title='bbox 874 2296 1097 2329; x_wconf 80' lang='lat' dir='ltr'>intromittere.</span> 
     </span>
    </p>

    <p class='ocr_par' dir='ltr' id='par_1_13' title="bbox 426 2351 1185 2698">
     <span class='ocr_line' id='line_1_58' title="bbox 471 2351 1182 2394; baseline -0.001 -11"><span class='ocrx_word' id='word_1_268' title='bbox 471 2352 485 2394; x_wconf 62' lang='grc' dir='ltr'><strong>ξ</strong></span> <span class='ocrx_word' id='word_1_269' title='bbox 505 2351 535 2384; x_wconf 70' lang='lat'>02.</span> <span class='ocrx_word' id='word_1_270' title='bbox 569 2352 629 2383; x_wconf 68' lang='lat' dir='ltr'>Aut</span> <span class='ocrx_word' id='word_1_271' title='bbox 649 2351 819 2383; x_wconf 79' lang='lat' dir='ltr'>barisellus</span> <span class='ocrx_word' id='word_1_272' title='bbox 850 2351 953 2383; x_wconf 85' lang='lat' dir='ltr'>dictae</span> <span class='ocrx_word' id='word_1_273' title='bbox 978 2351 1104 2389; x_wconf 83' lang='lat' dir='ltr'>curiae,</span> <span class='ocrx_word' id='word_1_274' title='bbox 1128 2362 1182 2383; x_wconf 85' lang='lat' dir='ltr'>seu</span> 
     </span>
     <span class='ocr_line' id='line_1_59' title="bbox 427 2405 1183 2449; baseline -0.001 -11"><span class='ocrx_word' id='word_1_275' title='bbox 427 2405 662 2449; x_wconf 80' lang='lat' dir='ltr'>cuiuscumque</span> <span class='ocrx_word' id='word_1_276' title='bbox 682 2406 813 2438; x_wconf 85' lang='lat' dir='ltr'>alterius</span> <span class='ocrx_word' id='word_1_277' title='bbox 824 2405 933 2438; x_wconf 86' lang='lat' dir='ltr'>curiae</span> <span class='ocrx_word' id='word_1_278' title='bbox 952 2405 1095 2438; x_wconf 89' lang='lat' dir='ltr'>eiusdem</span> <span class='ocrx_word' id='word_1_279' title='bbox 1124 2405 1183 2437; x_wconf 88' lang='lat' dir='ltr'>Ur—</span> 
     </span>
     <span class='ocr_line' id='line_1_60' title="bbox 426 2458 1181 2502; baseline 0 -11"><span class='ocrx_word' id='word_1_280' title='bbox 426 2459 476 2492; x_wconf 87' lang='lat' dir='ltr'>bis</span> <span class='ocrx_word' id='word_1_281' title='bbox 507 2464 693 2493; x_wconf 76' lang='lat' dir='ltr'>executores</span> <span class='ocrx_word' id='word_1_282' title='bbox 727 2470 785 2502; x_wconf 87' lang='lat' dir='ltr'>pro</span> <span class='ocrx_word' id='word_1_283' title='bbox 815 2464 961 2502; x_wconf 85' lang='lat' dir='ltr'>tempore</span> <span class='ocrx_word' id='word_1_284' title='bbox 996 2458 1181 2495; x_wconf 78' lang='lat' dir='ltr'>existentes,</span> 
     </span>
     <span class='ocr_line' id='line_1_61' title="bbox 427 2507 1185 2552; baseline -0.003 -11"><span class='ocrx_word' id='word_1_285' title='bbox 427 2509 658 2552; x_wconf 87' lang='lat' dir='ltr'>quodcumque</span> <span class='ocrx_word' id='word_1_286' title='bbox 681 2508 865 2540; x_wconf 89' lang='lat' dir='ltr'>mandatum</span> <span class='ocrx_word' id='word_1_287' title='bbox 887 2507 1099 2546; x_wconf 79' lang='lat' dir='ltr'>executivum,</span> <span class='ocrx_word' id='word_1_288' title='bbox 1127 2518 1185 2550; x_wconf 81' lang='lat' dir='ltr'>per</span> 
     </span>
     <span class='ocr_line' id='line_1_62' title="bbox 428 2557 1184 2600; baseline -0.003 -10"><span class='ocrx_word' id='word_1_289' title='bbox 428 2558 557 2590; x_wconf 86' lang='lat' dir='ltr'>eosdem</span> <span class='ocrx_word' id='word_1_290' title='bbox 584 2557 706 2590; x_wconf 84' lang='lat' dir='ltr'>iudices</span> <span class='ocrx_word' id='word_1_291' title='bbox 731 2563 843 2589; x_wconf 85' lang='lat' dir='ltr'>contra</span> <span class='ocrx_word' id='word_1_292' title='bbox 867 2567 1088 2600; x_wconf 87' lang='lat' dir='ltr'>quascumque</span> <span class='ocrx_word' id='word_1_293' title='bbox 1114 2567 1184 2599; x_wconf 87' lang='lat' dir='ltr'>per-</span> 
     </span>
     <span class='ocr_line' id='line_1_63' title="bbox 429 2605 1183 2650; baseline -0.004 -11"><span class='ocrx_word' id='word_1_294' title='bbox 429 2617 524 2639; x_wconf 82' lang='lat' dir='ltr'>sonas</span> <span class='ocrx_word' id='word_1_295' title='bbox 538 2607 571 2638; x_wconf 90' lang='lat' dir='ltr'>in</span> <span class='ocrx_word' id='word_1_296' title='bbox 586 2606 656 2650; x_wconf 82' lang='lat' dir='ltr'>ipso</span> <span class='ocrx_word' id='word_1_297' title='bbox 672 2606 778 2648; x_wconf 81' lang='lat' dir='ltr'>Burgo</span> <span class='ocrx_word' id='word_1_298' title='bbox 800 2615 858 2649; x_wconf 91' lang='lat' dir='ltr'>pro</span> <span class='ocrx_word' id='word_1_299' title='bbox 874 2610 1019 2648; x_wconf 80' lang='lat' dir='ltr'>tempore</span> <span class='ocrx_word' id='word_1_300' title='bbox 1035 2605 1183 2637; x_wconf 88' lang='lat' dir='ltr'>habitan-</span> 
     </span>
     <span class='ocr_line' id='line_1_64' title="bbox 428 2653 1185 2698; baseline -0.004 -10"><span class='ocrx_word' id='word_1_301' title='bbox 428 2661 474 2689; x_wconf 83' lang='lat' dir='ltr'>tes</span> <span class='ocrx_word' id='word_1_302' title='bbox 495 2659 525 2688; x_wconf 84' lang='lat' dir='ltr'>ct</span> <span class='ocrx_word' id='word_1_303' title='bbox 544 2655 713 2698; x_wconf 85' lang='lat' dir='ltr'>degentes,</span> <span class='ocrx_word' id='word_1_304' title='bbox 741 2659 793 2688; x_wconf 87' lang='lat' dir='ltr'>aut</span> <span class='ocrx_word' id='word_1_305' title='bbox 821 2654 951 2687; x_wconf 85' lang='lat' dir='ltr'>illorum</span> <span class='ocrx_word' id='word_1_306' title='bbox 980 2664 1029 2686; x_wconf 87' lang='lat' dir='ltr'>res</span> <span class='ocrx_word' id='word_1_307' title='bbox 1051 2659 1078 2686; x_wconf 87' lang='lat' dir='ltr'>et</span> <span class='ocrx_word' id='word_1_308' title='bbox 1100 2653 1185 2686; x_wconf 88' lang='lat' dir='ltr'>bona</span> 
     </span>
    </p>
   </div>
   <div class='ocr_carea' id='block_1_12' title="bbox 1203 1286 1209 2682">
    <p class='ocr_par' dir='ltr' id='par_1_14' title="bbox 1203 1286 1209 2682">
     <span class='ocr_line' id='line_1_65' title="bbox 1203 1286 1209 2682; baseline 0 0"><span class='ocrx_word' id='word_1_309' title='bbox 1203 1286 1209 2682; x_wconf 95' lang='lat' dir='ltr'> </span> 
     </span>
    </p>
   </div>
   <div class='ocr_carea' id='block_1_13' title="bbox 1224 373 1986 1756">
    <p class='ocr_par' dir='ltr' id='par_1_15' title="bbox 1224 373 1979 576">
     <span class='ocr_line' id='line_1_66' title="bbox 1224 373 1978 418; baseline -0.001 -12"><span class='ocrx_word' id='word_1_310' title='bbox 1224 379 1348 418; x_wconf 82' lang='lat' dir='ltr'>autpro</span> <span class='ocrx_word' id='word_1_311' title='bbox 1362 379 1506 418; x_wconf 87' lang='lat' dir='ltr'>tempore</span> <span class='ocrx_word' id='word_1_312' title='bbox 1518 374 1760 407; x_wconf 88' lang='lat' dir='ltr'>decernendum</span> <span class='ocrx_word' id='word_1_313' title='bbox 1781 379 1812 406; x_wconf 88' lang='lat' dir='ltr'>et</span> <span class='ocrx_word' id='word_1_314' title='bbox 1833 373 1978 405; x_wconf 74' lang='lat' dir='ltr'>relaxan-</span> 
     </span>
     <span class='ocr_line' id='line_1_67' title="bbox 1224 425 1979 467; baseline -0.001 -8"><span class='ocrx_word' id='word_1_315' title='bbox 1224 428 1313 467; x_wconf 55' lang='lat' dir='ltr'>dam,</span> <span class='ocrx_word' id='word_1_316' title='bbox 1336 427 1404 460; x_wconf 86' lang='lat' dir='ltr'>sine</span> <span class='ocrx_word' id='word_1_317' title='bbox 1426 432 1478 459; x_wconf 87' lang='lat' dir='ltr'>tua</span> <span class='ocrx_word' id='word_1_318' title='bbox 1513 432 1568 460; x_wconf 86' lang='lat' dir='ltr'>aut</span> <span class='ocrx_word' id='word_1_319' title='bbox 1595 427 1709 460; x_wconf 89' lang='lat' dir='ltr'>iudicis</span> <span class='ocrx_word' id='word_1_320' title='bbox 1739 427 1842 459; x_wconf 87' lang='lat' dir='ltr'>dictae</span> <span class='ocrx_word' id='word_1_321' title='bbox 1870 425 1979 459; x_wconf 86' lang='lat' dir='ltr'>curiae</span> 
     </span>
     <span class='ocr_line' id='line_1_68' title="bbox 1226 478 1979 523; baseline -0.004 -10"><span class='ocrx_word' id='word_1_322' title='bbox 1226 480 1320 523; x_wconf 54' lang='lat' dir='ltr'>ltargi</span> <span class='ocrx_word' id='word_1_323' title='bbox 1341 491 1400 523; x_wconf 89' lang='lat' dir='ltr'>pro</span> <span class='ocrx_word' id='word_1_324' title='bbox 1424 485 1570 523; x_wconf 88' lang='lat' dir='ltr'>tempore</span> <span class='ocrx_word' id='word_1_325' title='bbox 1591 480 1752 513; x_wconf 77' lang='lat' dir='ltr'>existentis</span> <span class='ocrx_word' id='word_1_326' title='bbox 1767 489 1916 522; x_wconf 85' lang='lat' dir='ltr'>expressa</span> <span class='ocrx_word' id='word_1_327' title='bbox 1940 478 1979 511; x_wconf 93' lang='lat' dir='ltr'>li-</span> 
     </span>
     <span class='ocr_line' id='line_1_69' title="bbox 1225 532 1976 576; baseline -0.001 -11"><span class='ocrx_word' id='word_1_328' title='bbox 1225 533 1328 566; x_wconf 62' lang='lat' dir='ltr'>cvutia</span> <span class='ocrx_word' id='word_1_329' title='bbox 1348 533 1411 567; x_wconf 85' lang='lat' dir='ltr'>sive</span> <span class='ocrx_word' id='word_1_330' title='bbox 1432 544 1604 573; x_wconf 87' lang='lat' dir='ltr'>consensu,</span> <span class='ocrx_word' id='word_1_331' title='bbox 1627 533 1739 576; x_wconf 83' lang='lat' dir='ltr'>exequi</span> <span class='ocrx_word' id='word_1_332' title='bbox 1761 543 1825 566; x_wconf 93' lang='lat' dir='ltr'>non</span> <span class='ocrx_word' id='word_1_333' title='bbox 1843 532 1976 576; x_wconf 82' lang='lat' dir='ltr'>possint.</span> 
     </span>
    </p>

    <p class='ocr_par' dir='ltr' id='par_1_16' title="bbox 1225 586 1986 1756">
     <span class='ocr_line' id='line_1_70' title="bbox 1269 586 1977 630; baseline 0 -12"><span class='ocrx_word' id='word_1_334' title='bbox 1269 586 1330 627; x_wconf 59' lang='lat'>3¹3.</span> <span class='ocrx_word' id='word_1_335' title='bbox 1350 587 1527 630; x_wconf 86' lang='lat' dir='ltr'>Nullusque</span> <span class='ocrx_word' id='word_1_336' title='bbox 1548 587 1690 627; x_wconf 87' lang='lat' dir='ltr'>nullave,</span> <span class='ocrx_word' id='word_1_337' title='bbox 1713 586 1851 619; x_wconf 83' lang='lat' dir='ltr'>cuiusvis</span> <span class='ocrx_word' id='word_1_338' title='bbox 1866 591 1977 625; x_wconf 83' lang='lat' dir='ltr'>status,</span> 
     </span>
     <span class='ocr_line' id='line_1_71' title="bbox 1225 639 1980 683; baseline 0 -11"><span class='ocrx_word' id='word_1_339' title='bbox 1225 640 1343 683; x_wconf 63' lang='lat' dir='ltr'>gradus</span> <span class='ocrx_word' id='word_1_340' title='bbox 1376 646 1407 673; x_wconf 87' lang='lat' dir='ltr'>et</span> <span class='ocrx_word' id='word_1_341' title='bbox 1431 639 1625 673; x_wconf 83' lang='lat' dir='ltr'>conditionis</span> <span class='ocrx_word' id='word_1_342' title='bbox 1651 640 1780 679; x_wconf 81' lang='lat' dir='ltr'>existat,</span> <span class='ocrx_word' id='word_1_343' title='bbox 1803 640 1926 672; x_wconf 88' lang='lat' dir='ltr'>incolas</span> <span class='ocrx_word' id='word_1_344' title='bbox 1951 644 1980 672; x_wconf 87' lang='lat' dir='ltr'>et</span> 
     </span>
     <span class='ocr_line' id='line_1_72' title="bbox 1226 692 1981 736; baseline 0 -11"><span class='ocrx_word' id='word_1_345' title='bbox 1226 693 1422 726; x_wconf 67' lang='lat' dir='ltr'>habitatores</span> <span class='ocrx_word' id='word_1_346' title='bbox 1440 693 1538 736; x_wconf 77' lang='lat' dir='ltr'>Burgi</span> <span class='ocrx_word' id='word_1_347' title='bbox 1559 693 1757 733; x_wconf 87' lang='lat' dir='ltr'>huiusmodi,</span> <span class='ocrx_word' id='word_1_348' title='bbox 1776 703 1831 725; x_wconf 89' lang='lat' dir='ltr'>seu</span> <span class='ocrx_word' id='word_1_349' title='bbox 1849 692 1879 725; x_wconf 90' lang='lat' dir='ltr'>in</span> <span class='ocrx_word' id='word_1_350' title='bbox 1896 703 1934 725; x_wconf 90' lang='lat' dir='ltr'>eo</span> <span class='ocrx_word' id='word_1_351' title='bbox 1950 698 1981 726; x_wconf 87' lang='lat' dir='ltr'>et</span> 
     </span>
     <span class='ocr_line' id='line_1_73' title="bbox 1227 746 1980 790; baseline -0.001 -11"><span class='ocrx_word' id='word_1_352' title='bbox 1227 746 1312 779; x_wconf 85' lang='lat' dir='ltr'>iilius</span> <span class='ocrx_word' id='word_1_353' title='bbox 1327 746 1547 779; x_wconf 87' lang='lat' dir='ltr'>iurisdictione</span> <span class='ocrx_word' id='word_1_354' title='bbox 1562 746 1772 790; x_wconf 88' lang='lat' dir='ltr'>hospitantes,</span> <span class='ocrx_word' id='word_1_355' title='bbox 1786 751 1840 778; x_wconf 89' lang='lat' dir='ltr'>aut</span> <span class='ocrx_word' id='word_1_356' title='bbox 1856 756 1980 779; x_wconf 88' lang='lat' dir='ltr'>moram</span> 
     </span>
     <span class='ocr_line' id='line_1_74' title="bbox 1227 799 1981 839; baseline 0.001 -8"><span class='ocrx_word' id='word_1_357' title='bbox 1227 800 1401 839; x_wconf 82' lang='lat' dir='ltr'>trabentes,</span> <span class='ocrx_word' id='word_1_358' title='bbox 1431 799 1602 832; x_wconf 85' lang='lat' dir='ltr'>convenire</span> <span class='ocrx_word' id='word_1_359' title='bbox 1628 804 1682 832; x_wconf 87' lang='lat' dir='ltr'>aut</span> <span class='ocrx_word' id='word_1_360' title='bbox 1709 800 1893 838; x_wconf 83' lang='lat' dir='ltr'>molestare,</span> <span class='ocrx_word' id='word_1_361' title='bbox 1920 809 1981 832; x_wconf 88' lang='lat' dir='ltr'>nec</span> 
     </span>
     <span class='ocr_line' id='line_1_75' title="bbox 1227 851 1982 895; baseline -0.001 -10"><span class='ocrx_word' id='word_1_362' title='bbox 1227 852 1392 885; x_wconf 77' lang='lat' dir='ltr'>conveniri</span> <span class='ocrx_word' id='word_1_363' title='bbox 1410 853 1459 885; x_wconf 90' lang='lat' dir='ltr'>vel</span> <span class='ocrx_word' id='word_1_364' title='bbox 1480 852 1659 889; x_wconf 86' lang='lat' dir='ltr'>molestari,</span> <span class='ocrx_word' id='word_1_365' title='bbox 1683 863 1788 895; x_wconf 86' lang='lat' dir='ltr'>neque</span> <span class='ocrx_word' id='word_1_366' title='bbox 1810 852 1850 884; x_wconf 86' lang='lat' dir='ltr'>ad</span> <span class='ocrx_word' id='word_1_367' title='bbox 1869 851 1883 874; x_wconf 85' lang='lat'><strong>¹</strong></span> <span class='ocrx_word' id='word_1_368' title='bbox 1901 851 1982 884; x_wconf 87' lang='lat' dir='ltr'>iudi-</span> 
     </span>
     <span class='ocr_line' id='line_1_76' title="bbox 1227 904 1981 945; baseline -0.001 -8"><span class='ocrx_word' id='word_1_369' title='bbox 1227 906 1313 938; x_wconf 83' lang='lat' dir='ltr'>cium</span> <span class='ocrx_word' id='word_1_370' title='bbox 1334 905 1397 938; x_wconf 88' lang='lat' dir='ltr'>sive</span> <span class='ocrx_word' id='word_1_371' title='bbox 1416 905 1557 938; x_wconf 88' lang='lat' dir='ltr'>tribunal</span> <span class='ocrx_word' id='word_1_372' title='bbox 1579 905 1708 938; x_wconf 88' lang='lat' dir='ltr'>trahere</span> <span class='ocrx_word' id='word_1_373' title='bbox 1721 931 1728 945; x_wconf 92' lang='lat'>,</span> <span class='ocrx_word' id='word_1_374' title='bbox 1753 915 1809 938; x_wconf 88' lang='lat' dir='ltr'>seu</span> <span class='ocrx_word' id='word_1_375' title='bbox 1830 904 1914 937; x_wconf 86' lang='lat' dir='ltr'>trahi</span> <span class='ocrx_word' id='word_1_376' title='bbox 1934 905 1981 937; x_wconf 85' lang='lat' dir='ltr'>fa-</span> 
     </span>
     <span class='ocr_line' id='line_1_77' title="bbox 1226 958 1983 1002; baseline -0.001 -11"><span class='ocrx_word' id='word_1_377' title='bbox 1226 969 1299 992; x_wconf 76' lang='lat' dir='ltr'>cere</span> <span class='ocrx_word' id='word_1_378' title='bbox 1319 959 1420 992; x_wconf 85' lang='lat' dir='ltr'>active</span> <span class='ocrx_word' id='word_1_379' title='bbox 1440 959 1489 991; x_wconf 89' lang='lat' dir='ltr'>vel</span> <span class='ocrx_word' id='word_1_380' title='bbox 1510 961 1649 1002; x_wconf 86' lang='lat' dir='ltr'>passive,</span> <span class='ocrx_word' id='word_1_381' title='bbox 1677 969 1714 991; x_wconf 83' lang='lat' dir='ltr'>ex</span> <span class='ocrx_word' id='word_1_382' title='bbox 1741 958 1853 1002; x_wconf 87' lang='lat' dir='ltr'>quavis</span> <span class='ocrx_word' id='word_1_383' title='bbox 1885 968 1983 991; x_wconf 87' lang='lat' dir='ltr'>causa</span> 
     </span>
     <span class='ocr_line' id='line_1_78' title="bbox 1226 1011 1982 1056; baseline 0 -12"><span class='ocrx_word' id='word_1_384' title='bbox 1226 1018 1278 1044; x_wconf 78' lang='lat' dir='ltr'>aut</span> <span class='ocrx_word' id='word_1_385' title='bbox 1300 1012 1438 1053; x_wconf 83' lang='lat' dir='ltr'>actione,</span> <span class='ocrx_word' id='word_1_386' title='bbox 1456 1012 1630 1056; x_wconf 84' lang='lat' dir='ltr'>personali,</span> <span class='ocrx_word' id='word_1_387' title='bbox 1649 1011 1740 1052; x_wconf 83' lang='lat' dir='ltr'>reali,</span> <span class='ocrx_word' id='word_1_388' title='bbox 1758 1011 1854 1052; x_wconf 84' lang='lat' dir='ltr'>civili,</span> <span class='ocrx_word' id='word_1_389' title='bbox 1875 1011 1982 1044; x_wconf 86' lang='lat' dir='ltr'>crimi-</span> 
     </span>
     <span class='ocr_line' id='line_1_79' title="bbox 1226 1064 1981 1108; baseline 0 -11"><span class='ocrx_word' id='word_1_390' title='bbox 1226 1065 1289 1098; x_wconf 85' lang='lat' dir='ltr'>nali</span> <span class='ocrx_word' id='word_1_391' title='bbox 1311 1071 1365 1098; x_wconf 87' lang='lat' dir='ltr'>aut</span> <span class='ocrx_word' id='word_1_392' title='bbox 1386 1065 1483 1098; x_wconf 85' lang='lat' dir='ltr'>mixta</span> <span class='ocrx_word' id='word_1_393' title='bbox 1497 1093 1504 1106; x_wconf 85' lang='lat'>,</span> <span class='ocrx_word' id='word_1_394' title='bbox 1533 1065 1668 1098; x_wconf 84' lang='lat' dir='ltr'>durante</span> <span class='ocrx_word' id='word_1_395' title='bbox 1690 1065 1793 1108; x_wconf 87' lang='lat' dir='ltr'>prima</span> <span class='ocrx_word' id='word_1_396' title='bbox 1819 1064 1981 1105; x_wconf 86' lang='lat' dir='ltr'>instantia,</span> 
     </span>
     <span class='ocr_line' id='line_1_80' title="bbox 1227 1117 1984 1163; baseline 0.001 -13"><span class='ocrx_word' id='word_1_397' title='bbox 1227 1125 1443 1163; x_wconf 58' lang='lat' dir='ltr'>liz-awerquam</span> <span class='ocrx_word' id='word_1_398' title='bbox 1464 1119 1568 1152; x_wconf 87' lang='lat' dir='ltr'>solum</span> <span class='ocrx_word' id='word_1_399' title='bbox 1587 1124 1615 1152; x_wconf 91' lang='lat' dir='ltr'>et</span> <span class='ocrx_word' id='word_1_400' title='bbox 1633 1119 1797 1151; x_wconf 82' lang='lat' dir='ltr'>dumtaxat</span> <span class='ocrx_word' id='word_1_401' title='bbox 1812 1118 1844 1150; x_wconf 90' lang='lat' dir='ltr'>in</span> <span class='ocrx_word' id='word_1_402' title='bbox 1864 1117 1984 1151; x_wconf 86' lang='lat' dir='ltr'>iudicio</span> 
     </span>
     <span class='ocr_line' id='line_1_81' title="bbox 1227 1171 1984 1216; baseline 0 -12"><span class='ocrx_word' id='word_1_403' title='bbox 1227 1177 1253 1204; x_wconf 74' lang='lat' dir='ltr'>et</span> <span class='ocrx_word' id='word_1_404' title='bbox 1277 1182 1387 1204; x_wconf 78' lang='lat' dir='ltr'>coram</span> <span class='ocrx_word' id='word_1_405' title='bbox 1409 1171 1514 1204; x_wconf 79' lang='lat' dir='ltr'>iudice</span> <span class='ocrx_word' id='word_1_406' title='bbox 1542 1172 1644 1205; x_wconf 79' lang='lat' dir='ltr'>dictae</span> <span class='ocrx_word' id='word_1_407' title='bbox 1669 1171 1778 1204; x_wconf 88' lang='lat' dir='ltr'>curiae</span> <span class='ocrx_word' id='word_1_408' title='bbox 1802 1171 1899 1214; x_wconf 86' lang='lat' dir='ltr'>Burgi</span> <span class='ocrx_word' id='word_1_409' title='bbox 1925 1182 1984 1216; x_wconf 89' lang='lat' dir='ltr'>pro</span> 
     </span>
     <span class='ocr_line' id='line_1_82' title="bbox 1227 1223 1985 1268; baseline 0 -12"><span class='ocrx_word' id='word_1_410' title='bbox 1227 1230 1372 1268; x_wconf 81' lang='lat' dir='ltr'>tempore</span> <span class='ocrx_word' id='word_1_411' title='bbox 1393 1224 1559 1264; x_wconf 77' lang='lat' dir='ltr'>existenti,</span> <span class='ocrx_word' id='word_1_412' title='bbox 1591 1225 1649 1257; x_wconf 88' lang='lat' dir='ltr'>sub</span> <span class='ocrx_word' id='word_1_413' title='bbox 1679 1224 1793 1268; x_wconf 87' lang='lat' dir='ltr'>poenis</span> <span class='ocrx_word' id='word_1_414' title='bbox 1826 1223 1985 1257; x_wconf 85' lang='lat' dir='ltr'>contentis</span> 
     </span>
     <span class='ocr_line' id='line_1_83' title="bbox 1226 1272 1983 1316; baseline 0.001 -12"><span class='ocrx_word' id='word_1_415' title='bbox 1226 1273 1257 1304; x_wconf 87' lang='lat' dir='ltr'>in</span> <span class='ocrx_word' id='word_1_416' title='bbox 1280 1273 1394 1305; x_wconf 88' lang='lat' dir='ltr'>bannis</span> <span class='ocrx_word' id='word_1_417' title='bbox 1421 1273 1453 1305; x_wconf 90' lang='lat' dir='ltr'>in</span> <span class='ocrx_word' id='word_1_418' title='bbox 1482 1273 1703 1306; x_wconf 86' lang='lat' dir='ltr'>iurisdictione</span> <span class='ocrx_word' id='word_1_419' title='bbox 1726 1272 1859 1316; x_wconf 85' lang='lat' dir='ltr'>praefati</span> <span class='ocrx_word' id='word_1_420' title='bbox 1887 1273 1983 1315; x_wconf 82' lang='lat' dir='ltr'>Burgi</span> 
     </span>
     <span class='ocr_line' id='line_1_84' title="bbox 1228 1321 1984 1364; baseline 0.005 -14"><span class='ocrx_word' id='word_1_421' title='bbox 1228 1322 1409 1364; x_wconf 64' lang='lat' dir='ltr'>publicatis,</span> <span class='ocrx_word' id='word_1_422' title='bbox 1438 1333 1493 1354; x_wconf 83' lang='lat' dir='ltr'>seu</span> <span class='ocrx_word' id='word_1_423' title='bbox 1514 1322 1546 1354; x_wconf 86' lang='lat' dir='ltr'>in</span> <span class='ocrx_word' id='word_1_424' title='bbox 1568 1323 1727 1361; x_wconf 83' lang='lat' dir='ltr'>futurum,</span> <span class='ocrx_word' id='word_1_425' title='bbox 1751 1321 1882 1364; x_wconf 83' lang='lat' dir='ltr'>quando</span> <span class='ocrx_word' id='word_1_426' title='bbox 1902 1332 1984 1364; x_wconf 87' lang='lat' dir='ltr'>opus</span> 
     </span>
     <span class='ocr_line' id='line_1_85' title="bbox 1227 1370 1982 1414; baseline -0.001 -11"><span class='ocrx_word' id='word_1_427' title='bbox 1227 1371 1334 1411; x_wconf 63' lang='lat' dir='ltr'>luerit,</span> <span class='ocrx_word' id='word_1_428' title='bbox 1353 1370 1568 1414; x_wconf 75' lang='lat' dir='ltr'>publicandis,</span> <span class='ocrx_word' id='word_1_429' title='bbox 1587 1370 1700 1402; x_wconf 85' lang='lat' dir='ltr'>audeat</span> <span class='ocrx_word' id='word_1_430' title='bbox 1721 1370 1768 1402; x_wconf 86' lang='lat' dir='ltr'>vel</span> <span class='ocrx_word' id='word_1_431' title='bbox 1784 1375 1982 1413; x_wconf 72' lang='lat' dir='ltr'>praesumat·=</span> 
     </span>
     <span class='ocr_line' id='line_1_86' title="bbox 1226 1419 1986 1461; baseline -0.003 -9"><span class='ocrx_word' id='word_1_432' title='bbox 1226 1432 1247 1452; x_wconf 76' lang='lat' dir='ltr'>s«</span> <span class='ocrx_word' id='word_1_433' title='bbox 1263 1419 1281 1450; x_wconf 64' lang='lat' dir='ltr'>nl</span> <span class='ocrx_word' id='word_1_434' title='bbox 1303 1424 1336 1451; x_wconf 89' lang='lat' dir='ltr'>tu</span> <span class='ocrx_word' id='word_1_435' title='bbox 1358 1419 1614 1452; x_wconf 84' lang='lat' dir='ltr'>iurisdictionem</span> <span class='ocrx_word' id='word_1_436' title='bbox 1640 1424 1667 1451; x_wconf 89' lang='lat' dir='ltr'>et</span> <span class='ocrx_word' id='word_1_437' title='bbox 1699 1423 1889 1461; x_wconf 85' lang='lat' dir='ltr'>potestatem</span> <span class='ocrx_word' id='word_1_438' title='bbox 1915 1424 1986 1451; x_wconf 86' lang='lat' dir='ltr'>tuas</span> 
     </span>
     <span class='ocr_line' id='line_1_87' title="bbox 1226 1469 1980 1512; baseline 0.001 -13"><span class='ocrx_word' id='word_1_439' title='bbox 1226 1469 1407 1512; x_wconf 84' lang='lat' dir='ltr'>praedictas</span> <span class='ocrx_word' id='word_1_440' title='bbox 1427 1469 1466 1501; x_wconf 87' lang='lat' dir='ltr'>ab</span> <span class='ocrx_word' id='word_1_441' title='bbox 1487 1469 1574 1501; x_wconf 91' lang='lat' dir='ltr'>omni</span> <span class='ocrx_word' id='word_1_442' title='bbox 1595 1474 1625 1500; x_wconf 90' lang='lat' dir='ltr'>et</span> <span class='ocrx_word' id='word_1_443' title='bbox 1647 1478 1854 1512; x_wconf 87' lang='lat' dir='ltr'>quacumque</span> <span class='ocrx_word' id='word_1_444' title='bbox 1883 1478 1980 1511; x_wconf 86' lang='lat' dir='ltr'>supe-</span> 
     </span>
     <span class='ocr_line' id='line_1_88' title="bbox 1227 1516 1984 1560; baseline -0.003 -10"><span class='ocrx_word' id='word_1_445' title='bbox 1227 1517 1382 1558; x_wconf 69' lang='lat' dir='ltr'>rim-itate,</span> <span class='ocrx_word' id='word_1_446' title='bbox 1404 1517 1594 1550; x_wconf 85' lang='lat' dir='ltr'>auctoritate</span> <span class='ocrx_word' id='word_1_447' title='bbox 1623 1528 1678 1549; x_wconf 90' lang='lat' dir='ltr'>seu</span> <span class='ocrx_word' id='word_1_448' title='bbox 1707 1516 1803 1559; x_wconf 82' lang='lat' dir='ltr'>gladii</span> <span class='ocrx_word' id='word_1_449' title='bbox 1824 1527 1984 1560; x_wconf 90' lang='lat' dir='ltr'>quacum-</span> 
     </span>
     <span class='ocr_line' id='line_1_89' title="bbox 1226 1565 1985 1609; baseline 0 -11"><span class='ocrx_word' id='word_1_450' title='bbox 1226 1577 1288 1609; x_wconf 76' lang='lat' dir='ltr'>que</span> <span class='ocrx_word' id='word_1_451' title='bbox 1309 1571 1464 1609; x_wconf 85' lang='lat' dir='ltr'>potestate</span> <span class='ocrx_word' id='word_1_452' title='bbox 1486 1565 1613 1604; x_wconf 85' lang='lat' dir='ltr'>maiori,</span> <span class='ocrx_word' id='word_1_453' title='bbox 1631 1571 1726 1608; x_wconf 87' lang='lat' dir='ltr'>atque</span> <span class='ocrx_word' id='word_1_454' title='bbox 1747 1566 1844 1598; x_wconf 88' lang='lat' dir='ltr'>etiam</span> <span class='ocrx_word' id='word_1_455' title='bbox 1869 1576 1887 1598; x_wconf 89' lang='lat' dir='ltr'>a</span> <span class='ocrx_word' id='word_1_456' title='bbox 1906 1576 1985 1609; x_wconf 90' lang='lat' dir='ltr'>quo-</span> 
     </span>
     <span class='ocr_line' id='line_1_90' title="bbox 1227 1614 1985 1658; baseline 0 -11"><span class='ocrx_word' id='word_1_457' title='bbox 1227 1626 1367 1658; x_wconf 77' lang='lat' dir='ltr'>cumque</span> <span class='ocrx_word' id='word_1_458' title='bbox 1388 1614 1482 1647; x_wconf 84' lang='lat' dir='ltr'>Urbis</span> <span class='ocrx_word' id='word_1_459' title='bbox 1502 1615 1686 1658; x_wconf 83' lang='lat' dir='ltr'>praedictae</span> <span class='ocrx_word' id='word_1_460' title='bbox 1714 1614 1820 1647; x_wconf 86' lang='lat' dir='ltr'>iudice</span> <span class='ocrx_word' id='word_1_461' title='bbox 1846 1625 1902 1647; x_wconf 90' lang='lat' dir='ltr'>seu</span> <span class='ocrx_word' id='word_1_462' title='bbox 1931 1625 1985 1647; x_wconf 90' lang='lat' dir='ltr'>su-</span> 
     </span>
     <span class='ocr_line' id='line_1_91' title="bbox 1227 1663 1983 1708; baseline -0.001 -11"><span class='ocrx_word' id='word_1_463' title='bbox 1227 1664 1355 1708; x_wconf 87' lang='lat' dir='ltr'>periore</span> <span class='ocrx_word' id='word_1_464' title='bbox 1389 1663 1452 1696; x_wconf 79' lang='lat' dir='ltr'>sive</span> <span class='ocrx_word' id='word_1_465' title='bbox 1481 1664 1670 1707; x_wconf 78' lang='lat' dir='ltr'>magistratu</span> <span class='ocrx_word' id='word_1_466' title='bbox 1699 1669 1726 1696; x_wconf 86' lang='lat' dir='ltr'>ct</span> <span class='ocrx_word' id='word_1_467' title='bbox 1749 1663 1983 1702; x_wconf 85' lang='lat' dir='ltr'>commissario,</span> 
     </span>
     <span class='ocr_line' id='line_1_92' title="bbox 1228 1711 1985 1756; baseline -0.003 -10"><span class='ocrx_word' id='word_1_468' title='bbox 1228 1713 1463 1756; x_wconf 85' lang='lat' dir='ltr'>cuiuscumque</span> <span class='ocrx_word' id='word_1_469' title='bbox 1490 1712 1691 1745; x_wconf 83' lang='lat' dir='ltr'>auctoritatis</span> <span class='ocrx_word' id='word_1_470' title='bbox 1717 1717 1745 1745; x_wconf 87' lang='lat' dir='ltr'>et</span> <span class='ocrx_word' id='word_1_471' title='bbox 1772 1711 1804 1744; x_wconf 90' lang='lat' dir='ltr'>in</span> <span class='ocrx_word' id='word_1_472' title='bbox 1824 1722 1985 1755; x_wconf 90' lang='lat' dir='ltr'>quocum-</span> 
     </span>
    </p>
   </div>
   <div class='ocr_carea' id='block_1_14' title="bbox 1205 1764 1986 1809">
    <p class='ocr_par' dir='ltr' id='par_1_17' title="bbox 1205 1764 1986 1809">
     <span class='ocr_line' id='line_1_93' title="bbox 1205 1764 1986 1809; baseline 0 -12"><span class='ocrx_word' id='word_1_473' title='bbox 1205 1777 1206 1783; x_wconf 56' lang='lat'><em>*</em></span> <span class='ocrx_word' id='word_1_474' title='bbox 1226 1777 1288 1809; x_wconf 70' lang='lat' dir='ltr'>que</span> <span class='ocrx_word' id='word_1_475' title='bbox 1311 1765 1464 1798; x_wconf 87' lang='lat' dir='ltr'>tribunali</span> <span class='ocrx_word' id='word_1_476' title='bbox 1485 1776 1522 1798; x_wconf 86' lang='lat' dir='ltr'>ac</span> <span class='ocrx_word' id='word_1_477' title='bbox 1552 1765 1658 1798; x_wconf 83' lang='lat' dir='ltr'>officio</span> <span class='ocrx_word' id='word_1_478' title='bbox 1684 1764 1787 1798; x_wconf 85' lang='lat' dir='ltr'>dictae</span> <span class='ocrx_word' id='word_1_479' title='bbox 1808 1764 1903 1797; x_wconf 81' lang='lat' dir='ltr'>L&#39;rbis</span> <span class='ocrx_word' id='word_1_480' title='bbox 1926 1775 1986 1808; x_wconf 90' lang='lat' dir='ltr'>pro</span> 
     </span>
    </p>
   </div>
   <div class='ocr_carea' id='block_1_15' title="bbox 1227 1814 1987 1958">
    <p class='ocr_par' dir='ltr' id='par_1_18' title="bbox 1227 1814 1987 1958">
     <span class='ocr_line' id='line_1_94' title="bbox 1227 1814 1985 1859; baseline -0.001 -11"><span class='ocrx_word' id='word_1_481' title='bbox 1227 1821 1373 1859; x_wconf 82' lang='lat' dir='ltr'>tempore.</span> <span class='ocrx_word' id='word_1_482' title='bbox 1395 1815 1552 1853; x_wconf 82' lang='lat' dir='ltr'>existenti,</span> <span class='ocrx_word' id='word_1_483' title='bbox 1576 1826 1632 1848; x_wconf 87' lang='lat' dir='ltr'>seu</span> <span class='ocrx_word' id='word_1_484' title='bbox 1654 1814 1749 1848; x_wconf 87' lang='lat' dir='ltr'>etiam</span> <span class='ocrx_word' id='word_1_485' title='bbox 1773 1814 1985 1857; x_wconf 87' lang='lat' dir='ltr'>quibuscum-</span> 
     </span>
     <span class='ocr_line' id='line_1_95' title="bbox 1227 1863 1986 1909; baseline -0.001 -13"><span class='ocrx_word' id='word_1_486' title='bbox 1227 1876 1289 1908; x_wconf 87' lang='lat' dir='ltr'>que</span> <span class='ocrx_word' id='word_1_487' title='bbox 1306 1870 1476 1896; x_wconf 83' lang='lat' dir='ltr'>stratarum</span> <span class='ocrx_word' id='word_1_488' title='bbox 1495 1863 1736 1909; x_wconf 73' lang='lat' dir='ltr'>magistratibus</span> <span class='ocrx_word' id='word_1_489' title='bbox 1748 1869 1777 1896; x_wconf 89' lang='lat' dir='ltr'>et</span> <span class='ocrx_word' id='word_1_490' title='bbox 1793 1863 1863 1896; x_wconf 89' lang='lat' dir='ltr'>aliis</span> <span class='ocrx_word' id='word_1_491' title='bbox 1874 1863 1986 1897; x_wconf 90' lang='lat' dir='ltr'>iudici-</span> 
     </span>
     <span class='ocr_line' id='line_1_96' title="bbox 1228 1914 1987 1958; baseline 0.003 -13"><span class='ocrx_word' id='word_1_492' title='bbox 1228 1914 1299 1951; x_wconf 75' lang='lat' dir='ltr'>bus,</span> <span class='ocrx_word' id='word_1_493' title='bbox 1314 1914 1409 1947; x_wconf 88' lang='lat' dir='ltr'>etiam</span> <span class='ocrx_word' id='word_1_494' title='bbox 1427 1914 1779 1958; x_wconf 87' lang='lat' dir='ltr'>commissariis,ipsius</span> <span class='ocrx_word' id='word_1_495' title='bbox 1798 1914 1909 1953; x_wconf 85' lang='lat' dir='ltr'>Urbis,</span> <span class='ocrx_word' id='word_1_496' title='bbox 1929 1924 1987 1958; x_wconf 87' lang='lat' dir='ltr'>per</span> 
     </span>
    </p>
   </div>
   <div class='ocr_carea' id='block_1_16' title="bbox 1227 2012 1986 2597">
    <p class='ocr_par' dir='ltr' id='par_1_19' title="bbox 1227 2012 1986 2597">
     <span class='ocr_line' id='line_1_97' title="bbox 1228 2012 1985 2056; baseline 0 -10"><span class='ocrx_word' id='word_1_497' title='bbox 1228 2020 1336 2046; x_wconf 77' lang='lat' dir='ltr'>nostra</span> <span class='ocrx_word' id='word_1_498' title='bbox 1357 2019 1384 2045; x_wconf 86' lang='lat' dir='ltr'>ct</span> <span class='ocrx_word' id='word_1_499' title='bbox 1407 2013 1542 2046; x_wconf 80' lang='lat' dir='ltr'>Romani</span> <span class='ocrx_word' id='word_1_500' title='bbox 1570 2012 1735 2046; x_wconf 85' lang='lat' dir='ltr'>Pontificis</span> <span class='ocrx_word' id='word_1_501' title='bbox 1754 2023 1814 2056; x_wconf 86' lang='lat' dir='ltr'>pro</span> <span class='ocrx_word' id='word_1_502' title='bbox 1839 2017 1985 2056; x_wconf 86' lang='lat' dir='ltr'>tempore</span> 
     </span>
     <span class='ocr_line' id='line_1_98' title="bbox 1228 2061 1984 2106; baseline -0.001 -11"><span class='ocrx_word' id='word_1_503' title='bbox 1228 2063 1390 2095; x_wconf 76' lang='lat' dir='ltr'>existentis</span> <span class='ocrx_word' id='word_1_504' title='bbox 1424 2062 1648 2106; x_wconf 84' lang='lat' dir='ltr'>superioritate</span> <span class='ocrx_word' id='word_1_505' title='bbox 1667 2090 1674 2101; x_wconf 86' lang='lat'>,</span> <span class='ocrx_word' id='word_1_506' title='bbox 1705 2061 1897 2094; x_wconf 89' lang='lat' dir='ltr'>auctoritate</span> <span class='ocrx_word' id='word_1_507' title='bbox 1929 2073 1984 2095; x_wconf 90' lang='lat' dir='ltr'>seu</span> 
     </span>
     <span class='ocr_line' id='line_1_99' title="bbox 1228 2110 1984 2155; baseline -0.003 -11"><span class='ocrx_word' id='word_1_508' title='bbox 1228 2117 1394 2155; x_wconf 79' lang='lat' dir='ltr'>potestate,</span> <span class='ocrx_word' id='word_1_509' title='bbox 1411 2111 1556 2148; x_wconf 86' lang='lat' dir='ltr'>liberam,</span> <span class='ocrx_word' id='word_1_510' title='bbox 1569 2110 1747 2142; x_wconf 88' lang='lat' dir='ltr'>immunem</span> <span class='ocrx_word' id='word_1_511' title='bbox 1765 2115 1984 2153; x_wconf 85' lang='lat' dir='ltr'>etexemptam</span> 
     </span>
     <span class='ocr_line' id='line_1_100' title="bbox 1228 2159 1986 2203; baseline -0.003 -8"><span class='ocrx_word' id='word_1_512' title='bbox 1228 2163 1357 2195; x_wconf 81' lang='lat' dir='ltr'>babeas.</span> <span class='ocrx_word' id='word_1_513' title='bbox 1378 2162 1421 2194; x_wconf 68' lang='lat' dir='ltr'>Ac</span> <span class='ocrx_word' id='word_1_514' title='bbox 1436 2160 1555 2194; x_wconf 85' lang='lat' dir='ltr'>eisdem</span> <span class='ocrx_word' id='word_1_515' title='bbox 1567 2166 1595 2193; x_wconf 88' lang='lat' dir='ltr'>et</span> <span class='ocrx_word' id='word_1_516' title='bbox 1612 2160 1874 2203; x_wconf 85' lang='lat' dir='ltr'>quibuscumque</span> <span class='ocrx_word' id='word_1_517' title='bbox 1889 2159 1986 2193; x_wconf 81' lang='lat' dir='ltr'>aliis2</span> 
     </span>
     <span class='ocr_line' id='line_1_101' title="bbox 1228 2209 1985 2255; baseline 0 -13"><span class='ocrx_word' id='word_1_518' title='bbox 1228 2222 1287 2255; x_wconf 85' lang='lat' dir='ltr'>pro</span> <span class='ocrx_word' id='word_1_519' title='bbox 1308 2216 1454 2253; x_wconf 89' lang='lat' dir='ltr'>tempore</span> <span class='ocrx_word' id='word_1_520' title='bbox 1474 2220 1556 2252; x_wconf 88' lang='lat' dir='ltr'>opus</span> <span class='ocrx_word' id='word_1_521' title='bbox 1582 2209 1689 2248; x_wconf 87' lang='lat' dir='ltr'>suerit,</span> <span class='ocrx_word' id='word_1_522' title='bbox 1713 2209 1808 2241; x_wconf 87' lang='lat' dir='ltr'>etiam</span> <span class='ocrx_word' id='word_1_523' title='bbox 1830 2209 1890 2241; x_wconf 88' lang='lat' dir='ltr'>sub</span> <span class='ocrx_word' id='word_1_524' title='bbox 1915 2220 1985 2242; x_wconf 91' lang='lat' dir='ltr'>sen-</span> 
     </span>
     <span class='ocr_line' id='line_1_102' title="bbox 1227 2257 1982 2298; baseline 0 -7"><span class='ocrx_word' id='word_1_525' title='bbox 1227 2259 1335 2292; x_wconf 80' lang='lat' dir='ltr'>tentiis</span> <span class='ocrx_word' id='word_1_526' title='bbox 1356 2265 1385 2291; x_wconf 86' lang='lat' dir='ltr'>et</span> <span class='ocrx_word' id='word_1_527' title='bbox 1414 2258 1559 2292; x_wconf 85' lang='lat' dir='ltr'>censuris</span> <span class='ocrx_word' id='word_1_528' title='bbox 1584 2257 1810 2291; x_wconf 86' lang='lat' dir='ltr'>ecclesiasticis</span> <span class='ocrx_word' id='word_1_529' title='bbox 1843 2268 1880 2290; x_wconf 88' lang='lat' dir='ltr'>ac</span> <span class='ocrx_word' id='word_1_530' title='bbox 1899 2257 1982 2298; x_wconf 87' lang='lat' dir='ltr'>aliis,</span> 
     </span>
     <span class='ocr_line' id='line_1_103' title="bbox 1228 2306 1983 2351; baseline -0.003 -10"><span class='ocrx_word' id='word_1_531' title='bbox 1228 2308 1323 2341; x_wconf 84' lang='lat' dir='ltr'>etiam</span> <span class='ocrx_word' id='word_1_532' title='bbox 1345 2307 1553 2351; x_wconf 81' lang='lat' dir='ltr'>pecuniariis,</span> <span class='ocrx_word' id='word_1_533' title='bbox 1577 2312 1631 2339; x_wconf 88' lang='lat' dir='ltr'>tuo</span> <span class='ocrx_word' id='word_1_534' title='bbox 1659 2318 1715 2339; x_wconf 86' lang='lat' dir='ltr'>seu</span> <span class='ocrx_word' id='word_1_535' title='bbox 1741 2306 1843 2340; x_wconf 83' lang='lat' dir='ltr'>dictae</span> <span class='ocrx_word' id='word_1_536' title='bbox 1874 2307 1983 2340; x_wconf 87' lang='lat' dir='ltr'>curiae</span> 
     </span>
     <span class='ocr_line' id='line_1_104' title="bbox 1227 2356 1983 2401; baseline 0 -11"><span class='ocrx_word' id='word_1_537' title='bbox 1227 2358 1324 2401; x_wconf 70' lang='lat' dir='ltr'>Burgi</span> <span class='ocrx_word' id='word_1_538' title='bbox 1344 2357 1459 2390; x_wconf 81' lang='lat' dir='ltr'>iudicis</span> <span class='ocrx_word' id='word_1_539' title='bbox 1478 2357 1612 2389; x_wconf 85' lang='lat' dir='ltr'>arbitrio</span> <span class='ocrx_word' id='word_1_540' title='bbox 1633 2356 1848 2400; x_wconf 86' lang='lat' dir='ltr'>imponendis,</span> <span class='ocrx_word' id='word_1_541' title='bbox 1871 2356 1983 2390; x_wconf 88' lang='lat' dir='ltr'>mode-</span> 
     </span>
     <span class='ocr_line' id='line_1_105' title="bbox 1228 2405 1983 2449; baseline -0.004 -9"><span class='ocrx_word' id='word_1_542' title='bbox 1228 2407 1335 2440; x_wconf 86' lang='lat' dir='ltr'>randis</span> <span class='ocrx_word' id='word_1_543' title='bbox 1364 2412 1394 2439; x_wconf 88' lang='lat' dir='ltr'>et</span> <span class='ocrx_word' id='word_1_544' title='bbox 1427 2405 1638 2449; x_wconf 82' lang='lat' dir='ltr'>applicandis,</span> <span class='ocrx_word' id='word_1_545' title='bbox 1669 2415 1709 2438; x_wconf 88' lang='lat' dir='ltr'>ne</span> <span class='ocrx_word' id='word_1_546' title='bbox 1738 2405 1777 2438; x_wconf 92' lang='lat' dir='ltr'>de</span> <span class='ocrx_word' id='word_1_547' title='bbox 1800 2405 1983 2448; x_wconf 86' lang='lat' dir='ltr'>praemissis</span> 
     </span>
     <span class='ocr_line' id='line_1_106' title="bbox 1227 2454 1979 2497; baseline -0.004 -8"><span class='ocrx_word' id='word_1_548' title='bbox 1227 2456 1343 2495; x_wconf 80' lang='lat' dir='ltr'>causis,</span> <span class='ocrx_word' id='word_1_549' title='bbox 1371 2461 1435 2488; x_wconf 82' lang='lat' dir='ltr'>tani</span> <span class='ocrx_word' id='word_1_550' title='bbox 1457 2454 1603 2488; x_wconf 88' lang='lat' dir='ltr'>civilibus</span> <span class='ocrx_word' id='word_1_551' title='bbox 1623 2465 1720 2497; x_wconf 84' lang='lat' dir='ltr'>quam</span> <span class='ocrx_word' id='word_1_552' title='bbox 1745 2454 1979 2494; x_wconf 76' lang='lat' dir='ltr'>criminalibus,</span> 
     </span>
     <span class='ocr_line' id='line_1_107' title="bbox 1227 2503 1982 2547; baseline -0.001 -10"><span class='ocrx_word' id='word_1_553' title='bbox 1227 2505 1259 2538; x_wconf 92' lang='lat' dir='ltr'>in</span> <span class='ocrx_word' id='word_1_554' title='bbox 1280 2506 1390 2538; x_wconf 80' lang='lat' dir='ltr'>eadem</span> <span class='ocrx_word' id='word_1_555' title='bbox 1408 2504 1513 2547; x_wconf 87' lang='lat' dir='ltr'>prima</span> <span class='ocrx_word' id='word_1_556' title='bbox 1529 2504 1690 2544; x_wconf 86' lang='lat' dir='ltr'>instantia,</span> <span class='ocrx_word' id='word_1_557' title='bbox 1708 2504 1811 2536; x_wconf 88' lang='lat' dir='ltr'>donec</span> <span class='ocrx_word' id='word_1_558' title='bbox 1827 2503 1982 2537; x_wconf 87' lang='lat' dir='ltr'>sententia</span> 
     </span>
     <span class='ocr_line' id='line_1_108' title="bbox 1227 2552 1982 2597; baseline -0.003 -10"><span class='ocrx_word' id='word_1_559' title='bbox 1227 2553 1388 2587; x_wconf 84' lang='lat' dir='ltr'>definitiva</span> <span class='ocrx_word' id='word_1_560' title='bbox 1408 2564 1466 2597; x_wconf 84' lang='lat' dir='ltr'>per</span> <span class='ocrx_word' id='word_1_561' title='bbox 1494 2553 1674 2596; x_wconf 82' lang='lat' dir='ltr'>praefatum</span> <span class='ocrx_word' id='word_1_562' title='bbox 1700 2552 1839 2585; x_wconf 90' lang='lat' dir='ltr'>iudicem</span> <span class='ocrx_word' id='word_1_563' title='bbox 1873 2553 1982 2585; x_wconf 88' lang='lat' dir='ltr'>curiae</span> 
     </span>
    </p>
   </div>
   <div class='ocr_carea' id='block_1_17' title="bbox 1226 2615 1980 2696">
    <p class='ocr_par' dir='ltr' id='par_1_20' title="bbox 1226 2615 1980 2696">
     <span class='ocr_line' id='line_1_109' title="bbox 1266 2615 1980 2650; baseline -0.004 -7"><span class='ocrx_word' id='word_1_564' title='bbox 1266 2619 1274 2643; x_wconf 87' lang='lat' dir='ltr'>l</span> <span class='ocrx_word' id='word_1_565' title='bbox 1298 2619 1338 2644; x_wconf 70' lang='grc' dir='ltr'>ΑΛ</span> <span class='ocrx_word' id='word_1_566' title='bbox 1350 2619 1424 2643; x_wconf 75' lang='lat' dir='ltr'>aliud</span> <span class='ocrx_word' id='word_1_567' title='bbox 1440 2618 1576 2648; x_wconf 75' lang='lat' dir='ltr'>indicium,</span> <span class='ocrx_word' id='word_1_568' title='bbox 1590 2615 1706 2643; x_wconf 89' lang='lat' dir='ltr'>Cherub.</span> <span class='ocrx_word' id='word_1_569' title='bbox 1725 2616 1764 2647; x_wconf 83' lang='lat' dir='ltr'>(n.</span> <span class='ocrx_word' id='word_1_570' title='bbox 1785 2615 1835 2650; x_wconf 85' lang='grc' dir='ltr'>τ.).</span> <span class='ocrx_word' id='word_1_571' title='bbox 1875 2616 1980 2648; x_wconf 49' lang='lat' dir='ltr'>hiliis,</span> 
     </span>
     <span class='ocr_line' id='line_1_110' title="bbox 1226 2660 1666 2696; baseline -0.002 -9"><span class='ocrx_word' id='word_1_572' title='bbox 1226 2663 1318 2695; x_wconf 68' lang='lat' dir='ltr'>quibus</span> <span class='ocrx_word' id='word_1_573' title='bbox 1339 2664 1402 2694; x_wconf 58' lang='lat' dir='ltr'>etc„</span> <span class='ocrx_word' id='word_1_574' title='bbox 1423 2660 1539 2687; x_wconf 81' lang='lat' dir='ltr'>Cherub.</span> <span class='ocrx_word' id='word_1_575' title='bbox 1562 2660 1601 2696; x_wconf 76' lang='lat' dir='ltr'>(n.</span> <span class='ocrx_word' id='word_1_576' title='bbox 1617 2661 1666 2694; x_wconf 85' lang='lat' dir='ltr'>T.).</span> 
     </span>
    </p>
   </div>
   <div class='ocr_carea' id='block_1_18' title="bbox 1993 263 2178 292">
    <p class='ocr_par' dir='ltr' id='par_1_21' title="bbox 1993 263 2178 292">
     <span class='ocr_line' id='line_1_111' title="bbox 1993 263 2178 292; baseline 0 -1"><span class='ocrx_word' id='word_1_577' title='bbox 1993 263 2043 292; x_wconf 71' lang='lat' dir='ltr'>An.</span> <span class='ocrx_word' id='word_1_578' title='bbox 2062 266 2090 291; x_wconf 75' lang='grc' dir='ltr'>(ἱ.</span> <span class='ocrx_word' id='word_1_579' title='bbox 2112 265 2178 291; x_wconf 67' lang='grc' dir='ltr'>ίΞῘΞΟ</span> 
     </span>
    </p>
   </div>
   <div class='ocr_carea' id='block_1_19' title="bbox 1996 596 2181 680">
    <p class='ocr_par' dir='ltr' id='par_1_22' title="bbox 1996 596 2181 680">
     <span class='ocr_line' id='line_1_112' title="bbox 2048 596 2181 616; baseline 0 0"><span class='ocrx_word' id='word_1_580' title='bbox 2048 598 2102 616; x_wconf 61' lang='lat' dir='ltr'>rictu</span> <span class='ocrx_word' id='word_1_581' title='bbox 2120 596 2181 616; x_wconf 75' lang='lat' dir='ltr'>liabi—</span> 
     </span>
     <span class='ocr_line' id='line_1_113' title="bbox 1996 627 2181 648; baseline -0.005 0"><span class='ocrx_word' id='word_1_582' title='bbox 1996 631 2066 648; x_wconf 75' lang='lat' dir='ltr'>tantcs</span> <span class='ocrx_word' id='word_1_583' title='bbox 2076 627 2126 647; x_wconf 76' lang='lat' dir='ltr'>alibi</span> <span class='ocrx_word' id='word_1_584' title='bbox 2138 633 2181 647; x_wconf 86' lang='lat' dir='ltr'>non</span> 
     </span>
     <span class='ocr_line' id='line_1_114' title="bbox 1996 660 2158 680; baseline -0.012 1"><span class='ocrx_word' id='word_1_585' title='bbox 1996 660 2158 680; x_wconf 46' lang='lat' dir='ltr'>conputantur.</span> 
     </span>
    </p>
   </div>
  </div>
 </body>
</html>
