2227 3001
502 253 557 286 232

451 314 594 355 vitatum,
623 321 781 349 terrarum
807 322 837 349 et
861 318 1006 350 locorum
1042 328 1199 359 quorum-

449 379 590 412 cumque
611 374 764 409 rectores,
786 369 1046 414 quibuscumque
1062 370 1200 414 dignita-

450 421 533 456 tibus
543 423 591 456 vel
601 423 714 456 officiis
726 428 781 455 aut
794 423 979 456 nominibus
993 429 1197 463 censeantur,

448 475 646 509 dioecesanis
662 476 822 519 episcopis
831 481 861 509 et
876 476 1121 520 inquisitoribus
1137 478 1201 510 lue-

449 529 567 563 reticae
602 529 765 573 pravitatis
804 530 837 562 in
871 530 940 574 ipso
983 530 1200 574 inquisitionis

448 583 581 626 negocio
602 583 723 616 faveant
746 589 775 615 et
795 583 955 623 assistant;
982 595 1141 628 nemoque
1163 596 1199 617 ex

447 637 618 680 praedictis
638 638 860 680 potestatibus,
883 638 1023 671 dominis
1047 644 1077 671 et
1097 644 1198 672 recto-

447 690 550 730 ribus,
578 702 757 735 eorumque
783 691 975 725 officialibus
999 693 1037 725 dc
1063 692 1197 725 erimine

447 744 602 784 haeresis,
638 755 712 777 cum
744 756 832 778 mere
857 745 897 778 sit
921 745 1194 786 ecclesiasticum,

444 808 576 842 quoquo
604 798 699 831 niodo
722 804 893 841 eognoscat
911 800 958 832 vel
983 800 1121 837 iudicet,
1144 811 1197 833 ne-

443 862 506 895 que
535 852 727 885 dioecesano
759 852 912 896 episcopo
942 854 989 886 vel
1013 853 1195 896 inquisitori

445 906 544 949 ipsius
577 906 795 950 inquisitionis
827 907 961 949 negocio
995 907 1194 941 incumbenti

443 970 474 992 se
495 970 673 1003 opponere,
700 964 754 992 aut
778 960 880 1002 ipsam
905 960 1109 1004 aliquatenus
1134 961 1194 993 im-

443 1013 570 1055 pedire,
596 1013 644 1046 vel
673 1013 928 1057 impedientibus
953 1014 1110 1047 auxilium
1140 1020 1192 1048 aut

441 1067 581 1100 savorem
601 1067 740 1100 scienter
764 1067 841 1100 dare
866 1067 994 1108 audeat,
1017 1073 1193 1112 perpetuae

441 1121 656 1155 damnationis
677 1122 835 1154 sententia
854 1121 887 1155 in
908 1132 974 1161 eOS,
1001 1122 1055 1165 qui
1082 1128 1193 1155 contra

440 1173 603 1217 praedicta
626 1174 772 1214 fecerint,
799 1175 1014 1218 promulgata,
1037 1187 1133 1219 quam
1168 1176 1192 1209 si

441 1238 498 1270 per
516 1238 639 1261 annum
659 1228 768 1262 animo
789 1228 1001 1262 sustinuerint
1022 1229 1189 1272 pertinaci,

439 1292 474 1313 ex
503 1285 581 1314 tunc
609 1281 695 1314 velut
728 1281 882 1314 haeretici
911 1281 1188 1316 condemnentur:

440 1345 541 1378 usque
561 1335 641 1369 adeo
661 1340 768 1368 tamen
794 1335 825 1368 in
846 1335 997 1368 omnibus
1021 1336 1099 1375 sere,
1127 1347 1191 1370 non

439 1389 543 1422 >olum
555 1389 674 1430 ltaliae,
688 1400 799 1422 verum
811 1389 907 1422 etiam
923 1389 993 1422 aliis
1006 1390 1189 1432 provinciis,

438 1442 630 1482 rivitatibus‚
667 1442 760 1476 terris
785 1448 815 1476 et
844 1443 934 1483 locis,
971 1443 1190 1487 complurium

439 1495 608 1535 laicorum,
630 1501 665 1528 ut
690 1496 886 1539 accepimus,
914 1497 1097 1530 mundanae
1121 1497 1189 1540 glo-

439 1548 503 1581 riae
529 1549 685 1592 processit
709 1549 842 1582 ambitio
866 1550 913 1582 vel
939 1560 1107 1583 sacrorum
1141 1561 1192 1583 ca-

436 1611 560 1635 nonum
585 1602 711 1635 inscitia
743 1602 790 1635 vel
824 1602 1061 1637 ecclesiasticae
1095 1603 1190 1636 disci-

437 1655 545 1699 plinae
565 1660 783 1699 contemptus,
806 1661 840 1688 ut
861 1656 893 1689 in
911 1656 1094 1689 animarum
1116 1668 1189 1690 sua-

438 1720 510 1742 rum
532 1709 709 1753 perniciem
734 1714 830 1753 atque
856 1710 1035 1751 interitum,
1063 1711 1191 1744 dioece-

437 1773 530 1796 sanos
569 1763 740 1807 episcopos
769 1768 799 1796 et
828 1763 1035 1807 inquisitores
1068 1776 1084 1797 a
1112 1765 1192 1798 Sede

437 1816 619 1861 Apostolica
630 1817 803 1857 institutos,
821 1817 1038 1861 inquisitionis
1050 1819 1190 1853 officium

436 1876 640 1911 exercentes,
658 1871 724 1911 alii,
752 1871 811 1903 sub
835 1871 973 1905 iustitiae
1008 1878 1189 1915 praetextu,

438 1935 476 1957 ne
496 1925 553 1957 ulli
575 1924 697 1958 scilicet
726 1925 776 1957 liat
800 1925 918 1958 iniuria
946 1926 1116 1970 impedire,
1140 1928 1191 1960 alii

439 1989 524 2018 iero,
547 1979 606 2011 sub
618 1978 744 2022 pietatis
756 1980 877 2019 colore,
901 1985 933 2012 ut
950 1986 1057 2013 sontes
1073 1981 1191 2015 scilicet

437 2033 578 2066 severius
602 2034 797 2076 puniantur,
826 2044 857 2066 se
884 2034 960 2077 ipsis
992 2034 1192 2068 dioecesanis

438 2087 598 2131 episcopis
618 2092 648 2120 et
673 2087 917 2131 inquisitoribus
945 2088 1140 2131 adiungere,
1164 2095 1191 2123 et

442 2151 505 2173 una
526 2152 598 2173 cum
622 2141 667 2174 eis
687 2141 725 2174 de
742 2141 811 2185 ipso
828 2142 970 2175 haeresis
986 2142 1121 2175 crimine
1143 2155 1194 2176 co-

438 2205 607 2235 gnoscere,
619 2205 790 2238 processus
802 2195 954 2235 formare,
973 2197 1193 2240 formatosque

439 2258 497 2280 suo
518 2247 637 2281 iudicio
654 2248 842 2281 submittere
858 2260 923 2282 non
944 2251 1145 2283 erubescant.

482 2301 547 2345 §t
578 2301 635 2335 Cui
663 2313 738 2335 sane
771 2303 883 2335 morbo
914 2303 977 2336 iam
1006 2304 1102 2337 nimis
1133 2306 1193 2338 late

238 2348 356 2407 prffgssl'ff
377 2349 424 2399 ''¹¹2'ss
441 2355 657 2398 progredienti
680 2356 805 2388 solitam
827 2367 863 2389 ac
890 2358 1062 2390 salutarem
1089 2359 1192 2391 eccle-

238 2412 422 2446 Peumyimpedifss
439 2408 504 2441 siae
520 2408 728 2449 medicinam,
748 2420 806 2452 pro
822 2416 932 2443 nostra
947 2412 1100 2455 pastorali
1122 2413 1194 2446 soli-

239 2445 593 2503 2¹³02²2532⁰iu⁰q⁵0÷s¹32citudine,
619 2462 734 2495 afferre
751 2463 928 2506 cupientes,
956 2465 1074 2498 saeculi
1104 2472 1193 2510 pote-

239 2505 315 2528 *ΜΨ
337 2509 377 2524 ‘¹²⁰
401 2510 423 2524 ⁵⁰
439 2516 545 2551 states,
568 2511 718 2544 dominos
739 2513 933 2555 temporales
954 2525 990 2547 ac
1011 2515 1193 2557 provincia-

241 2537 323 2561 ingerat
345 2536 365 2555 in
387 2542 426 2555 ro-

241 2567 529 2601 snoscen·‚cri1¹,=i31·uii],
564 2560 748 2598 civitatum,
786 2566 944 2594 terrarum
980 2569 1008 2595 et
1044 2564 1191 2596 locorum

241 2598 425 2656 f'fihffigfssjsss'ffi
440 2616 583 2642 rectores
599 2609 814 2653 supradictos,
827 2620 953 2643 necnon
969 2622 1192 2655 quascumque

239 2659 277 2680 Μ
303 2661 423 2688 ‘⁰‘1¹¹i⁵‘¹¹¹¹⁵>
440 2658 518 2692 alias
550 2659 731 2693 saeculares
757 2670 931 2703 personas,
959 2666 1020 2693 tam
1056 2662 1193 2706 privatas

253 261 300 286 Αη,
320 261 347 285 C.
371 261 430 289 ίῗὲἶιι

1046 265 1144 288 litim
1150 265 1222 287 [ttt‘it
1244 264 1347 287 RoMAN
1354 265 1392 287 [M

1242 326 1338 359 quam
1360 315 1492 358 publico
1513 316 1625 360 quoi-is
1646 326 1781 349 munere
1807 316 1991 359 fungentes,

1242 368 1440 412 requirimus
1454 374 1485 402 et
1500 380 1681 411 monemus,
1700 381 1736 403 ac
1753 370 1798 403 eis
1815 370 1886 403 lesu
1902 370 1993 404 Chri-

1242 422 1280 455 sti
1300 423 1521 467 Redemptoris
1545 424 1645 457 nostri
1670 424 1777 467 <cuius
1802 424 1897 464 vices,
1920 424 1994 458 licet

1242 475 1405 515 immeriti,
1429 475 1571 519 gerimus
1591 477 1623 509 in
1639 477 1745 521 terris)
1761 477 1892 511 nomine
1912 489 1994 522 prae-

1242 529 1379 572 cipimus
1421 540 1461 563 ne
1501 530 1710 564 dioecesanos
1756 531 1929 576 episcopos
1963 537 1994 565 et

1240 583 1448 626 inquisitores
1467 584 1553 627 ipsos
1572 585 1604 617 in
1624 596 1682 618 suo
1702 585 1919 629 inquisitionis
1939 596 1992 619 ne-

1240 637 1332 680 gocio
1362 638 1429 670 ullo
1458 638 1555 671 modo
1581 639 1758 682 impediant
1779 651 1835 672 seu
1863 646 1990 684 pertur-

1239 690 1326 730 bent,
1345 701 1449 734 neque
1466 702 1498 724 se
1513 691 1546 724 in
1564 692 1705 725 haeresis
1720 693 1854 726 crimine
1872 704 1990 737 cogno-

1239 744 1358 777 scendo
1378 745 1424 777 vel
1450 744 1634 786 iudicando,
1660 745 1773 790 quovis
1797 745 1892 779 etiam
1912 746 1990 779 assi-

1239 798 1371 831 stentiae
1393 804 1423 831 et
1442 798 1559 832 favoris
1575 800 1696 840 colore,
1720 810 1817 832 causa
1836 801 1884 833 vel
1900 811 1992 834 occa-

1238 851 1327 884 sione
1347 851 1420 895 (nisi
1446 858 1606 895 quatenus
1630 853 1670 886 ab
1690 853 1768 897 ipsis
1792 853 1992 887 dioecesanis

1237 904 1398 949 episcopis
1435 911 1490 938 aut
1523 906 1770 950 inquisitoribus
1814 912 1990 951 spontanea

1237 964 1265 991 et
1277 959 1378 992 libera
1389 971 1502 993 eorum
1518 961 1680 994 voluntate
1696 961 1815 994 suerint
1832 961 1991 1005 requisiti)

1237 1023 1268 1045 se
1288 1012 1453 1056 ingerant,
1478 1014 1716 1055 ordinationes,
1735 1014 1934 1059 provisiones
1961 1021 1991 1049 et

1236 1067 1321 1108 leges
1338 1078 1573 1111 quascumque,
1595 1068 1634 1101 de
1654 1068 1756 1112 ipsius
1775 1068 1920 1102 criminis
1940 1079 1991 1103 eo-

1234 1119 1376 1162 gnitione
1387 1120 1464 1153 latas
1479 1121 1579 1154 sacris
1594 1121 1772 1155 canonibus
1787 1122 1987 1163 obsistentes,

1235 1178 1264 1205 et
1297 1174 1546 1207 ecclesiasticam
1587 1174 1846 1209 iurisdictionem
1884 1175 1988 1221 impe-

1234 1226 1357 1260 dientes
1386 1228 1453 1261 sine
1479 1239 1570 1261 mora
1594 1229 1749 1272 abrogent
1784 1234 1814 1262 et
1839 1229 1986 1274 deleant,

1234 1285 1331 1324 prout
1351 1281 1445 1314 etiam
1459 1292 1516 1315 nos
1528 1293 1581 1315 eas
1596 1293 1709 1316 omnes
1726 1283 1880 1316 invalidas
1890 1283 1988 1318 fuisse

1234 1339 1263 1366 et
1283 1345 1351 1368 esse
1372 1335 1578 1369 decernimus
1602 1341 1632 1369 et
1656 1337 1871 1377 declaramus,
1894 1348 1931 1371 ac
1951 1349 1987 1371 ex

1233 1398 1319 1421 nunc
1341 1400 1398 1432 pro
1419 1389 1580 1432 abrogatis
1604 1395 1635 1423 et
1659 1390 1771 1423 deletis
1796 1391 1907 1424 baberi
1931 1402 1986 1425 vo-

1233 1443 1342 1474 lumus
1362 1448 1392 1476 et
1413 1443 1615 1477 mandamus.

1276 1497 1291 1540 ξ
1311 1496 1341 1529 2.
1365 1496 1423 1536 Qui
1437 1496 1565 1530 monitis
1582 1497 1632 1530 his
1647 1498 1764 1531 nostris
1779 1509 1844 1532 non
1861 1498 1985 1533 obtem-

1234 1550 1426 1595 peraverint,
1453 1551 1547 1594 quive
1576 1551 1714 1584 scienter
1747 1551 1780 1585 in
1814 1552 1987 1596 praedictis

1234 1604 1418 1645 consilium,
1431 1605 1586 1637 auxilium
1599 1610 1654 1638 aut
1664 1605 1805 1639 savorem
1826 1605 1984 1647 dederint,

1234 1658 1381 1692 noverint
1397 1669 1442 1698 se,
1464 1669 1529 1692 non
1551 1659 1655 1692 solum
1681 1670 1739 1704 per
1759 1669 1865 1693 sacras
1885 1659 1987 1694 dicto-

1234 1722 1306 1744 rum
1335 1712 1622 1756 praedecessorum
1657 1718 1842 1747 nostrorum
1868 1714 1988 1747 consti·

1233 1765 1386 1806 tutiones,
1410 1777 1520 1799 verum
1541 1767 1635 1800 etiam
1659 1777 1716 1811 per
1739 1767 1822 1801 hanc
1842 1773 1987 1802 nostram

1234 1819 1431 1853 sanctionem
1466 1821 1528 1853 sive
1567 1821 1757 1855 sententiam
1790 1827 1821 1855 et
1844 1822 1989 1856 declara-

1235 1874 1355 1907 tionem
1374 1880 1533 1919 perpetuo
1549 1875 1738 1909 duraturam
1755 1877 1865 1920 (quam
1882 1881 1990 1910 aucto-

1235 1927 1326 1960 ritate
1361 1928 1591 1973 omnipotentis
1631 1929 1686 1962 Dei
1704 1956 1711 1969 ‚
1747 1940 1784 1963 ac
1818 1931 1989 1964 beatorum

1235 1982 1457 2026 apostolorum
1484 1983 1568 2016 Petri
1595 1988 1625 2017 et
1648 1984 1739 2016 Pauli
1764 1995 1802 2017 ac
1822 1990 1932 2019 nostra
1956 1985 1989 2019 in

1235 2037 1321 2080 ipsos
1342 2047 1406 2070 non
1426 2037 1697 2081 obtemperantes,
1717 2049 1923 2083 quacumque
1943 2039 1987 2073 illi

1236 2091 1457 2135 praefulgeant
1473 2092 1639 2135 dignitate,
1658 2092 1689 2125 in
1706 2093 1756 2126 his
1776 2093 1903 2138 scriptis
1917 2104 1990 2138 pro-

1236 2144 1392 2188 ferimus),
1405 2145 1635 2179 communione
1648 2145 1792 2179 fidelium
1804 2151 1835 2180 et
1843 2147 1988 2181 omnium

1236 2198 1529 2232 ecclesiastieorum
1568 2205 1846 2233 sacramentorum
1875 2212 1988 2246 recep-

1236 2252 1321 2285 tione
1348 2252 1503 2295 privatos,
1531 2263 1568 2286 ac
1596 2254 1832 2287 maledictionis
1856 2265 1893 2288 ac
1919 2265 1988 2289 exe-

1236 2305 1388 2339 crationis
1403 2311 1552 2339 aeternae
1568 2307 1696 2341 vinculo
1715 2307 1839 2351 ligatos,
1858 2309 1989 2342 anathe-

1236 2360 1393 2403 matisque
1425 2365 1455 2393 et
1488 2360 1618 2394 maioris
1647 2361 1989 2396 excommunicationis

1235 2424 1391 2446 mucrone
1408 2424 1591 2458 percussos,
1611 2414 1652 2447 ita
1669 2420 1703 2447 ut
1723 2425 1819 2449 nemo
1834 2426 1988 2460 umquam

1236 2466 1268 2498 in
1289 2466 1472 2510 praemissis
1492 2467 1700 2511 delinquens,
1729 2468 1789 2501 nisi
1809 2479 1827 2501 a
1847 2469 1939 2502 nobis
1959 2475 1988 2503 et

1236 2516 1478 2549 successoribus
1489 2517 1606 2550 nostris
1616 2517 1771 2551 canonice
1780 2517 1986 2557 intrantibus,

1236 2564 1331 2597 etiam
1366 2570 1532 2609 praetextu
1569 2577 1851 2611 quarumcumque
1886 2568 1987 2600 facul-

1236 2619 1348 2654 tatum,
1372 2614 1616 2648 concessionum
1633 2621 1663 2648 et.
1682 2616 1870 2659 gratiarum,
1893 2616 1986 2650 etiam

1237 2663 1519 2697 confessionalium
1540 2671 1819 2709 nuncupatarum,
1848 2665 1944 2700 etiam
1970 2678 1986 2700 a

2012 264 2060 290 An.
2078 264 2106 293 C.
2128 263 2190 291 t351

2037 1513 2185 1534 inobedienti-

2001 1545 2080 1572 busque
2105 1548 2126 1566 et
2148 1551 2186 1566 eo-

2002 1583 2047 1597 rum
2069 1576 2188 1598 tammum

2003 1613 2082 1634 poenas
2097 1608 2132 1629 lite
2149 1614 2189 1629 ex-

2003 1644 2089 1665 pressas
2119 1645 2187 1666 impo-

2003 1671 2040 1691 uit.
