<?xml version="1.0" encoding="UTF-8"?>
<!DOCTYPE html PUBLIC "-//W3C//DTD XHTML 1.0 Transitional//EN"
    "http://www.w3.org/TR/xhtml1/DTD/xhtml1-transitional.dtd">
<html xmlns="http://www.w3.org/1999/xhtml" xml:lang="en" lang="en">
 <head>
  <title>
</title>
<meta http-equiv="Content-Type" content="text/html;charset=utf-8" />
  <meta name='ocr-system' content='tesseract 3.04.00' />
  <meta name='ocr-capabilities' content='ocr_page ocr_carea ocr_par ocr_line ocrx_word'/>
</head>
<body>
  <div class='ocr_page' id='page_1' title='image "./bullarumdiplomat06cath_0348.png"; bbox 0 0 2227 3001; ppageno 0'>
   <div class='ocr_carea' id='block_1_1' title="bbox 178 224 354 253">
    <p class='ocr_par' dir='ltr' id='par_1_1' title="bbox 178 224 354 253">
     <span class='ocr_line' id='line_1_1' title="bbox 178 224 354 253; baseline 0.011 -2"><span class='ocrx_word' id='word_1_1' title='bbox 178 224 228 252; x_wconf 76' lang='lat' dir='ltr'>An.</span> <span class='ocrx_word' id='word_1_2' title='bbox 247 225 354 253; x_wconf 73' lang='grc' dir='ltr'>(3.15ἱι1</span> 
     </span>
    </p>
   </div>
   <div class='ocr_carea' id='block_1_2' title="bbox 175 500 358 551">
    <p class='ocr_par' dir='ltr' id='par_1_2' title="bbox 175 500 358 551">
     <span class='ocr_line' id='line_1_2' title="bbox 189 500 358 525; baseline 0.012 -6"><span class='ocrx_word' id='word_1_3' title='bbox 189 500 300 525; x_wconf 51' lang='lat' dir='ltr'>tic-rogatio</span> <span class='ocrx_word' id='word_1_4' title='bbox 310 506 358 521; x_wconf 82' lang='lat' dir='ltr'>con-</span> 
     </span>
     <span class='ocr_line' id='line_1_3' title="bbox 175 533 294 551; baseline 0.008 -1"><span class='ocrx_word' id='word_1_5' title='bbox 175 533 294 551; x_wconf 77' lang='lat' dir='ltr'>ttartorum.</span> 
     </span>
    </p>
   </div>
   <div class='ocr_carea' id='block_1_3' title="bbox 169 1453 354 1505">
    <p class='ocr_par' dir='ltr' id='par_1_3' title="bbox 169 1453 354 1505">
     <span class='ocr_line' id='line_1_4' title="bbox 210 1453 354 1475; baseline 0.014 -2"><span class='ocrx_word' id='word_1_6' title='bbox 210 1453 276 1473; x_wconf 72' lang='lat' dir='ltr'>Causa</span> <span class='ocrx_word' id='word_1_7' title='bbox 295 1455 354 1475; x_wconf 70' lang='lat' dir='ltr'>istius</span> 
     </span>
     <span class='ocr_line' id='line_1_5' title="bbox 169 1485 335 1505; baseline 0.006 -1"><span class='ocrx_word' id='word_1_8' title='bbox 169 1485 335 1505; x_wconf 66' lang='lat' dir='ltr'>constitutionis.</span> 
     </span>
    </p>
   </div>
   <div class='ocr_carea' id='block_1_4' title="bbox 417 218 2114 257">
    <p class='ocr_par' dir='ltr' id='par_1_4' title="bbox 417 218 2114 257">
     <span class='ocr_line' id='line_1_6' title="bbox 417 218 2114 257; baseline 0.003 -6"><span class='ocrx_word' id='word_1_9' title='bbox 417 218 480 251; x_wconf 81' lang='grc'>312</span> <span class='ocrx_word' id='word_1_10' title='bbox 968 230 1147 254; x_wconf 52' lang='grc' dir='ltr'>Βιίωκιυιι</span> <span class='ocrx_word' id='word_1_11' title='bbox 1167 230 1316 255; x_wconf 56' lang='lat' dir='ltr'>nontam«</span> <span class='ocrx_word' id='word_1_12' title='bbox 1933 230 1985 256; x_wconf 78' lang='lat' dir='ltr'>An.</span> <span class='ocrx_word' id='word_1_13' title='bbox 2003 229 2032 256; x_wconf 91' lang='lat' dir='ltr'>c.</span> <span class='ocrx_word' id='word_1_14' title='bbox 2048 229 2114 257; x_wconf 72' lang='lat' dir='ltr'>stilti</span> 
     </span>
    </p>
   </div>
   <div class='ocr_carea' id='block_1_5' title="bbox 370 283 1124 913">
    <p class='ocr_par' dir='ltr' id='par_1_5' title="bbox 373 283 1123 422">
     <span class='ocr_line' id='line_1_7' title="bbox 374 283 1123 326; baseline 0.001 -13"><span class='ocrx_word' id='word_1_15' title='bbox 374 291 526 313; x_wconf 80' lang='lat' dir='ltr'>censuras</span> <span class='ocrx_word' id='word_1_16' title='bbox 546 288 575 314; x_wconf 87' lang='lat' dir='ltr'>et</span> <span class='ocrx_word' id='word_1_17' title='bbox 597 293 716 326; x_wconf 79' lang='lat' dir='ltr'>poenas</span> <span class='ocrx_word' id='word_1_18' title='bbox 750 283 833 325; x_wconf 78' lang='lat' dir='ltr'>ipsas</span> <span class='ocrx_word' id='word_1_19' title='bbox 859 283 978 315; x_wconf 79' lang='lat' dir='ltr'>iteratis</span> <span class='ocrx_word' id='word_1_20' title='bbox 1002 283 1123 315; x_wconf 55' lang='lat' dir='ltr'>vicibus</span> 
     </span>
     <span class='ocr_line' id='line_1_8' title="bbox 373 335 1123 376; baseline 0.003 -10"><span class='ocrx_word' id='word_1_21' title='bbox 373 335 585 376; x_wconf 75' lang='lat' dir='ltr'>aggravando,</span> <span class='ocrx_word' id='word_1_22' title='bbox 603 335 747 368; x_wconf 77' lang='lat' dir='ltr'>invocato</span> <span class='ocrx_word' id='word_1_23' title='bbox 763 335 856 367; x_wconf 88' lang='lat' dir='ltr'>etiam</span> <span class='ocrx_word' id='word_1_24' title='bbox 874 336 911 367; x_wconf 88' lang='lat' dir='ltr'>ad</span> <span class='ocrx_word' id='word_1_25' title='bbox 929 336 990 368; x_wconf 86' lang='lat' dir='ltr'>hoc</span> <span class='ocrx_word' id='word_1_26' title='bbox 1005 336 1123 369; x_wconf 76' lang='lat' dir='ltr'>auxilio</span> 
     </span>
     <span class='ocr_line' id='line_1_9' title="bbox 373 387 908 422; baseline 0.002 -3"><span class='ocrx_word' id='word_1_27' title='bbox 373 387 496 420; x_wconf 89' lang='lat' dir='ltr'>brachii</span> <span class='ocrx_word' id='word_1_28' title='bbox 516 389 690 422; x_wconf 83' lang='lat' dir='ltr'>saecularis</span> <span class='ocrx_word' id='word_1_29' title='bbox 711 388 908 421; x_wconf 85' lang='lat' dir='ltr'>huiusmodi.</span> 
     </span>
    </p>

    <p class='ocr_par' dir='ltr' id='par_1_6' title="bbox 373 441 1124 583">
     <span class='ocr_line' id='line_1_10' title="bbox 417 441 1123 486; baseline 0.003 -12"><span class='ocrx_word' id='word_1_30' title='bbox 417 442 431 484; x_wconf 60' lang='grc' dir='ltr'>ἓ</span> <span class='ocrx_word' id='word_1_31' title='bbox 456 442 508 475; x_wconf 72' lang='grc'>17.</span> <span class='ocrx_word' id='word_1_32' title='bbox 532 442 601 475; x_wconf 82' lang='lat' dir='ltr'>Non</span> <span class='ocrx_word' id='word_1_33' title='bbox 622 441 821 474; x_wconf 73' lang='lat' dir='ltr'>obstantibus</span> <span class='ocrx_word' id='word_1_34' title='bbox 841 441 941 486; x_wconf 77' lang='lat' dir='ltr'>priori</span> <span class='ocrx_word' id='word_1_35' title='bbox 963 443 1123 476; x_wconf 77' lang='lat' dir='ltr'>voluntate</span> 
     </span>
     <span class='ocr_line' id='line_1_11' title="bbox 373 495 1124 538; baseline 0.005 -12"><span class='ocrx_word' id='word_1_36' title='bbox 373 501 480 528; x_wconf 88' lang='lat' dir='ltr'>nostra</span> <span class='ocrx_word' id='word_1_37' title='bbox 500 506 536 528; x_wconf 87' lang='lat' dir='ltr'>ac</span> <span class='ocrx_word' id='word_1_38' title='bbox 557 495 626 527; x_wconf 87' lang='lat' dir='ltr'>aliis</span> <span class='ocrx_word' id='word_1_39' title='bbox 648 495 839 538; x_wconf 73' lang='lat' dir='ltr'>praemissis,</span> <span class='ocrx_word' id='word_1_40' title='bbox 856 507 892 528; x_wconf 86' lang='lat' dir='ltr'>ac</span> <span class='ocrx_word' id='word_1_41' title='bbox 904 497 1124 530; x_wconf 85' lang='lat' dir='ltr'>Lateranensis</span> 
     </span>
     <span class='ocr_line' id='line_1_12' title="bbox 373 549 939 583; baseline 0.004 -2"><span class='ocrx_word' id='word_1_42' title='bbox 373 549 500 581; x_wconf 88' lang='lat' dir='ltr'>concilii</span> <span class='ocrx_word' id='word_1_43' title='bbox 521 549 689 582; x_wconf 80' lang='lat' dir='ltr'>novissime</span> <span class='ocrx_word' id='word_1_44' title='bbox 711 549 862 581; x_wconf 85' lang='lat' dir='ltr'>celebrati</span> <span class='ocrx_word' id='word_1_45' title='bbox 882 554 939 583; x_wconf 79' lang='lat' dir='ltr'>etc.</span> 
     </span>
    </p>

    <p class='ocr_par' dir='ltr' id='par_1_7' title="bbox 370 601 1123 846">
     <span class='ocr_line' id='line_1_13' title="bbox 414 601 1122 645; baseline 0.004 -12"><span class='ocrx_word' id='word_1_46' title='bbox 414 601 528 634; x_wconf 87' lang='lat' dir='ltr'>Datum</span> <span class='ocrx_word' id='word_1_47' title='bbox 557 602 675 634; x_wconf 85' lang='lat' dir='ltr'>Romae</span> <span class='ocrx_word' id='word_1_48' title='bbox 696 603 781 645; x_wconf 86' lang='lat' dir='ltr'>apud</span> <span class='ocrx_word' id='word_1_49' title='bbox 803 603 954 635; x_wconf 86' lang='lat' dir='ltr'>Sanctum</span> <span class='ocrx_word' id='word_1_50' title='bbox 975 604 1122 643; x_wconf 85' lang='lat' dir='ltr'>Petrum,</span> 
     </span>
     <span class='ocr_line' id='line_1_14' title="bbox 371 655 1123 690; baseline 0.007 -5"><span class='ocrx_word' id='word_1_51' title='bbox 371 664 454 686; x_wconf 86' lang='lat' dir='ltr'>anno</span> <span class='ocrx_word' id='word_1_52' title='bbox 488 655 718 687; x_wconf 86' lang='lat' dir='ltr'>Incarnationis</span> <span class='ocrx_word' id='word_1_53' title='bbox 751 655 932 688; x_wconf 76' lang='lat' dir='ltr'>dominicae</span> <span class='ocrx_word' id='word_1_54' title='bbox 954 657 1123 690; x_wconf 84' lang='lat' dir='ltr'>millesimo</span> 
     </span>
     <span class='ocr_line' id='line_1_15' title="bbox 371 707 1123 754; baseline 0.005 -15"><span class='ocrx_word' id='word_1_55' title='bbox 371 707 628 750; x_wconf 75' lang='lat' dir='ltr'>quingentesimo</span> <span class='ocrx_word' id='word_1_56' title='bbox 640 709 886 752; x_wconf 80' lang='lat' dir='ltr'>quadragesimo</span> <span class='ocrx_word' id='word_1_57' title='bbox 897 709 1014 753; x_wconf 84' lang='lat' dir='ltr'>primo,</span> <span class='ocrx_word' id='word_1_58' title='bbox 1029 711 1123 754; x_wconf 84' lang='lat' dir='ltr'>septi-</span> 
     </span>
     <span class='ocr_line' id='line_1_16' title="bbox 372 760 1122 806; baseline 0.008 -15"><span class='ocrx_word' id='word_1_59' title='bbox 372 771 423 792; x_wconf 91' lang='lat' dir='ltr'>mo</span> <span class='ocrx_word' id='word_1_60' title='bbox 457 760 527 793; x_wconf 82' lang='lat' dir='ltr'>idus</span> <span class='ocrx_word' id='word_1_61' title='bbox 564 761 717 794; x_wconf 86' lang='lat' dir='ltr'>februarii</span> <span class='ocrx_word' id='word_1_62' title='bbox 736 789 742 801; x_wconf 89' lang='lat'>,</span> <span class='ocrx_word' id='word_1_63' title='bbox 785 763 990 806; x_wconf 79' lang='lat' dir='ltr'>pontificatus</span> <span class='ocrx_word' id='word_1_64' title='bbox 1023 765 1122 797; x_wconf 84' lang='lat' dir='ltr'>nostri</span> 
     </span>
     <span class='ocr_line' id='line_1_17' title="bbox 370 813 550 846; baseline 0.006 -1"><span class='ocrx_word' id='word_1_65' title='bbox 370 823 454 846; x_wconf 88' lang='lat' dir='ltr'>anno</span> <span class='ocrx_word' id='word_1_66' title='bbox 475 824 503 846; x_wconf 81' lang='lat' dir='ltr'>vt</span> <span class='ocrx_word' id='word_1_67' title='bbox 526 813 550 846; x_wconf 88' lang='lat'>¹.</span> 
     </span>
    </p>

    <p class='ocr_par' dir='ltr' id='par_1_8' title="bbox 398 870 1094 913">
     <span class='ocr_line' id='line_1_18' title="bbox 398 870 1094 913; baseline 0.007 -13"><span class='ocrx_word' id='word_1_68' title='bbox 398 870 459 900; x_wconf 86' lang='lat' dir='ltr'>Dat.</span> <span class='ocrx_word' id='word_1_69' title='bbox 472 872 518 901; x_wconf 87' lang='lat' dir='ltr'>die</span> <span class='ocrx_word' id='word_1_70' title='bbox 537 872 552 902; x_wconf 83' lang='lat'>7</span> <span class='ocrx_word' id='word_1_71' title='bbox 569 872 711 902; x_wconf 84' lang='lat' dir='ltr'>februarii</span> <span class='ocrx_word' id='word_1_72' title='bbox 731 874 817 910; x_wconf 68' lang='lat' dir='ltr'>t5tt,</span> <span class='ocrx_word' id='word_1_73' title='bbox 834 874 937 913; x_wconf 85' lang='lat' dir='ltr'>pontif.</span> <span class='ocrx_word' id='word_1_74' title='bbox 954 885 1029 905; x_wconf 84' lang='lat' dir='ltr'>anno</span> <span class='ocrx_word' id='word_1_75' title='bbox 1046 885 1094 905; x_wconf 84' lang='lat' dir='ltr'>vit.</span> 
     </span>
    </p>
   </div>
   <div class='ocr_carea' id='block_1_6' title="bbox 650 965 833 971">
    <p class='ocr_par' dir='ltr' id='par_1_9' title="bbox 650 965 833 971">
     <span class='ocr_line' id='line_1_19' title="bbox 650 965 833 971; baseline 0 0"><span class='ocrx_word' id='word_1_76' title='bbox 650 965 833 971; x_wconf 95' lang='lat' dir='ltr'> </span> 
     </span>
    </p>
   </div>
   <div class='ocr_carea' id='block_1_7' title="bbox 369 1135 1124 1286">
    <p class='ocr_par' dir='ltr' id='par_1_10' title="bbox 369 1135 1124 1286">
     <span class='ocr_line' id='line_1_20' title="bbox 369 1135 1121 1170; baseline 0.003 -2"><span class='ocrx_word' id='word_1_77' title='bbox 369 1135 731 1168; x_wconf 60' lang='lat' dir='ltr'>Escommunimtiones</span> <span class='ocrx_word' id='word_1_78' title='bbox 746 1136 780 1169; x_wconf 92' lang='lat' dir='ltr'>S.</span> <span class='ocrx_word' id='word_1_79' title='bbox 800 1137 982 1170; x_wconf 76' lang='lat' dir='ltr'>Eleutherii</span> <span class='ocrx_word' id='word_1_80' title='bbox 998 1149 1121 1170; x_wconf 60' lang='grc' dir='ltr'>τιμησα-</span> 
     </span>
     <span class='ocr_line' id='line_1_21' title="bbox 410 1190 1124 1234; baseline 0.003 -12"><span class='ocrx_word' id='word_1_81' title='bbox 410 1194 519 1232; x_wconf 75' lang='lat' dir='ltr'>patas&#39;</span> <span class='ocrx_word' id='word_1_82' title='bbox 541 1190 578 1222; x_wconf 76' lang='lat' dir='ltr'>de</span> <span class='ocrx_word' id='word_1_83' title='bbox 610 1194 709 1223; x_wconf 81' lang='lat' dir='ltr'>cetero</span> <span class='ocrx_word' id='word_1_84' title='bbox 739 1191 868 1223; x_wconf 73' lang='lat' dir='ltr'>concedi</span> <span class='ocrx_word' id='word_1_85' title='bbox 894 1192 939 1223; x_wconf 84' lang='lat' dir='ltr'>rel</span> <span class='ocrx_word' id='word_1_86' title='bbox 962 1192 1124 1234; x_wconf 74' lang='lat' dir='ltr'>publicari</span> 
     </span>
     <span class='ocr_line' id='line_1_22' title="bbox 410 1242 986 1286; baseline 0.005 -12"><span class='ocrx_word' id='word_1_87' title='bbox 410 1242 570 1286; x_wconf 77' lang='lat' dir='ltr'>prohibet,</span> <span class='ocrx_word' id='word_1_88' title='bbox 593 1247 621 1276; x_wconf 77' lang='lat' dir='ltr'>et</span> <span class='ocrx_word' id='word_1_89' title='bbox 641 1254 801 1276; x_wconf 75' lang='lat' dir='ltr'>concessas</span> <span class='ocrx_word' id='word_1_90' title='bbox 822 1245 986 1277; x_wconf 79' lang='lat' dir='ltr'><em>annullat.</em></span> 
     </span>
    </p>
   </div>
   <div class='ocr_carea' id='block_1_8' title="bbox 477 1323 1017 1360">
    <p class='ocr_par' dir='ltr' id='par_1_11' title="bbox 477 1323 1017 1360">
     <span class='ocr_line' id='line_1_23' title="bbox 477 1323 1017 1360; baseline 0.002 -8"><span class='ocrx_word' id='word_1_91' title='bbox 477 1323 575 1352; x_wconf 77' lang='lat' dir='ltr'>Paulus</span> <span class='ocrx_word' id='word_1_92' title='bbox 588 1324 658 1360; x_wconf 75' lang='lat' dir='ltr'>Papa</span> <span class='ocrx_word' id='word_1_93' title='bbox 671 1323 713 1357; x_wconf 88' lang='lat' dir='ltr'>ttt.</span> <span class='ocrx_word' id='word_1_94' title='bbox 729 1325 807 1352; x_wconf 85' lang='lat' dir='ltr'>motu</span> <span class='ocrx_word' id='word_1_95' title='bbox 822 1324 945 1360; x_wconf 81' lang='lat' dir='ltr'>propt-io,</span> <span class='ocrx_word' id='word_1_96' title='bbox 962 1326 1017 1353; x_wconf 80' lang='lat' dir='ltr'>eto.</span> 
     </span>
    </p>
   </div>
   <div class='ocr_carea' id='block_1_9' title="bbox 368 1395 1127 2056">
    <p class='ocr_par' dir='ltr' id='par_1_12' title="bbox 368 1395 1127 2056">
     <span class='ocr_line' id='line_1_24' title="bbox 413 1395 1122 1439; baseline 0.003 -12"><span class='ocrx_word' id='word_1_97' title='bbox 413 1395 499 1428; x_wconf 85' lang='lat' dir='ltr'>Licet</span> <span class='ocrx_word' id='word_1_98' title='bbox 527 1405 633 1439; x_wconf 91' lang='lat' dir='ltr'>nuper</span> <span class='ocrx_word' id='word_1_99' title='bbox 659 1395 691 1428; x_wconf 92' lang='lat' dir='ltr'>in</span> <span class='ocrx_word' id='word_1_100' title='bbox 718 1395 909 1429; x_wconf 87' lang='lat' dir='ltr'>consistorio</span> <span class='ocrx_word' id='word_1_101' title='bbox 936 1402 1046 1429; x_wconf 88' lang='lat' dir='ltr'>nostro</span> <span class='ocrx_word' id='word_1_102' title='bbox 1073 1408 1122 1430; x_wconf 90' lang='lat' dir='ltr'>se-</span> 
     </span>
     <span class='ocr_line' id='line_1_25' title="bbox 370 1449 1123 1490; baseline 0 -9"><span class='ocrx_word' id='word_1_103' title='bbox 370 1454 470 1489; x_wconf 86' lang='lat' dir='ltr'>creto,</span> <span class='ocrx_word' id='word_1_104' title='bbox 493 1449 531 1482; x_wconf 91' lang='lat' dir='ltr'>de</span> <span class='ocrx_word' id='word_1_105' title='bbox 552 1449 688 1481; x_wconf 77' lang='lat' dir='ltr'>fratrum</span> <span class='ocrx_word' id='word_1_106' title='bbox 709 1454 895 1482; x_wconf 84' lang='lat' dir='ltr'>nostrorum</span> <span class='ocrx_word' id='word_1_107' title='bbox 916 1449 1062 1490; x_wconf 84' lang='lat' dir='ltr'>consilio,</span> <span class='ocrx_word' id='word_1_108' title='bbox 1085 1450 1123 1482; x_wconf 87' lang='lat' dir='ltr'>ad</span> 
     </span>
     <span class='ocr_line' id='line_1_26' title="bbox 370 1502 1124 1546; baseline 0.003 -12"><span class='ocrx_word' id='word_1_109' title='bbox 370 1503 514 1535; x_wconf 81' lang='lat' dir='ltr'>evitanda</span> <span class='ocrx_word' id='word_1_110' title='bbox 534 1502 683 1535; x_wconf 84' lang='lat' dir='ltr'>scandala</span> <span class='ocrx_word' id='word_1_111' title='bbox 704 1508 733 1535; x_wconf 87' lang='lat' dir='ltr'>et</span> <span class='ocrx_word' id='word_1_112' title='bbox 748 1503 879 1542; x_wconf 79' lang='lat' dir='ltr'>abusus,</span> <span class='ocrx_word' id='word_1_113' title='bbox 898 1514 981 1546; x_wconf 88' lang='lat' dir='ltr'>quae</span> <span class='ocrx_word' id='word_1_114' title='bbox 997 1514 1033 1536; x_wconf 79' lang='lat' dir='ltr'>ex</span> <span class='ocrx_word' id='word_1_115' title='bbox 1049 1514 1124 1536; x_wconf 86' lang='lat' dir='ltr'>con-</span> 
     </span>
     <span class='ocr_line' id='line_1_27' title="bbox 370 1555 1123 1599; baseline 0.001 -11"><span class='ocrx_word' id='word_1_116' title='bbox 370 1556 513 1589; x_wconf 75' lang='lat' dir='ltr'>cessione</span> <span class='ocrx_word' id='word_1_117' title='bbox 534 1562 564 1589; x_wconf 88' lang='lat' dir='ltr'>et</span> <span class='ocrx_word' id='word_1_118' title='bbox 583 1555 801 1599; x_wconf 77' lang='lat' dir='ltr'>publicatione</span> <span class='ocrx_word' id='word_1_119' title='bbox 817 1561 979 1589; x_wconf 84' lang='lat' dir='ltr'>certarum</span> <span class='ocrx_word' id='word_1_120' title='bbox 996 1567 1123 1589; x_wconf 80' lang='lat' dir='ltr'>excom—</span> 
     </span>
     <span class='ocr_line' id='line_1_28' title="bbox 370 1609 1123 1653; baseline 0.003 -12"><span class='ocrx_word' id='word_1_121' title='bbox 370 1609 625 1642; x_wconf 89' lang='lat' dir='ltr'>municationum</span> <span class='ocrx_word' id='word_1_122' title='bbox 655 1609 687 1642; x_wconf 81' lang='lat' dir='ltr'>S.</span> <span class='ocrx_word' id='word_1_123' title='bbox 715 1609 891 1642; x_wconf 85' lang='lat' dir='ltr'>Eleutherii</span> <span class='ocrx_word' id='word_1_124' title='bbox 920 1615 1123 1653; x_wconf 86' lang='lat' dir='ltr'>nuncupata-</span> 
     </span>
     <span class='ocr_line' id='line_1_29' title="bbox 370 1662 1125 1706; baseline 0.001 -12"><span class='ocrx_word' id='word_1_125' title='bbox 370 1673 442 1695; x_wconf 92' lang='lat' dir='ltr'>rum</span> <span class='ocrx_word' id='word_1_126' title='bbox 472 1663 503 1695; x_wconf 89' lang='lat' dir='ltr'>in</span> <span class='ocrx_word' id='word_1_127' title='bbox 533 1662 664 1695; x_wconf 74' lang='lat' dir='ltr'>diversis</span> <span class='ocrx_word' id='word_1_128' title='bbox 692 1662 804 1694; x_wconf 87' lang='lat' dir='ltr'>mundi</span> <span class='ocrx_word' id='word_1_129' title='bbox 834 1662 978 1706; x_wconf 88' lang='lat' dir='ltr'>partibus</span> <span class='ocrx_word' id='word_1_130' title='bbox 1004 1663 1125 1696; x_wconf 84' lang='lat' dir='ltr'>exorie-</span> 
     </span>
     <span class='ocr_line' id='line_1_30' title="bbox 368 1715 1125 1756; baseline 0.001 -8"><span class='ocrx_word' id='word_1_131' title='bbox 368 1716 506 1756; x_wconf 83' lang='lat' dir='ltr'>bantur,</span> <span class='ocrx_word' id='word_1_132' title='bbox 548 1715 736 1748; x_wconf 86' lang='lat' dir='ltr'>huiusmodi</span> <span class='ocrx_word' id='word_1_133' title='bbox 774 1716 1125 1749; x_wconf 69' lang='lat' dir='ltr'>excommunicationes</span> 
     </span>
     <span class='ocr_line' id='line_1_31' title="bbox 369 1769 1124 1813; baseline 0.001 -12"><span class='ocrx_word' id='word_1_134' title='bbox 369 1769 520 1813; x_wconf 77' lang='lat' dir='ltr'>deinceps</span> <span class='ocrx_word' id='word_1_135' title='bbox 549 1769 681 1801; x_wconf 89' lang='lat' dir='ltr'>minime</span> <span class='ocrx_word' id='word_1_136' title='bbox 710 1769 779 1801; x_wconf 81' lang='lat' dir='ltr'>lieri</span> <span class='ocrx_word' id='word_1_137' title='bbox 813 1774 841 1801; x_wconf 90' lang='lat' dir='ltr'>et</span> <span class='ocrx_word' id='word_1_138' title='bbox 868 1769 1027 1813; x_wconf 87' lang='lat' dir='ltr'>publicari</span> <span class='ocrx_word' id='word_1_139' title='bbox 1055 1780 1124 1802; x_wconf 84' lang='lat' dir='ltr'>ont·</span> 
     </span>
     <span class='ocr_line' id='line_1_32' title="bbox 369 1822 1126 1866; baseline 0 -11"><span class='ocrx_word' id='word_1_140' title='bbox 369 1822 446 1855; x_wconf 86' lang='lat' dir='ltr'>nino</span> <span class='ocrx_word' id='word_1_141' title='bbox 467 1822 724 1855; x_wconf 68' lang='lat' dir='ltr'>decreverimus:</span> <span class='ocrx_word' id='word_1_142' title='bbox 747 1833 783 1855; x_wconf 90' lang='lat' dir='ltr'>ac</span> <span class='ocrx_word' id='word_1_143' title='bbox 804 1827 975 1866; x_wconf 89' lang='lat' dir='ltr'>propterca</span> <span class='ocrx_word' id='word_1_144' title='bbox 990 1823 1126 1855; x_wconf 87' lang='lat' dir='ltr'>dilectus</span> 
     </span>
     <span class='ocr_line' id='line_1_33' title="bbox 371 1875 1126 1919; baseline 0 -11"><span class='ocrx_word' id='word_1_145' title='bbox 371 1878 467 1908; x_wconf 83' lang='lat' dir='ltr'>frater</span> <span class='ocrx_word' id='word_1_146' title='bbox 501 1879 610 1908; x_wconf 85' lang='lat' dir='ltr'>noster</span> <span class='ocrx_word' id='word_1_147' title='bbox 648 1875 933 1915; x_wconf 86' lang='lat' dir='ltr'>Bartholomaeus,</span> <span class='ocrx_word' id='word_1_148' title='bbox 961 1876 1126 1919; x_wconf 51' lang='lat' dir='ltr'>presbyter</span> 
     </span>
     <span class='ocr_line' id='line_1_34' title="bbox 369 1923 1125 1965; baseline 0 -7"><span class='ocrx_word' id='word_1_149' title='bbox 369 1925 541 1958; x_wconf 86' lang='lat' dir='ltr'>cardinalis</span> <span class='ocrx_word' id='word_1_150' title='bbox 567 1923 799 1963; x_wconf 87' lang='lat' dir='ltr'>Guidicionus,</span> <span class='ocrx_word' id='word_1_151' title='bbox 835 1924 898 1965; x_wconf 87' lang='lat' dir='ltr'>cui,</span> <span class='ocrx_word' id='word_1_152' title='bbox 922 1925 1045 1957; x_wconf 89' lang='lat' dir='ltr'>ratione</span> <span class='ocrx_word' id='word_1_153' title='bbox 1072 1936 1125 1958; x_wconf 84' lang='lat' dir='ltr'>ec-</span> 
     </span>
     <span class='ocr_line' id='line_1_35' title="bbox 369 1973 1123 2017; baseline 0 -10"><span class='ocrx_word' id='word_1_154' title='bbox 369 1975 474 2007; x_wconf 79' lang='lat' dir='ltr'>clesiae</span> <span class='ocrx_word' id='word_1_155' title='bbox 495 1974 672 2017; x_wconf 65' lang='lat' dir='ltr'>Aprutinze,</span> <span class='ocrx_word' id='word_1_156' title='bbox 692 1973 744 2006; x_wconf 86' lang='lat' dir='ltr'>cui</span> <span class='ocrx_word' id='word_1_157' title='bbox 760 1985 897 2017; x_wconf 69' lang='lat' dir='ltr'>prfeesse</span> <span class='ocrx_word' id='word_1_158' title='bbox 913 1973 1123 2016; x_wconf 77' lang='lat' dir='ltr'>dignoscitur,</span> 
     </span>
     <span class='ocr_line' id='line_1_36' title="bbox 369 2022 1127 2056; baseline 0.001 -1"><span class='ocrx_word' id='word_1_159' title='bbox 369 2022 557 2055; x_wconf 85' lang='lat' dir='ltr'>huiusmodi</span> <span class='ocrx_word' id='word_1_160' title='bbox 574 2022 926 2055; x_wconf 78' lang='lat' dir='ltr'>excommunicationes</span> <span class='ocrx_word' id='word_1_161' title='bbox 947 2024 1127 2056; x_wconf 87' lang='lat' dir='ltr'>conceden-</span> 
     </span>
    </p>
   </div>
   <div class='ocr_carea' id='block_1_10' title="bbox 370 2071 1149 2161">
    <p class='ocr_par' dir='ltr' id='par_1_13' title="bbox 370 2071 1149 2161">
     <span class='ocr_line' id='line_1_37' title="bbox 370 2071 1149 2116; baseline -0.001 -12"><span class='ocrx_word' id='word_1_162' title='bbox 370 2072 401 2104; x_wconf 88' lang='lat' dir='ltr'>di</span> <span class='ocrx_word' id='word_1_163' title='bbox 412 2071 428 2094; x_wconf 75' lang='lat'>‘2</span> <span class='ocrx_word' id='word_1_164' title='bbox 440 2078 624 2116; x_wconf 85' lang='lat' dir='ltr'>competere</span> <span class='ocrx_word' id='word_1_165' title='bbox 637 2072 848 2109; x_wconf 73' lang='lat' dir='ltr'>asserebatur,</span> <span class='ocrx_word' id='word_1_166' title='bbox 861 2073 900 2105; x_wconf 88' lang='lat' dir='ltr'>ab</span> <span class='ocrx_word' id='word_1_167' title='bbox 912 2073 1040 2105; x_wconf 89' lang='lat' dir='ltr'>illarum</span> <span class='ocrx_word' id='word_1_168' title='bbox 1052 2084 1126 2106; x_wconf 90' lang='lat' dir='ltr'>con-</span> <span class='ocrx_word' id='word_1_169' title='bbox 1148 2098 1149 2103; x_wconf 71' lang='grc'>,</span> 
     </span>
     <span class='ocr_line' id='line_1_38' title="bbox 372 2121 1149 2161; baseline 0.004 -7"><span class='ocrx_word' id='word_1_170' title='bbox 372 2121 530 2161; x_wconf 82' lang='lat' dir='ltr'>cessione,</span> <span class='ocrx_word' id='word_1_171' title='bbox 554 2126 586 2153; x_wconf 92' lang='lat' dir='ltr'>ut</span> <span class='ocrx_word' id='word_1_172' title='bbox 608 2121 752 2160; x_wconf 79' lang='lat' dir='ltr'>decebat,</span> <span class='ocrx_word' id='word_1_173' title='bbox 774 2121 963 2155; x_wconf 78' lang='lat' dir='ltr'>abstinuerit</span> <span class='ocrx_word' id='word_1_174' title='bbox 985 2127 1012 2154; x_wconf 88' lang='lat' dir='ltr'>et</span> <span class='ocrx_word' id='word_1_175' title='bbox 1030 2122 1125 2154; x_wconf 90' lang='lat' dir='ltr'>absti-</span> <span class='ocrx_word' id='word_1_176' title='bbox 1148 2150 1149 2157; x_wconf 66' lang='grc'>,</span> 
     </span>
    </p>
   </div>
   <div class='ocr_carea' id='block_1_11' title="bbox 373 2171 1922 2243">
    <p class='ocr_par' dir='ltr' id='par_1_14' title="bbox 373 2171 1922 2243">
     <span class='ocr_line' id='line_1_39' title="bbox 373 2171 1922 2243; baseline 0.003 -14"><span class='ocrx_word' id='word_1_177' title='bbox 373 2175 445 2203; x_wconf 62' lang='lat' dir='ltr'><strong>neat</strong></span> <span class='ocrx_word' id='word_1_178' title='bbox 465 2171 503 2203; x_wconf 58' lang='lat' dir='ltr'>de</span> <span class='ocrx_word' id='word_1_179' title='bbox 524 2176 706 2214; x_wconf 52' lang='lat' dir='ltr'>plaefflml’</span> <span class='ocrx_word' id='word_1_180' title='bbox 729 2171 941 2203; x_wconf 50' lang='lat' dir='ltr'>mhllommm</span> <span class='ocrx_word' id='word_1_181' title='bbox 960 2176 1038 2213; x_wconf 55' lang='lat' dir='ltr'>&lt;non</span> <span class='ocrx_word' id='word_1_182' title='bbox 1059 2182 1126 2204; x_wconf 48' lang='lat' dir='ltr'>§mo</span> <span class='ocrx_word' id='word_1_183' title='bbox 1148 2194 1149 2225; x_wconf 66' lang='grc' dir='ltr'>ἶ</span> <span class='ocrx_word' id='word_1_184' title='bbox 1169 2205 1234 2232; x_wconf 87' lang='lat' dir='ltr'>tam</span> <span class='ocrx_word' id='word_1_185' title='bbox 1254 2200 1445 2243; x_wconf 84' lang='lat' dir='ltr'>Pompeium</span> <span class='ocrx_word' id='word_1_186' title='bbox 1462 2199 1641 2243; x_wconf 87' lang='lat' dir='ltr'>praefatum</span> <span class='ocrx_word' id='word_1_187' title='bbox 1662 2205 1692 2232; x_wconf 90' lang='lat' dir='ltr'>et</span> <span class='ocrx_word' id='word_1_188' title='bbox 1708 2211 1922 2240; x_wconf 71' lang='lat' dir='ltr'>successores,</span> 
     </span>
    </p>
   </div>
   <div class='ocr_carea' id='block_1_12' title="bbox 374 2252 1925 2312">
    <p class='ocr_par' dir='ltr' id='par_1_15' title="bbox 374 2252 1925 2312">
     <span class='ocr_line' id='line_1_40' title="bbox 374 2252 1925 2312; baseline 0.003 -29"><span class='ocrx_word' id='word_1_189' title='bbox 374 2269 509 2301; x_wconf 60' lang='lat' dir='ltr'>dilectus</span> <span class='ocrx_word' id='word_1_190' title='bbox 547 2268 632 2300; x_wconf 58' lang='lat' dir='ltr'>filius</span> <span class='ocrx_word' id='word_1_191' title='bbox 665 2268 837 2312; x_wconf 61' lang='lat' dir='ltr'>pompeius</span> <span class='ocrx_word' id='word_1_192' title='bbox 875 2269 1056 2302; x_wconf 60' lang='lat' dir='ltr'>Benenatus</span> <span class='ocrx_word' id='word_1_193' title='bbox 1089 2270 1127 2302; x_wconf 51' lang='lat' dir='ltr'>do</span> <span class='ocrx_word' id='word_1_194' title='bbox 1149 2271 1150 2304; x_wconf 60' lang='lat'>3</span> <span class='ocrx_word' id='word_1_195' title='bbox 1170 2263 1267 2295; x_wconf 87' lang='lat' dir='ltr'>quam</span> <span class='ocrx_word' id='word_1_196' title='bbox 1288 2252 1367 2285; x_wconf 88' lang='lat' dir='ltr'>alios</span> <span class='ocrx_word' id='word_1_197' title='bbox 1391 2263 1625 2296; x_wconf 83' lang='lat' dir='ltr'>quoscumque,</span> <span class='ocrx_word' id='word_1_198' title='bbox 1647 2264 1855 2297; x_wconf 88' lang='lat' dir='ltr'>quacumque</span> <span class='ocrx_word' id='word_1_199' title='bbox 1878 2255 1925 2287; x_wconf 89' lang='lat' dir='ltr'>di-</span> 
     </span>
    </p>
   </div>
   <div class='ocr_carea' id='block_1_13' title="bbox 373 2218 1127 2263">
    <p class='ocr_par' dir='ltr' id='par_1_16' title="bbox 373 2218 1127 2263">
     <span class='ocr_line' id='line_1_41' title="bbox 373 2218 1127 2263; baseline 0.003 -12"><span class='ocrx_word' id='word_1_200' title='bbox 373 2219 471 2251; x_wconf 85' lang='lat' dir='ltr'>animi</span> <span class='ocrx_word' id='word_1_201' title='bbox 490 2219 589 2251; x_wconf 87' lang='lat' dir='ltr'>nostri</span> <span class='ocrx_word' id='word_1_202' title='bbox 605 2218 825 2262; x_wconf 80' lang='lat' dir='ltr'>displicentia)</span> <span class='ocrx_word' id='word_1_203' title='bbox 841 2219 1026 2262; x_wconf 84' lang='lat' dir='ltr'>accepimus</span> <span class='ocrx_word' id='word_1_204' title='bbox 1040 2221 1127 2263; x_wconf 86' lang='lat' dir='ltr'>quod</span> 
     </span>
    </p>
   </div>
   <div class='ocr_carea' id='block_1_14' title="bbox 374 2317 1130 2557">
    <p class='ocr_par' dir='ltr' id='par_1_17' title="bbox 374 2317 1130 2557">
     <span class='ocr_line' id='line_1_42' title="bbox 374 2317 1127 2361; baseline 0.003 -12"><span class='ocrx_word' id='word_1_205' title='bbox 374 2317 680 2356; x_wconf 81' lang='lat' dir='ltr'>Piccolltominibus,</span> <span class='ocrx_word' id='word_1_206' title='bbox 702 2318 903 2361; x_wconf 83' lang='lat' dir='ltr'>praepositus</span> <span class='ocrx_word' id='word_1_207' title='bbox 923 2318 954 2351; x_wconf 81' lang='lat' dir='ltr'>S.</span> <span class='ocrx_word' id='word_1_208' title='bbox 975 2318 1127 2351; x_wconf 84' lang='lat' dir='ltr'>Eleuthe-</span> 
     </span>
     <span class='ocr_line' id='line_1_43' title="bbox 375 2366 1128 2409; baseline 0.003 -11"><span class='ocrx_word' id='word_1_209' title='bbox 375 2366 424 2405; x_wconf 79' lang='lat' dir='ltr'>rii,</span> <span class='ocrx_word' id='word_1_210' title='bbox 448 2366 507 2398; x_wconf 89' lang='lat' dir='ltr'>sub</span> <span class='ocrx_word' id='word_1_211' title='bbox 528 2371 693 2408; x_wconf 79' lang='lat' dir='ltr'>praetextu</span> <span class='ocrx_word' id='word_1_212' title='bbox 709 2367 795 2409; x_wconf 87' lang='lat' dir='ltr'>quod</span> <span class='ocrx_word' id='word_1_213' title='bbox 812 2367 945 2400; x_wconf 82' lang='lat' dir='ltr'>facultas</span> <span class='ocrx_word' id='word_1_214' title='bbox 960 2367 1059 2400; x_wconf 86' lang='lat' dir='ltr'>dictas</span> <span class='ocrx_word' id='word_1_215' title='bbox 1075 2378 1128 2400; x_wconf 85' lang='lat' dir='ltr'>ex-</span> 
     </span>
     <span class='ocr_line' id='line_1_44' title="bbox 376 2414 1129 2460; baseline 0.003 -12"><span class='ocrx_word' id='word_1_216' title='bbox 376 2414 687 2448; x_wconf 75' lang='lat' dir='ltr'>communicationes</span> <span class='ocrx_word' id='word_1_217' title='bbox 696 2415 905 2455; x_wconf 86' lang='lat' dir='ltr'>concedendi,</span> <span class='ocrx_word' id='word_1_218' title='bbox 915 2416 1038 2449; x_wconf 87' lang='lat' dir='ltr'>ratione</span> <span class='ocrx_word' id='word_1_219' title='bbox 1048 2427 1129 2460; x_wconf 79' lang='lat' dir='ltr'>prae-</span> 
     </span>
     <span class='ocr_line' id='line_1_45' title="bbox 379 2464 1130 2508; baseline 0.003 -12"><span class='ocrx_word' id='word_1_220' title='bbox 379 2464 540 2508; x_wconf 84' lang='lat' dir='ltr'>positurae</span> <span class='ocrx_word' id='word_1_221' title='bbox 560 2464 759 2503; x_wconf 86' lang='lat' dir='ltr'>huiusmodi,</span> <span class='ocrx_word' id='word_1_222' title='bbox 782 2464 841 2496; x_wconf 82' lang='lat' dir='ltr'>sibi</span> <span class='ocrx_word' id='word_1_223' title='bbox 865 2471 1037 2508; x_wconf 85' lang='lat' dir='ltr'>competat,</span> <span class='ocrx_word' id='word_1_224' title='bbox 1060 2465 1130 2498; x_wconf 87' lang='lat' dir='ltr'>illas</span> 
     </span>
     <span class='ocr_line' id='line_1_46' title="bbox 380 2513 1129 2557; baseline -0.001 -10"><span class='ocrx_word' id='word_1_225' title='bbox 380 2513 508 2557; x_wconf 86' lang='lat' dir='ltr'>passim,</span> <span class='ocrx_word' id='word_1_226' title='bbox 527 2513 647 2556; x_wconf 89' lang='lat' dir='ltr'>ubique</span> <span class='ocrx_word' id='word_1_227' title='bbox 662 2513 810 2546; x_wconf 86' lang='lat' dir='ltr'>locorum</span> <span class='ocrx_word' id='word_1_228' title='bbox 827 2518 857 2546; x_wconf 88' lang='lat' dir='ltr'>et</span> <span class='ocrx_word' id='word_1_229' title='bbox 877 2514 982 2547; x_wconf 82' lang='lat' dir='ltr'>forsan</span> <span class='ocrx_word' id='word_1_230' title='bbox 998 2514 1029 2546; x_wconf 92' lang='lat' dir='ltr'>in</span> <span class='ocrx_word' id='word_1_231' title='bbox 1046 2515 1129 2547; x_wconf 84' lang='lat' dir='ltr'>alma</span> 
     </span>
    </p>
   </div>
   <div class='ocr_carea' id='block_1_15' title="bbox 377 2579 1130 2660">
    <p class='ocr_par' dir='ltr' id='par_1_18' title="bbox 377 2579 1130 2660">
     <span class='ocr_line' id='line_1_47' title="bbox 412 2579 1130 2614; baseline -0.001 -8"><span class='ocrx_word' id='word_1_232' title='bbox 412 2580 424 2606; x_wconf 85' lang='lat'>1</span> <span class='ocrx_word' id='word_1_233' title='bbox 446 2579 595 2614; x_wconf 77' lang='lat' dir='ltr'>tegendum</span> <span class='ocrx_word' id='word_1_234' title='bbox 606 2588 679 2605; x_wconf 80' lang='lat' dir='ltr'>anuo</span> <span class='ocrx_word' id='word_1_235' title='bbox 691 2587 728 2607; x_wconf 84' lang='lat' dir='ltr'>vu</span> <span class='ocrx_word' id='word_1_236' title='bbox 750 2579 851 2614; x_wconf 80' lang='lat' dir='ltr'>(n.T.).</span> <span class='ocrx_word' id='word_1_237' title='bbox 889 2579 1031 2607; x_wconf 71' lang='lat' dir='ltr'>2Cberub.</span> <span class='ocrx_word' id='word_1_238' title='bbox 1057 2579 1130 2607; x_wconf 81' lang='lat' dir='ltr'>addit</span> 
     </span>
     <span class='ocr_line' id='line_1_48' title="bbox 377 2624 539 2660; baseline 0 -10"><span class='ocrx_word' id='word_1_239' title='bbox 377 2628 416 2651; x_wconf 81' lang='lat' dir='ltr'>ius</span> <span class='ocrx_word' id='word_1_240' title='bbox 432 2624 469 2660; x_wconf 73' lang='lat' dir='ltr'>(tt.</span> <span class='ocrx_word' id='word_1_241' title='bbox 489 2624 539 2660; x_wconf 83' lang='lat' dir='ltr'><strong>T.).</strong></span> 
     </span>
    </p>
   </div>
   <div class='ocr_carea' id='block_1_16' title="bbox 1142 299 1150 2096">
    <p class='ocr_par' dir='ltr' id='par_1_19' title="bbox 1142 299 1150 2096">
     <span class='ocr_line' id='line_1_49' title="bbox 1142 299 1150 2096; baseline 0 0"><span class='ocrx_word' id='word_1_242' title='bbox 1142 299 1150 2096; x_wconf 95' lang='lat' dir='ltr'> </span> 
     </span>
    </p>
   </div>
   <div class='ocr_carea' id='block_1_17' title="bbox 1166 283 2118 476">
    <p class='ocr_par' dir='ltr' id='par_1_20' title="bbox 1166 283 1914 377">
     <span class='ocr_line' id='line_1_50' title="bbox 1167 283 1914 327; baseline 0 -12"><span class='ocrx_word' id='word_1_243' title='bbox 1167 284 1248 315; x_wconf 75' lang='lat' dir='ltr'>Urbe</span> <span class='ocrx_word' id='word_1_244' title='bbox 1270 283 1460 321; x_wconf 49' lang='lat' dir='ltr'>concedere,</span> <span class='ocrx_word' id='word_1_245' title='bbox 1478 283 1663 327; x_wconf 82' lang='lat' dir='ltr'>imprimere</span> <span class='ocrx_word' id='word_1_246' title='bbox 1684 288 1712 315; x_wconf 84' lang='lat' dir='ltr'>et</span> <span class='ocrx_word' id='word_1_247' title='bbox 1735 283 1914 327; x_wconf 81' lang='lat' dir='ltr'>publicare,</span> 
     </span>
     <span class='ocr_line' id='line_1_51' title="bbox 1166 336 1775 377; baseline -0.002 -8"><span class='ocrx_word' id='word_1_248' title='bbox 1166 336 1239 369; x_wconf 87' lang='lat' dir='ltr'>licet</span> <span class='ocrx_word' id='word_1_249' title='bbox 1258 337 1364 369; x_wconf 79' lang='lat' dir='ltr'>forsan</span> <span class='ocrx_word' id='word_1_250' title='bbox 1385 337 1536 377; x_wconf 89' lang='lat' dir='ltr'>monitus,</span> <span class='ocrx_word' id='word_1_251' title='bbox 1559 348 1623 370; x_wconf 91' lang='lat' dir='ltr'>non</span> <span class='ocrx_word' id='word_1_252' title='bbox 1644 336 1775 369; x_wconf 83' lang='lat' dir='ltr'>desistit.</span> 
     </span>
    </p>

    <p class='ocr_par' dir='ltr' id='par_1_21' title="bbox 1168 389 2118 476">
     <span class='ocr_line' id='line_1_52' title="bbox 1209 389 2118 433; baseline 0.002 -11"><span class='ocrx_word' id='word_1_253' title='bbox 1209 390 1224 433; x_wconf 61' lang='grc' dir='ltr'><strong>ἓ</strong></span> <span class='ocrx_word' id='word_1_254' title='bbox 1244 390 1273 422; x_wconf 47' lang='lat' dir='ltr'>sl.</span> <span class='ocrx_word' id='word_1_255' title='bbox 1302 389 1376 429; x_wconf 84' lang='lat' dir='ltr'>Nos,</span> <span class='ocrx_word' id='word_1_256' title='bbox 1406 389 1570 423; x_wconf 86' lang='lat' dir='ltr'>decretum</span> <span class='ocrx_word' id='word_1_257' title='bbox 1592 390 1623 422; x_wconf 92' lang='lat' dir='ltr'>in</span> <span class='ocrx_word' id='word_1_258' title='bbox 1644 390 1834 423; x_wconf 87' lang='lat' dir='ltr'>consistorio</span> <span class='ocrx_word' id='word_1_259' title='bbox 1859 401 1918 423; x_wconf 91' lang='lat' dir='ltr'>no·</span> <span class='ocrx_word' id='word_1_260' title='bbox 1946 403 2061 424; x_wconf 58' lang='lat' dir='ltr'>rsotnmuo</span> <span class='ocrx_word' id='word_1_261' title='bbox 2077 409 2118 424; x_wconf 74' lang='lat' dir='ltr'>ex-</span> 
     </span>
     <span class='ocr_line' id='line_1_53' title="bbox 1168 435 2118 476; baseline 0.001 -2"><span class='ocrx_word' id='word_1_262' title='bbox 1168 448 1231 475; x_wconf 84' lang='lat' dir='ltr'>stro</span> <span class='ocrx_word' id='word_1_263' title='bbox 1253 448 1377 475; x_wconf 85' lang='lat' dir='ltr'>matura</span> <span class='ocrx_word' id='word_1_264' title='bbox 1393 442 1621 476; x_wconf 84' lang='lat' dir='ltr'>deliberatione</span> <span class='ocrx_word' id='word_1_265' title='bbox 1644 444 1763 476; x_wconf 88' lang='lat' dir='ltr'>factum</span> <span class='ocrx_word' id='word_1_266' title='bbox 1787 442 1917 476; x_wconf 90' lang='lat' dir='ltr'>omnino</span> <span class='ocrx_word' id='word_1_267' title='bbox 1933 435 2041 461; x_wconf 52' lang='lat' dir='ltr'>&#39;&#39;edien&#39;fi’</span> <span class='ocrx_word' id='word_1_268' title='bbox 2066 440 2118 455; x_wconf 65' lang='lat'>”⁰¹¹²</span> 
     </span>
    </p>
   </div>
   <div class='ocr_carea' id='block_1_18' title="bbox 1166 465 2120 529">
    <p class='ocr_par' dir='ltr' id='par_1_22' title="bbox 1166 465 2120 529">
     <span class='ocr_line' id='line_1_54' title="bbox 1933 465 2119 485; baseline 0 0"><span class='ocrx_word' id='word_1_269' title='bbox 1933 466 2022 485; x_wconf 67' lang='lat' dir='ltr'>cedendi</span> <span class='ocrx_word' id='word_1_270' title='bbox 2039 465 2072 485; x_wconf 78' lang='lat' dir='ltr'>vel</span> <span class='ocrx_word' id='word_1_271' title='bbox 2097 471 2119 485; x_wconf 91' lang='lat' dir='ltr'>u-</span> 
     </span>
     <span class='ocr_line' id='line_1_55' title="bbox 1166 472 2120 529; baseline 0.002 -2"><span class='ocrx_word' id='word_1_272' title='bbox 1166 495 1315 528; x_wconf 81' lang='lat' dir='ltr'>effectum</span> <span class='ocrx_word' id='word_1_273' title='bbox 1338 495 1444 528; x_wconf 87' lang='lat' dir='ltr'>sortiri</span> <span class='ocrx_word' id='word_1_274' title='bbox 1464 500 1494 527; x_wconf 90' lang='lat' dir='ltr'>et</span> <span class='ocrx_word' id='word_1_275' title='bbox 1513 495 1551 527; x_wconf 89' lang='lat' dir='ltr'>ab</span> <span class='ocrx_word' id='word_1_276' title='bbox 1577 495 1727 529; x_wconf 75' lang='lat' dir='ltr'>omnibus</span> <span class='ocrx_word' id='word_1_277' title='bbox 1751 496 1918 528; x_wconf 87' lang='lat' dir='ltr'>inviolabi-</span> <span class='ocrx_word' id='word_1_278' title='bbox 1933 472 2120 517; x_wconf 48' lang='lat' dir='ltr'>¹¹¹³⁰³¹¹d³²¹⁶g³¹ffi</span> 
     </span>
    </p>
   </div>
   <div class='ocr_carea' id='block_1_19' title="bbox 1165 527 2121 2191">
    <p class='ocr_par' dir='ltr' id='par_1_23' title="bbox 1166 527 2117 644">
     <span class='ocr_line' id='line_1_56' title="bbox 1167 527 2117 588; baseline -0.002 -8"><span class='ocrx_word' id='word_1_279' title='bbox 1167 548 1238 580; x_wconf 82' lang='lat' dir='ltr'>liter</span> <span class='ocrx_word' id='word_1_280' title='bbox 1258 548 1418 581; x_wconf 78' lang='lat' dir='ltr'>observari</span> <span class='ocrx_word' id='word_1_281' title='bbox 1434 548 1588 588; x_wconf 75' lang='lat' dir='ltr'>volentes,</span> <span class='ocrx_word' id='word_1_282' title='bbox 1610 559 1646 581; x_wconf 87' lang='lat' dir='ltr'>ac</span> <span class='ocrx_word' id='word_1_283' title='bbox 1667 560 1778 582; x_wconf 91' lang='lat' dir='ltr'>omnes</span> <span class='ocrx_word' id='word_1_284' title='bbox 1798 554 1828 581; x_wconf 90' lang='lat' dir='ltr'>et</span> <span class='ocrx_word' id='word_1_285' title='bbox 1852 549 1918 581; x_wconf 89' lang='lat' dir='ltr'>sin·</span> <span class='ocrx_word' id='word_1_286' title='bbox 1934 527 2117 578; x_wconf 37' lang='lat' dir='ltr'>affimat-1255.</span> 
     </span>
     <span class='ocr_line' id='line_1_57' title="bbox 1166 602 1920 644; baseline 0.003 -10"><span class='ocrx_word' id='word_1_287' title='bbox 1166 602 1256 644; x_wconf 66' lang='lat' dir='ltr'>gulas</span> <span class='ocrx_word' id='word_1_288' title='bbox 1273 602 1622 635; x_wconf 78' lang='lat' dir='ltr'>excommunicationes</span> <span class='ocrx_word' id='word_1_289' title='bbox 1641 602 1828 635; x_wconf 87' lang='lat' dir='ltr'>huiusmodi</span> <span class='ocrx_word' id='word_1_290' title='bbox 1845 603 1920 636; x_wconf 88' lang='lat' dir='ltr'>hac-</span> 
     </span>
    </p>

    <p class='ocr_par' dir='ltr' id='par_1_24' title="bbox 1166 654 1918 698">
     <span class='ocr_line' id='line_1_58' title="bbox 1166 654 1918 698; baseline 0.001 -12"><span class='ocrx_word' id='word_1_291' title='bbox 1166 661 1259 687; x_wconf 84' lang='lat' dir='ltr'>tenus</span> <span class='ocrx_word' id='word_1_292' title='bbox 1287 665 1456 688; x_wconf 85' lang='lat' dir='ltr'>concessas</span> <span class='ocrx_word' id='word_1_293' title='bbox 1475 659 1506 687; x_wconf 89' lang='lat' dir='ltr'>et</span> <span class='ocrx_word' id='word_1_294' title='bbox 1524 654 1713 698; x_wconf 87' lang='lat' dir='ltr'>publicatas,</span> <span class='ocrx_word' id='word_1_295' title='bbox 1735 660 1789 687; x_wconf 85' lang='lat' dir='ltr'>aut</span> <span class='ocrx_word' id='word_1_296' title='bbox 1813 655 1846 688; x_wconf 91' lang='lat' dir='ltr'>in</span> <span class='ocrx_word' id='word_1_297' title='bbox 1869 656 1918 687; x_wconf 92' lang='lat' dir='ltr'>fu-</span> 
     </span>
    </p>

    <p class='ocr_par' dir='ltr' id='par_1_25' title="bbox 1166 707 1920 753">
     <span class='ocr_line' id='line_1_59' title="bbox 1166 707 1920 753; baseline 0 -12"><span class='ocrx_word' id='word_1_298' title='bbox 1166 713 1275 741; x_wconf 90' lang='lat' dir='ltr'>turum</span> <span class='ocrx_word' id='word_1_299' title='bbox 1297 714 1408 741; x_wconf 86' lang='lat' dir='ltr'>contra</span> <span class='ocrx_word' id='word_1_300' title='bbox 1423 707 1642 752; x_wconf 87' lang='lat' dir='ltr'>praesentium</span> <span class='ocrx_word' id='word_1_301' title='bbox 1658 714 1815 749; x_wconf 86' lang='lat' dir='ltr'>tenorem,</span> <span class='ocrx_word' id='word_1_302' title='bbox 1833 710 1920 753; x_wconf 89' lang='lat' dir='ltr'>quod</span> 
     </span>
    </p>

    <p class='ocr_par' dir='ltr' id='par_1_26' title="bbox 1166 761 1917 805">
     <span class='ocr_line' id='line_1_60' title="bbox 1166 761 1917 805; baseline 0.001 -11"><span class='ocrx_word' id='word_1_303' title='bbox 1166 762 1257 801; x_wconf 88' lang='lat' dir='ltr'>absit,</span> <span class='ocrx_word' id='word_1_304' title='bbox 1272 763 1378 795; x_wconf 78' lang='lat' dir='ltr'>forsan</span> <span class='ocrx_word' id='word_1_305' title='bbox 1399 762 1621 795; x_wconf 86' lang='lat' dir='ltr'>concedendas</span> <span class='ocrx_word' id='word_1_306' title='bbox 1641 767 1671 794; x_wconf 86' lang='lat' dir='ltr'>et</span> <span class='ocrx_word' id='word_1_307' title='bbox 1694 761 1917 805; x_wconf 85' lang='lat' dir='ltr'>publicandas,</span> 
     </span>
    </p>

    <p class='ocr_par' dir='ltr' id='par_1_27' title="bbox 1166 815 1919 848">
     <span class='ocr_line' id='line_1_61' title="bbox 1166 815 1919 848; baseline 0 -1"><span class='ocrx_word' id='word_1_308' title='bbox 1166 816 1271 848; x_wconf 84' lang='lat' dir='ltr'>nullas</span> <span class='ocrx_word' id='word_1_309' title='bbox 1290 820 1320 848; x_wconf 82' lang='lat' dir='ltr'>et</span> <span class='ocrx_word' id='word_1_310' title='bbox 1340 816 1462 848; x_wconf 90' lang='lat' dir='ltr'>nullius</span> <span class='ocrx_word' id='word_1_311' title='bbox 1477 815 1603 848; x_wconf 88' lang='lat' dir='ltr'>roboris</span> <span class='ocrx_word' id='word_1_312' title='bbox 1623 821 1652 848; x_wconf 86' lang='lat' dir='ltr'>et</span> <span class='ocrx_word' id='word_1_313' title='bbox 1674 815 1829 848; x_wconf 83' lang='lat' dir='ltr'>momenti</span> <span class='ocrx_word' id='word_1_314' title='bbox 1854 815 1919 848; x_wconf 77' lang='lat' dir='ltr'>exi-</span> 
     </span>
    </p>

    <p class='ocr_par' dir='ltr' id='par_1_28' title="bbox 1166 868 1920 912">
     <span class='ocr_line' id='line_1_62' title="bbox 1166 868 1920 912; baseline 0 -12"><span class='ocrx_word' id='word_1_315' title='bbox 1166 874 1260 907; x_wconf 85' lang='lat' dir='ltr'>stere,</span> <span class='ocrx_word' id='word_1_316' title='bbox 1283 879 1339 901; x_wconf 88' lang='lat' dir='ltr'>nec</span> <span class='ocrx_word' id='word_1_317' title='bbox 1358 868 1483 912; x_wconf 85' lang='lat' dir='ltr'>aliquos</span> <span class='ocrx_word' id='word_1_318' title='bbox 1503 868 1565 900; x_wconf 86' lang='lat' dir='ltr'>illis</span> <span class='ocrx_word' id='word_1_319' title='bbox 1585 868 1677 911; x_wconf 80' lang='lat' dir='ltr'>ligari</span> <span class='ocrx_word' id='word_1_320' title='bbox 1703 879 1759 901; x_wconf 87' lang='lat' dir='ltr'>seu</span> <span class='ocrx_word' id='word_1_321' title='bbox 1783 878 1920 912; x_wconf 89' lang='lat' dir='ltr'>quomo-</span> 
     </span>
    </p>

    <p class='ocr_par' dir='ltr' id='par_1_29' title="bbox 1165 920 1921 961">
     <span class='ocr_line' id='line_1_63' title="bbox 1165 920 1921 961; baseline 0 -8"><span class='ocrx_word' id='word_1_322' title='bbox 1165 921 1283 954; x_wconf 90' lang='lat' dir='ltr'>dolibet</span> <span class='ocrx_word' id='word_1_323' title='bbox 1304 920 1436 961; x_wconf 85' lang='lat' dir='ltr'>irretiri,</span> <span class='ocrx_word' id='word_1_324' title='bbox 1458 926 1488 953; x_wconf 85' lang='lat' dir='ltr'>et</span> <span class='ocrx_word' id='word_1_325' title='bbox 1498 921 1560 953; x_wconf 90' lang='lat' dir='ltr'>illis</span> <span class='ocrx_word' id='word_1_326' title='bbox 1580 921 1703 953; x_wconf 86' lang='lat' dir='ltr'>nullam</span> <span class='ocrx_word' id='word_1_327' title='bbox 1721 920 1816 954; x_wconf 82' lang='lat' dir='ltr'>fidem</span> <span class='ocrx_word' id='word_1_328' title='bbox 1833 920 1921 953; x_wconf 80' lang='lat' dir='ltr'>adhi-</span> 
     </span>
    </p>

    <p class='ocr_par' dir='ltr' id='par_1_30' title="bbox 1165 974 1613 1008">
     <span class='ocr_line' id='line_1_64' title="bbox 1165 974 1613 1008; baseline -0.002 -1"><span class='ocrx_word' id='word_1_329' title='bbox 1165 974 1233 1007; x_wconf 88' lang='lat' dir='ltr'>beri</span> <span class='ocrx_word' id='word_1_330' title='bbox 1255 974 1372 1008; x_wconf 82' lang='lat' dir='ltr'>debere</span> <span class='ocrx_word' id='word_1_331' title='bbox 1393 975 1613 1008; x_wconf 85' lang='lat' dir='ltr'>decernentes.</span> 
     </span>
    </p>

    <p class='ocr_par' dir='ltr' id='par_1_31' title="bbox 1165 1027 2118 1654">
     <span class='ocr_line' id='line_1_65' title="bbox 1209 1027 2118 1071; baseline 0.002 -11"><span class='ocrx_word' id='word_1_332' title='bbox 1209 1028 1223 1071; x_wconf 64' lang='grc' dir='ltr'>ξ</span> <span class='ocrx_word' id='word_1_333' title='bbox 1244 1028 1274 1060; x_wconf 60' lang='grc' dir='ltr'>ἓ,</span> <span class='ocrx_word' id='word_1_334' title='bbox 1301 1028 1345 1060; x_wconf 74' lang='lat' dir='ltr'>Ae</span> <span class='ocrx_word' id='word_1_335' title='bbox 1372 1033 1437 1060; x_wconf 87' lang='lat' dir='ltr'>tam</span> <span class='ocrx_word' id='word_1_336' title='bbox 1458 1028 1600 1071; x_wconf 88' lang='lat' dir='ltr'>praefato</span> <span class='ocrx_word' id='word_1_337' title='bbox 1620 1027 1774 1071; x_wconf 86' lang='lat' dir='ltr'>Pompeio</span> <span class='ocrx_word' id='word_1_338' title='bbox 1799 1032 1829 1060; x_wconf 88' lang='lat' dir='ltr'>et</span> <span class='ocrx_word' id='word_1_339' title='bbox 1853 1027 1922 1060; x_wconf 89' lang='lat' dir='ltr'>eius</span> <span class='ocrx_word' id='word_1_340' title='bbox 1949 1040 2118 1062; x_wconf 58' lang='lat' dir='ltr'>onninamen-</span> 
     </span>
     <span class='ocr_line' id='line_1_66' title="bbox 1165 1074 2092 1123; baseline -0.001 -10"><span class='ocrx_word' id='word_1_341' title='bbox 1165 1081 1408 1114; x_wconf 85' lang='lat' dir='ltr'>successoribus</span> <span class='ocrx_word' id='word_1_342' title='bbox 1420 1080 1608 1123; x_wconf 86' lang='lat' dir='ltr'>praepositis</span> <span class='ocrx_word' id='word_1_343' title='bbox 1624 1080 1654 1113; x_wconf 89' lang='lat' dir='ltr'>S.</span> <span class='ocrx_word' id='word_1_344' title='bbox 1670 1079 1847 1113; x_wconf 86' lang='lat' dir='ltr'>Eleutherii</span> <span class='ocrx_word' id='word_1_345' title='bbox 1862 1081 1922 1113; x_wconf 91' lang='lat' dir='ltr'>hu-</span> <span class='ocrx_word' id='word_1_346' title='bbox 1937 1074 1986 1093; x_wconf 73' lang='lat'><strong>“¹¹¹⁰</strong></span> <span class='ocrx_word' id='word_1_347' title='bbox 2002 1078 2092 1099; x_wconf 65' lang='lat'>¹⁷⁰⁶²¹³³·</span> 
     </span>
     <span class='ocr_line' id='line_1_67' title="bbox 1166 1133 1922 1177; baseline -0.001 -11"><span class='ocrx_word' id='word_1_348' title='bbox 1166 1134 1317 1172; x_wconf 76' lang='lat' dir='ltr'>ittsmodi,</span> <span class='ocrx_word' id='word_1_349' title='bbox 1340 1145 1438 1177; x_wconf 88' lang='lat' dir='ltr'>quam</span> <span class='ocrx_word' id='word_1_350' title='bbox 1467 1134 1537 1166; x_wconf 88' lang='lat' dir='ltr'>aliis</span> <span class='ocrx_word' id='word_1_351' title='bbox 1556 1133 1839 1176; x_wconf 83' lang='lat' dir='ltr'>quibuscumque,</span> <span class='ocrx_word' id='word_1_352' title='bbox 1862 1134 1922 1166; x_wconf 85' lang='lat' dir='ltr'>sub</span> 
     </span>
     <span class='ocr_line' id='line_1_68' title="bbox 1166 1186 1922 1230; baseline -0.001 -11"><span class='ocrx_word' id='word_1_353' title='bbox 1166 1186 1507 1220; x_wconf 84' lang='lat' dir='ltr'>excommunicationis</span> <span class='ocrx_word' id='word_1_354' title='bbox 1519 1187 1599 1219; x_wconf 88' lang='lat' dir='ltr'>latae</span> <span class='ocrx_word' id='word_1_355' title='bbox 1616 1186 1790 1219; x_wconf 88' lang='lat' dir='ltr'>sententiae</span> <span class='ocrx_word' id='word_1_356' title='bbox 1806 1197 1843 1219; x_wconf 91' lang='lat' dir='ltr'>ac</span> <span class='ocrx_word' id='word_1_357' title='bbox 1858 1186 1922 1230; x_wconf 92' lang='lat' dir='ltr'>pri-</span> 
     </span>
     <span class='ocr_line' id='line_1_69' title="bbox 1165 1239 1921 1282; baseline 0.001 -10"><span class='ocrx_word' id='word_1_358' title='bbox 1165 1240 1299 1273; x_wconf 88' lang='lat' dir='ltr'>vationis</span> <span class='ocrx_word' id='word_1_359' title='bbox 1314 1240 1460 1273; x_wconf 91' lang='lat' dir='ltr'>omnium</span> <span class='ocrx_word' id='word_1_360' title='bbox 1477 1245 1505 1272; x_wconf 90' lang='lat' dir='ltr'>et</span> <span class='ocrx_word' id='word_1_361' title='bbox 1521 1240 1724 1282; x_wconf 76' lang='lat' dir='ltr'>singulorum</span> <span class='ocrx_word' id='word_1_362' title='bbox 1745 1239 1921 1273; x_wconf 86' lang='lat' dir='ltr'>beneficio-</span> 
     </span>
     <span class='ocr_line' id='line_1_70' title="bbox 1167 1293 1921 1326; baseline 0 -1"><span class='ocrx_word' id='word_1_363' title='bbox 1167 1304 1238 1325; x_wconf 87' lang='lat' dir='ltr'>rum</span> <span class='ocrx_word' id='word_1_364' title='bbox 1266 1299 1296 1326; x_wconf 87' lang='lat' dir='ltr'>et</span> <span class='ocrx_word' id='word_1_365' title='bbox 1324 1294 1435 1326; x_wconf 88' lang='lat' dir='ltr'>decem</span> <span class='ocrx_word' id='word_1_366' title='bbox 1468 1293 1607 1325; x_wconf 88' lang='lat' dir='ltr'>millium</span> <span class='ocrx_word' id='word_1_367' title='bbox 1634 1293 1825 1326; x_wconf 88' lang='lat' dir='ltr'>ducatorum</span> <span class='ocrx_word' id='word_1_368' title='bbox 1851 1293 1921 1326; x_wconf 89' lang='lat' dir='ltr'>auri</span> 
     </span>
     <span class='ocr_line' id='line_1_71' title="bbox 1166 1345 1921 1390; baseline 0 -12"><span class='ocrx_word' id='word_1_369' title='bbox 1166 1345 1317 1379; x_wconf 83' lang='lat' dir='ltr'>Gamerae</span> <span class='ocrx_word' id='word_1_370' title='bbox 1337 1346 1538 1390; x_wconf 75' lang='lat' dir='ltr'>Apostolicae</span> <span class='ocrx_word' id='word_1_371' title='bbox 1558 1346 1826 1390; x_wconf 88' lang='lat' dir='ltr'>applicandorum</span> <span class='ocrx_word' id='word_1_372' title='bbox 1844 1357 1921 1389; x_wconf 90' lang='lat' dir='ltr'>poe-</span> 
     </span>
     <span class='ocr_line' id='line_1_72' title="bbox 1166 1398 1922 1442; baseline 0.001 -12"><span class='ocrx_word' id='word_1_373' title='bbox 1166 1398 1226 1439; x_wconf 82' lang='lat' dir='ltr'>nis,</span> <span class='ocrx_word' id='word_1_374' title='bbox 1250 1410 1289 1431; x_wconf 89' lang='lat' dir='ltr'>ne</span> <span class='ocrx_word' id='word_1_375' title='bbox 1310 1399 1462 1442; x_wconf 84' lang='lat' dir='ltr'>deinceps</span> <span class='ocrx_word' id='word_1_376' title='bbox 1483 1398 1602 1431; x_wconf 86' lang='lat' dir='ltr'>similes</span> <span class='ocrx_word' id='word_1_377' title='bbox 1617 1398 1922 1432; x_wconf 85' lang='lat' dir='ltr'>excommunicatio-</span> 
     </span>
     <span class='ocr_line' id='line_1_73' title="bbox 1167 1451 1922 1495; baseline 0.001 -12"><span class='ocrx_word' id='word_1_378' title='bbox 1167 1462 1222 1483; x_wconf 90' lang='lat' dir='ltr'>nes</span> <span class='ocrx_word' id='word_1_379' title='bbox 1238 1451 1269 1484; x_wconf 79' lang='lat' dir='ltr'>S.</span> <span class='ocrx_word' id='word_1_380' title='bbox 1289 1451 1465 1484; x_wconf 87' lang='lat' dir='ltr'>Eleutherii</span> <span class='ocrx_word' id='word_1_381' title='bbox 1485 1451 1663 1484; x_wconf 86' lang='lat' dir='ltr'>concedere</span> <span class='ocrx_word' id='word_1_382' title='bbox 1684 1452 1732 1484; x_wconf 78' lang='lat' dir='ltr'>vel</span> <span class='ocrx_word' id='word_1_383' title='bbox 1754 1451 1922 1495; x_wconf 85' lang='lat' dir='ltr'>publicare</span> 
     </span>
     <span class='ocr_line' id='line_1_74' title="bbox 1167 1504 1922 1548; baseline 0 -12"><span class='ocrx_word' id='word_1_384' title='bbox 1167 1509 1219 1536; x_wconf 84' lang='lat' dir='ltr'>aut</span> <span class='ocrx_word' id='word_1_385' title='bbox 1243 1504 1413 1548; x_wconf 87' lang='lat' dir='ltr'>publicari,</span> <span class='ocrx_word' id='word_1_386' title='bbox 1432 1509 1484 1536; x_wconf 86' lang='lat' dir='ltr'>aut</span> <span class='ocrx_word' id='word_1_387' title='bbox 1503 1504 1690 1547; x_wconf 88' lang='lat' dir='ltr'>imprimere</span> <span class='ocrx_word' id='word_1_388' title='bbox 1710 1505 1758 1537; x_wconf 75' lang='lat' dir='ltr'>vel</span> <span class='ocrx_word' id='word_1_389' title='bbox 1780 1504 1922 1548; x_wconf 90' lang='lat' dir='ltr'>imprimi</span> 
     </span>
     <span class='ocr_line' id='line_1_75' title="bbox 1168 1557 1924 1600; baseline 0 -11"><span class='ocrx_word' id='word_1_390' title='bbox 1168 1558 1284 1597; x_wconf 84' lang='lat' dir='ltr'>facere,</span> <span class='ocrx_word' id='word_1_391' title='bbox 1303 1568 1359 1590; x_wconf 92' lang='lat' dir='ltr'>seu</span> <span class='ocrx_word' id='word_1_392' title='bbox 1375 1558 1437 1589; x_wconf 82' lang='lat' dir='ltr'>illis</span> <span class='ocrx_word' id='word_1_393' title='bbox 1452 1557 1696 1600; x_wconf 86' lang='lat' dir='ltr'>quomodolibet</span> <span class='ocrx_word' id='word_1_394' title='bbox 1716 1557 1761 1589; x_wconf 88' lang='lat' dir='ltr'>uti</span> <span class='ocrx_word' id='word_1_395' title='bbox 1784 1557 1924 1591; x_wconf 83' lang='lat' dir='ltr'>audeant</span> 
     </span>
     <span class='ocr_line' id='line_1_76' title="bbox 1167 1610 1861 1654; baseline 0.001 -11"><span class='ocrx_word' id='word_1_396' title='bbox 1167 1621 1223 1643; x_wconf 89' lang='lat' dir='ltr'>sett</span> <span class='ocrx_word' id='word_1_397' title='bbox 1249 1616 1456 1654; x_wconf 83' lang='lat' dir='ltr'>praesumant</span> <span class='ocrx_word' id='word_1_398' title='bbox 1476 1610 1650 1643; x_wconf 87' lang='lat' dir='ltr'>districtius</span> <span class='ocrx_word' id='word_1_399' title='bbox 1671 1610 1861 1644; x_wconf 86' lang='lat' dir='ltr'>inhibentes.</span> 
     </span>
    </p>

    <p class='ocr_par' dir='ltr' id='par_1_32' title="bbox 1167 1663 2121 2191">
     <span class='ocr_line' id='line_1_77' title="bbox 1211 1663 2121 1710; baseline 0.001 -14"><span class='ocrx_word' id='word_1_400' title='bbox 1211 1664 1276 1707; x_wconf 64' lang='grc' dir='ltr'>ξὸ.</span> <span class='ocrx_word' id='word_1_401' title='bbox 1304 1664 1489 1707; x_wconf 80' lang='lat' dir='ltr'>Dilectoque</span> <span class='ocrx_word' id='word_1_402' title='bbox 1520 1665 1585 1697; x_wconf 87' lang='lat' dir='ltr'>filio</span> <span class='ocrx_word' id='word_1_403' title='bbox 1615 1663 1729 1697; x_wconf 83' lang='lat' dir='ltr'>Curiae</span> <span class='ocrx_word' id='word_1_404' title='bbox 1751 1676 1922 1698; x_wconf 86' lang='lat' dir='ltr'>causarum</span> <span class='ocrx_word' id='word_1_405' title='bbox 1950 1674 2081 1710; x_wconf 39' lang='lat' dir='ltr'>executores</span> <span class='ocrx_word' id='word_1_406' title='bbox 2101 1674 2121 1694; x_wconf 79' lang='grc' dir='ltr'>ἰ-</span> 
     </span>
     <span class='ocr_line' id='line_1_78' title="bbox 1167 1709 2120 1761; baseline 0.003 -12"><span class='ocrx_word' id='word_1_407' title='bbox 1167 1717 1318 1750; x_wconf 81' lang='lat' dir='ltr'>Camerae</span> <span class='ocrx_word' id='word_1_408' title='bbox 1329 1718 1520 1761; x_wconf 75' lang='lat' dir='ltr'>Apostolicae</span> <span class='ocrx_word' id='word_1_409' title='bbox 1529 1717 1670 1761; x_wconf 77' lang='lat' dir='ltr'>generali</span> <span class='ocrx_word' id='word_1_410' title='bbox 1682 1717 1821 1751; x_wconf 87' lang='lat' dir='ltr'>auditori</span> <span class='ocrx_word' id='word_1_411' title='bbox 1836 1729 1922 1752; x_wconf 86' lang='lat' dir='ltr'>com-</span> <span class='ocrx_word' id='word_1_412' title='bbox 1937 1709 2120 1758; x_wconf 45' lang='lat' dir='ltr'>fffiffmum&#39;</span> 
     </span>
     <span class='ocr_line' id='line_1_79' title="bbox 1168 1770 1924 1814; baseline 0.005 -12"><span class='ocrx_word' id='word_1_413' title='bbox 1168 1770 1325 1803; x_wconf 87' lang='lat' dir='ltr'>mittimus</span> <span class='ocrx_word' id='word_1_414' title='bbox 1345 1777 1373 1803; x_wconf 90' lang='lat' dir='ltr'>et</span> <span class='ocrx_word' id='word_1_415' title='bbox 1403 1772 1595 1803; x_wconf 87' lang='lat' dir='ltr'>mandamus</span> <span class='ocrx_word' id='word_1_416' title='bbox 1627 1777 1786 1814; x_wconf 83' lang='lat' dir='ltr'>quatenus</span> <span class='ocrx_word' id='word_1_417' title='bbox 1812 1772 1924 1807; x_wconf 82' lang='lat' dir='ltr'>decre-</span> 
     </span>
     <span class='ocr_line' id='line_1_80' title="bbox 1168 1824 1925 1860; baseline 0.005 -4"><span class='ocrx_word' id='word_1_418' title='bbox 1168 1829 1236 1856; x_wconf 85' lang='lat' dir='ltr'>tum</span> <span class='ocrx_word' id='word_1_419' title='bbox 1257 1835 1292 1857; x_wconf 89' lang='lat' dir='ltr'>ac</span> <span class='ocrx_word' id='word_1_420' title='bbox 1315 1824 1539 1857; x_wconf 86' lang='lat' dir='ltr'>inhibitionem</span> <span class='ocrx_word' id='word_1_421' title='bbox 1569 1829 1711 1857; x_wconf 88' lang='lat' dir='ltr'>nostram</span> <span class='ocrx_word' id='word_1_422' title='bbox 1739 1825 1925 1860; x_wconf 82' lang='lat' dir='ltr'>huiusmodi</span> 
     </span>
     <span class='ocr_line' id='line_1_81' title="bbox 1170 1875 1926 1922; baseline 0.007 -13"><span class='ocrx_word' id='word_1_423' title='bbox 1170 1877 1288 1921; x_wconf 88' lang='lat' dir='ltr'>ubique</span> <span class='ocrx_word' id='word_1_424' title='bbox 1309 1879 1456 1911; x_wconf 89' lang='lat' dir='ltr'>locorum</span> <span class='ocrx_word' id='word_1_425' title='bbox 1478 1878 1621 1922; x_wconf 82' lang='lat' dir='ltr'>publicet</span> <span class='ocrx_word' id='word_1_426' title='bbox 1641 1884 1671 1911; x_wconf 90' lang='lat' dir='ltr'>et</span> <span class='ocrx_word' id='word_1_427' title='bbox 1691 1875 1864 1922; x_wconf 88' lang='lat' dir='ltr'>publicari,</span> <span class='ocrx_word' id='word_1_428' title='bbox 1888 1892 1926 1914; x_wconf 84' lang='lat' dir='ltr'>ac</span> 
     </span>
     <span class='ocr_line' id='line_1_82' title="bbox 1168 1931 1924 1978; baseline 0.004 -14"><span class='ocrx_word' id='word_1_429' title='bbox 1168 1931 1227 1964; x_wconf 76' lang='lat' dir='ltr'>sub</span> <span class='ocrx_word' id='word_1_430' title='bbox 1248 1931 1418 1975; x_wconf 87' lang='lat' dir='ltr'>praedictis</span> <span class='ocrx_word' id='word_1_431' title='bbox 1439 1937 1469 1964; x_wconf 85' lang='lat' dir='ltr'>et</span> <span class='ocrx_word' id='word_1_432' title='bbox 1489 1931 1569 1971; x_wconf 87' lang='lat' dir='ltr'>aliis,</span> <span class='ocrx_word' id='word_1_433' title='bbox 1588 1931 1657 1964; x_wconf 87' lang='lat' dir='ltr'>eius</span> <span class='ocrx_word' id='word_1_434' title='bbox 1672 1932 1804 1965; x_wconf 87' lang='lat' dir='ltr'>arbitrio</span> <span class='ocrx_word' id='word_1_435' title='bbox 1820 1935 1924 1978; x_wconf 86' lang='lat' dir='ltr'>appli-</span> 
     </span>
     <span class='ocr_line' id='line_1_83' title="bbox 1169 1985 1926 2031; baseline 0.005 -14"><span class='ocrx_word' id='word_1_436' title='bbox 1169 1985 1278 2018; x_wconf 92' lang='lat' dir='ltr'>candis</span> <span class='ocrx_word' id='word_1_437' title='bbox 1298 1990 1328 2018; x_wconf 89' lang='lat' dir='ltr'>et</span> <span class='ocrx_word' id='word_1_438' title='bbox 1348 1985 1700 2029; x_wconf 80' lang='lat' dir='ltr'>moderandis,poenis‚</span> <span class='ocrx_word' id='word_1_439' title='bbox 1716 1991 1781 2018; x_wconf 89' lang='lat' dir='ltr'>tam</span> <span class='ocrx_word' id='word_1_440' title='bbox 1801 1997 1819 2019; x_wconf 88' lang='lat' dir='ltr'>a</span> <span class='ocrx_word' id='word_1_441' title='bbox 1834 1998 1926 2031; x_wconf 86' lang='lat' dir='ltr'>prae·</span> 
     </span>
     <span class='ocr_line' id='line_1_84' title="bbox 1169 2039 1926 2082; baseline 0.004 -11"><span class='ocrx_word' id='word_1_442' title='bbox 1169 2040 1232 2072; x_wconf 86' lang='lat' dir='ltr'>fato</span> <span class='ocrx_word' id='word_1_443' title='bbox 1248 2039 1402 2082; x_wconf 88' lang='lat' dir='ltr'>Pompeio</span> <span class='ocrx_word' id='word_1_444' title='bbox 1419 2044 1449 2072; x_wconf 87' lang='lat' dir='ltr'>et</span> <span class='ocrx_word' id='word_1_445' title='bbox 1471 2039 1713 2072; x_wconf 84' lang='lat' dir='ltr'>successoribus</span> <span class='ocrx_word' id='word_1_446' title='bbox 1733 2050 1831 2082; x_wconf 85' lang='lat' dir='ltr'>quam</span> <span class='ocrx_word' id='word_1_447' title='bbox 1854 2041 1926 2074; x_wconf 85' lang='lat' dir='ltr'>aliis</span> 
     </span>
     <span class='ocr_line' id='line_1_85' title="bbox 1169 2092 1927 2135; baseline 0.005 -12"><span class='ocrx_word' id='word_1_448' title='bbox 1169 2092 1430 2135; x_wconf 74' lang='lat' dir='ltr'>quibuscumque</span> <span class='ocrx_word' id='word_1_449' title='bbox 1456 2092 1617 2125; x_wconf 76' lang='lat' dir='ltr'>observari</span> <span class='ocrx_word' id='word_1_450' title='bbox 1634 2093 1764 2125; x_wconf 89' lang='lat' dir='ltr'>mandet</span> <span class='ocrx_word' id='word_1_451' title='bbox 1780 2098 1810 2125; x_wconf 86' lang='lat' dir='ltr'>et</span> <span class='ocrx_word' id='word_1_452' title='bbox 1831 2094 1927 2127; x_wconf 82' lang='lat' dir='ltr'>faciat</span> 
     </span>
     <span class='ocr_line' id='line_1_86' title="bbox 1170 2146 1922 2191; baseline 0.004 -13"><span class='ocrx_word' id='word_1_453' title='bbox 1170 2157 1243 2179; x_wconf 89' lang='lat' dir='ltr'>cum</span> <span class='ocrx_word' id='word_1_454' title='bbox 1261 2147 1389 2183; x_wconf 78' lang='lat' dir='ltr'>effectu,</span> <span class='ocrx_word' id='word_1_455' title='bbox 1408 2157 1481 2179; x_wconf 86' lang='lat' dir='ltr'>cum</span> <span class='ocrx_word' id='word_1_456' title='bbox 1499 2151 1665 2189; x_wconf 80' lang='lat' dir='ltr'>potestate,</span> <span class='ocrx_word' id='word_1_457' title='bbox 1679 2146 1705 2179; x_wconf 89' lang='lat' dir='ltr'>si</span> <span class='ocrx_word' id='word_1_458' title='bbox 1721 2157 1804 2191; x_wconf 89' lang='lat' dir='ltr'>opus</span> <span class='ocrx_word' id='word_1_459' title='bbox 1815 2148 1922 2189; x_wconf 87' lang='lat' dir='ltr'>suerit,</span> 
     </span>
    </p>
   </div>
   <div class='ocr_carea' id='block_1_20' title="bbox 1170 2305 1927 2508">
    <p class='ocr_par' dir='ltr' id='par_1_33' title="bbox 1170 2305 1927 2508">
     <span class='ocr_line' id='line_1_87' title="bbox 1170 2305 1927 2350; baseline 0.003 -12"><span class='ocrx_word' id='word_1_460' title='bbox 1170 2307 1300 2349; x_wconf 73' lang='lat' dir='ltr'>gnitate,</span> <span class='ocrx_word' id='word_1_461' title='bbox 1328 2306 1423 2339; x_wconf 89' lang='lat' dir='ltr'>etiam</span> <span class='ocrx_word' id='word_1_462' title='bbox 1451 2305 1627 2350; x_wconf 86' lang='lat' dir='ltr'>episcopali</span> <span class='ocrx_word' id='word_1_463' title='bbox 1653 2307 1701 2339; x_wconf 76' lang='lat' dir='ltr'>rel</span> <span class='ocrx_word' id='word_1_464' title='bbox 1731 2308 1846 2341; x_wconf 87' lang='lat' dir='ltr'>maiori</span> <span class='ocrx_word' id='word_1_465' title='bbox 1872 2314 1927 2341; x_wconf 85' lang='lat' dir='ltr'>attt</span> 
     </span>
     <span class='ocr_line' id='line_1_88' title="bbox 1171 2358 1925 2403; baseline 0.003 -12"><span class='ocrx_word' id='word_1_466' title='bbox 1171 2359 1335 2391; x_wconf 87' lang='lat' dir='ltr'>mundana</span> <span class='ocrx_word' id='word_1_467' title='bbox 1346 2359 1393 2391; x_wconf 72' lang='lat' dir='ltr'>vel</span> <span class='ocrx_word' id='word_1_468' title='bbox 1409 2358 1470 2392; x_wconf 88' lang='lat' dir='ltr'>alia</span> <span class='ocrx_word' id='word_1_469' title='bbox 1493 2359 1644 2401; x_wconf 80' lang='lat' dir='ltr'>dignitate</span> <span class='ocrx_word' id='word_1_470' title='bbox 1666 2361 1848 2403; x_wconf 83' lang='lat' dir='ltr'>fungentes,</span> <span class='ocrx_word' id='word_1_471' title='bbox 1866 2361 1925 2393; x_wconf 86' lang='lat' dir='ltr'>sub</span> 
     </span>
     <span class='ocr_line' id='line_1_89' title="bbox 1171 2411 1926 2457; baseline 0.004 -14"><span class='ocrx_word' id='word_1_472' title='bbox 1171 2412 1283 2455; x_wconf 81' lang='lat' dir='ltr'>poenis</span> <span class='ocrx_word' id='word_1_473' title='bbox 1310 2411 1498 2455; x_wconf 88' lang='lat' dir='ltr'>praedictis,</span> <span class='ocrx_word' id='word_1_474' title='bbox 1529 2412 1624 2445; x_wconf 81' lang='lat' dir='ltr'>etiam</span> <span class='ocrx_word' id='word_1_475' title='bbox 1650 2413 1688 2445; x_wconf 85' lang='lat' dir='ltr'>ad</span> <span class='ocrx_word' id='word_1_476' title='bbox 1714 2413 1926 2457; x_wconf 84' lang='lat' dir='ltr'>personaliter</span> 
     </span>
     <span class='ocr_line' id='line_1_90' title="bbox 1171 2465 1922 2508; baseline 0.004 -11"><span class='ocrx_word' id='word_1_477' title='bbox 1171 2465 1425 2508; x_wconf 87' lang='lat' dir='ltr'>comparendum</span> <span class='ocrx_word' id='word_1_478' title='bbox 1439 2477 1548 2498; x_wconf 80' lang='lat' dir='ltr'>coram</span> <span class='ocrx_word' id='word_1_479' title='bbox 1569 2477 1619 2506; x_wconf 92' lang='lat' dir='ltr'>eo,</span> <span class='ocrx_word' id='word_1_480' title='bbox 1638 2467 1662 2499; x_wconf 90' lang='lat' dir='ltr'>si</span> <span class='ocrx_word' id='word_1_481' title='bbox 1679 2466 1739 2499; x_wconf 88' lang='lat' dir='ltr'>sibi</span> <span class='ocrx_word' id='word_1_482' title='bbox 1753 2466 1922 2507; x_wconf 68' lang='lat' dir='ltr'>videbitur,</span> 
     </span>
    </p>
   </div>
   <div class='ocr_carea' id='block_1_21' title="bbox 1150 2518 1925 2568">
    <p class='ocr_par' dir='ltr' id='par_1_34' title="bbox 1150 2518 1925 2568">
     <span class='ocr_line' id='line_1_91' title="bbox 1150 2518 1925 2568; baseline 0.004 -18"><span class='ocrx_word' id='word_1_483' title='bbox 1150 2563 1151 2568; x_wconf 17' lang='grc'>1</span> <span class='ocrx_word' id='word_1_484' title='bbox 1172 2524 1225 2551; x_wconf 88' lang='lat' dir='ltr'>aut</span> <span class='ocrx_word' id='word_1_485' title='bbox 1240 2518 1318 2550; x_wconf 85' lang='lat' dir='ltr'>alias</span> <span class='ocrx_word' id='word_1_486' title='bbox 1327 2519 1421 2551; x_wconf 87' lang='lat' dir='ltr'>etiam</span> <span class='ocrx_word' id='word_1_487' title='bbox 1439 2531 1496 2562; x_wconf 90' lang='lat' dir='ltr'>per</span> <span class='ocrx_word' id='word_1_488' title='bbox 1507 2520 1647 2553; x_wconf 86' lang='lat' dir='ltr'>edictum</span> <span class='ocrx_word' id='word_1_489' title='bbox 1661 2519 1790 2560; x_wconf 75' lang='lat' dir='ltr'>citandi,</span> <span class='ocrx_word' id='word_1_490' title='bbox 1801 2531 1837 2553; x_wconf 85' lang='lat' dir='ltr'>ac</span> <span class='ocrx_word' id='word_1_491' title='bbox 1847 2531 1925 2554; x_wconf 90' lang='lat' dir='ltr'>con-</span> 
     </span>
    </p>
   </div>
   <div class='ocr_carea' id='block_1_22' title="bbox 1171 2567 1922 2613">
    <p class='ocr_par' dir='ltr' id='par_1_35' title="bbox 1171 2567 1922 2613">
     <span class='ocr_line' id='line_1_92' title="bbox 1171 2567 1922 2613; baseline 0.003 -14"><span class='ocrx_word' id='word_1_492' title='bbox 1171 2567 1383 2599; x_wconf 74' lang='lat' dir='ltr'>travenientes</span> <span class='ocrx_word' id='word_1_493' title='bbox 1416 2574 1446 2600; x_wconf 88' lang='lat' dir='ltr'>et</span> <span class='ocrx_word' id='word_1_494' title='bbox 1479 2568 1631 2608; x_wconf 85' lang='lat' dir='ltr'>rebelles,</span> <span class='ocrx_word' id='word_1_495' title='bbox 1668 2574 1701 2601; x_wconf 89' lang='lat' dir='ltr'>ut</span> <span class='ocrx_word' id='word_1_496' title='bbox 1727 2570 1922 2613; x_wconf 75' lang='lat' dir='ltr'>praefertur,</span> 
     </span>
    </p>
   </div>
   <div class='ocr_carea' id='block_1_23' title="bbox 1175 2615 1925 2663">
    <p class='ocr_par' dir='ltr' id='par_1_36' title="bbox 1175 2615 1925 2663">
     <span class='ocr_line' id='line_1_93' title="bbox 1175 2615 1925 2663; baseline 0.005 -16"><span class='ocrx_word' id='word_1_497' title='bbox 1175 2615 1362 2657; x_wconf 87' lang='lat' dir='ltr'>mulctandi,</span> <span class='ocrx_word' id='word_1_498' title='bbox 1375 2616 1556 2660; x_wconf 76' lang='lat' dir='ltr'>corrigendi</span> <span class='ocrx_word' id='word_1_499' title='bbox 1571 2622 1601 2650; x_wconf 84' lang='lat' dir='ltr'>et</span> <span class='ocrx_word' id='word_1_500' title='bbox 1616 2617 1783 2663; x_wconf 85' lang='lat' dir='ltr'>puniendi,</span> <span class='ocrx_word' id='word_1_501' title='bbox 1800 2617 1925 2663; x_wconf 83' lang='lat' dir='ltr'>aliaque</span> 
     </span>
    </p>
   </div>
  </div>
 </body>
</html>
