2227 3001
96 255 147 282 An.
164 255 193 282 t).
212 253 280 281 1526

93 360 133 382 Sed
143 360 212 381 dietae
223 365 273 381 con-

93 391 214 412 stitutiones
235 390 276 411 ob-

92 425 189 442 Sflt'vflifle
231 427 272 442 uon

90 451 182 473 luerunt.

84 839 171 862 Carolus
178 846 223 866 rex,
235 840 268 860 ad-

84 871 214 893 ministratur
228 872 267 891 mi>

83 902 154 928 litiae,
170 903 195 924 de
211 903 268 923 eius-

61 928 71 942 ⁰
82 933 138 954 modi
183 933 266 954 illorum

83 963 152 991 culpis
179 964 267 985 ahsolu-

83 995 164 1017 tionem
178 997 238 1024 petit-

90 1475 113 1497 Ei
121 1476 155 1498 hic
164 1476 259 1498 Pontifex

75 1508 162 1534 petitam
178 1507 258 1529 absolu-

76 1539 156 1560 tionem
181 1543 260 1560 conce-

75 1569 113 1594 dm

929 251 1069 274 CLEMENS
1094 251 1135 274 t‘tt
1154 251 1202 274 ΙΨ.

337 306 351 346 ξ
371 305 401 338 02.
421 305 539 338 Tamen
555 315 572 336 a
588 303 696 336 multis
715 303 807 336 annis
827 303 917 343 citra,
942 303 992 335 illa
1010 303 1040 335 in

292 359 401 391 eadem
418 357 541 397 militia,
555 358 659 400 quoad
678 356 902 390 dormiendum
916 356 1041 389 vestitos

289 415 319 443 et
339 411 471 450 cinctos,
494 422 529 443 ac
550 411 654 453 quoad
676 409 817 442 debitum
839 410 971 442 modum
992 409 1039 441 ‹li-

288 464 380 495 eendi
414 463 555 496 osticium
585 463 784 506 negligenter
812 463 974 502 fecerunt,
1004 474 1040 494 ae

288 517 379 549 multi
407 517 460 549 illa
492 527 555 549 non
594 516 626 548 in
652 520 753 548 totum
778 516 825 547 vel
864 515 959 548 modo
985 520 1036 547 aut

286 569 485 612 temporibus
504 569 617 601 debitis
637 568 785 600 dixerunt
805 573 832 600 et
850 567 1035 607 recitarunt,

284 633 321 655 ac
341 622 418 654 nudi
436 627 466 655 et
486 622 553 655 sine
570 622 699 663 eine-ulo
720 621 932 660 dormierunt,
956 626 983 654 et
1006 621 1037 652 in

285 674 436 708 omnibus
451 674 520 707 aliis
536 674 741 707 observandis
757 673 952 717 negligentes
972 674 1037 706 sue-

284 732 371 760 runt.

326 782 341 823 ξ
367 780 397 813 3.
430 780 534 819 Quare
562 791 619 824 pro
650 785 737 823 parte
763 779 904 812 eiusdem
931 778 1033 811 Caroli

283 833 378 875 regis,
391 833 422 865 in
439 833 666 876 imperatorem
678 832 769 865 electi
788 837 816 864 et
832 831 1033 864 administra-

282 885 371 926 toris,
390 886 560 919 asserentis
577 886 749 918 nonnullos
761 896 797 917 ex
814 885 932 917 eisdem
950 884 1034 928 prio-

281 939 382 979 ribus,
406 940 680 983 praeceptoribus,
704 938 858 970 militibus
878 943 905 970 et
928 937 1032 970 fratri-

280 992 340 1025 bus
359 1004 394 1025 ae
414 993 570 1036 personis,
589 993 630 1025 ob
651 991 853 1024 securitatem
878 1001 990 1023 eorum
1004 996 1030 1022 et

279 1045 416 1078 aliorum
429 1056 561 1078 suorum
573 1046 771 1077 confratrum
783 1048 809 1076 et
821 1054 1030 1087 [tiersonarum

279 1098 560 1137 conscientiarum,
583 1110 600 1130 a
628 1097 810 1141 praemissis
830 1097 1031 1139 negligentiis

278 1156 308 1183 et
319 1151 546 1196 culpisabsolvi
563 1151 757 1186 desiderare,
777 1150 953 1183 eorundem
972 1161 1030 1182 no-

276 1204 418 1237 minibus
434 1204 525 1237 nobis
547 1204 604 1236 suit
625 1203 792 1236 humiliter
813 1203 1028 1247 supplicatum

275 1262 435 1300 quatenus
445 1258 489 1290 cis
509 1257 541 1290 in
565 1256 746 1300 praemissis
767 1261 1030 1300 opportuneljne-

277 1310 381 1344 videre
409 1311 446 1344 de
472 1311 665 1354 benignitate
687 1309 860 1354 apostoliea
881 1309 1028 1353 dignare-

276 1375 359 1398 mur.

319 1419 333 1462 ἓ
353 1418 383 1451 4.
406 1419 468 1451 Nos
489 1418 587 1461 igitur
610 1418 808 1450 attendentes
831 1418 917 1461 quod
934 1428 1027 1461 prae-

274 1471 355 1505 fatae
375 1472 463 1505 Sedis
483 1467 662 1504 exuberans
678 1471 859 1508 clementia,
872 1482 943 1504 cum
965 1471 1027 1503 bu-

275 1525 406 1558 militate
427 1525 620 1569 petentibus,
635 1536 709 1558 suae
726 1525 850 1568 pietatis
867 1524 1025 1567 (eremium

254 1614 256 1617 ,
273 1579 397 1622 aperire
408 1589 472 1611 non
493 1579 638 1621 denegat,
653 1578 774 1622 quique
790 1577 884 1610 bodie
906 1583 932 1610 et
951 1578 1027 1610 alias

275 1641 334 1672 per
357 1630 498 1663 diversas
517 1635 641 1663 nostras
661 1630 779 1670 literas,
798 1631 893 1662 boras
909 1635 937 1663 et
958 1632 1026 1662 osti-

274 1682 359 1715 cium
377 1694 413 1716 ac
430 1684 571 1727 psalmos
600 1683 785 1717 huiusmodi
814 1683 844 1715 in
870 1683 947 1716 alias
958 1695 1026 1716 ora—

272 1735 375 1769 tiones
415 1742 445 1770 et
468 1748 577 1769 versus
601 1743 675 1770 tune
711 1747 875 1781 expressos
906 1737 1023 1769 eisdem

275 1789 449 1832 prioribus,
472 1791 747 1834 praeceptoribus,
771 1790 937 1830 militibus,
961 1791 1023 1823 sra-

271 1841 374 1874 tribus
394 1848 424 1875 et
443 1843 588 1886 personis
604 1842 883 1883 commutavimus,
901 1843 1023 1876 etcirca

270 1895 402 1928 modum
417 1896 551 1936 vivendi,
565 1907 601 1929 ae
617 1896 702 1939 quod
719 1896 796 1928 nudi
818 1901 847 1928 et
867 1896 933 1929 sine
955 1896 1022 1929 ein-

269 1947 345 1989 gulo
355 1948 544 1987 dormirent,
557 1954 585 1981 et
595 1948 701 1991 aliqua
711 1949 774 1981 alia
785 1955 859 1982 tunc
874 1960 1021 1993 expressa

269 2000 314 2032 eis
338 2001 556 2035 concessimus
575 2008 602 2034 et
630 2002 834 2042 indulsimus,
858 2009 953 2046 prout
989 2004 1021 2035 in

269 2053 388 2087 eisdem
406 2055 505 2088 literis
527 2055 652 2099 plenius
673 2055 867 2095 continetur,
896 2056 1020 2100 eapitu-

269 2107 349 2154 lum,
367 2108 557 2141 diffinitores
578 2114 607 2141 et
631 2109 710 2141 alios
731 2109 864 2152 priores,
889 2121 1019 2153 praece-

268 2165 388 2204 ptores,
410 2161 540 2203 fratres,
563 2162 679 2195 milites
699 2168 726 2195 et
754 2173 906 2205 personas
927 2174 1019 2207 prae-

268 2213 367 2247 dictas
401 2226 437 2247 ac
476 2226 588 2248 eorum
625 2215 766 2258 singulos
803 2227 819 2249 a
856 2216 1020 2258 quibusvis

268 2268 620 2310 excommunicationis,
644 2269 863 2312 suspensionis
879 2278 906 2302 ct
924 2270 1020 2303 inter-

268 2320 343 2353 dicti
360 2321 493 2365 aliisque
510 2322 734 2355 ecclesiasticis
754 2323 930 2364 sententiis,
943 2335 1017 2357 cen-

267 2374 350 2407 suris
377 2380 408 2407 et
434 2375 561 2418 poenis,
588 2386 605 2408 a
632 2375 700 2408 iure
730 2376 776 2408 vel
805 2376 843 2408 ab
868 2376 1015 2417 homine,

266 2423 376 2466 quavis
395 2423 563 2456 occasione
583 2425 629 2456 vel
646 2435 740 2457 causa
753 2425 833 2464 latis,
856 2425 879 2457 si
901 2426 1018 2469 quibus

266 2472 505 2516 quomodolibet
536 2472 677 2506 innodati
702 2473 853 2514 existant,
880 2473 917 2506 ad
940 2474 1016 2507 effe-

266 2525 352 2554 ctum
378 2520 594 2564 praesentium
628 2521 789 2554 dumtaxat
816 2532 1016 2566 consequen-

266 2569 355 2609 dum,
372 2569 487 2602 harum
500 2569 581 2602 serie
596 2569 792 2604 absolventes
809 2576 839 2604 et
854 2571 1017 2605 absolutos

1729 245 1790 277 1051

1082 301 1244 342 inclinati,
1275 302 1448 346 apostolica
1481 301 1688 342 auctoritate,
1724 310 1833 338 tenore.

1084 356 1319 398 praesentium,
1343 366 1454 388 omnes
1479 360 1506 387 et
1529 356 1670 397 singulos
1691 358 1830 400 priores.

1083 414 1319 453 praeceptores,
1339 412 1462 449 tratres,
1486 409 1603 442 milites
1629 415 1659 442 et.
1680 422 1832 454 personas

1082 461 1212 495 militiae
1229 463 1414 495 huiusmodi
1431 474 1448 495 a
1474 463 1674 504 negligentiis
1685 470 1715 497 et
1729 466 1832 510 culpis

1080 516 1252 558 praedietis
1273 517 1478 557 absolvimus,
1497 528 1533 550 ac
1557 517 1675 557 illis‚ut
1691 519 1830 563 aliquam

1079 568 1334 611 eleemosynam,
1372 570 1409 601 ad
1439 570 1609 602 arbitrium
1641 571 1745 605 dilecti
1774 574 1830 606 filii

1078 620 1194 662 prioris
1215 627 1389 654 conventus
1409 622 1539 655 militiae
1560 623 1745 658 huiusmodi
1775 637 1830 659 seu

1078 672 1146 705 eius
1158 672 1391 716 vicesgerentis,
1403 686 1460 717 pro
1475 676 1671 719 poenitentia
1685 679 1827 719 salutari,

1077 737 1172 768 quam
1185 738 1242 770 pro
1259 728 1443 770 praemissis
1463 729 1567 762 faeere
1578 730 1741 771 deberent,
1760 743 1828 766 om-

1077 777 1152 810 nino
1168 790 1300 819 erogare
1328 786 1514 822 procurent,
1536 783 1737 817 mandamus.

1119 831 1133 873 ξ
1154 831 1184 862 Γ).
1209 832 1249 863 λι·
1270 833 1355 874 quod
1369 832 1693 878 deincepsperpetuis
1714 838 1829 871 suturis

1075 884 1285 926 temporibus,
1322 886 1446 928 quoties·
1476 887 1651 929 eapitmtun
1680 892 1826 932 generale

1074 935 1176 968 dictae
1205 937 1335 969 militiae
1366 939 1593 977 ‹relclnebitur,
1620 941 1649 972 in
1669 942 1826 986 principio

1075 987 1174 1031 ipsius
1195 990 1338 1032 capituli,
1353 1002 1409 1033 pro
1422 996 1564 1034 tempore
1582 993 1718 1027 existens
1739 997 1827 1040 prior

1073 1047 1248 1075 cenventus
1280 1042 1411 1076 militiae
1450 1044 1634 1078 huiusmodi
1668 1059 1722 1080 seu
1758 1050 1826 1082 eius

1073 1095 1291 1138 rieeingerens
1333 1108 1444 1130 onmes
1465 1103 1493 1131 et
1515 1098 1657 1142 singulos
1683 1103 1822 1144 priores,

1072 1154 1309 1192 linaeeeptores,
1332 1150 1459 1191 milites,
1484 1152 1596 1185 fratres
1620 1158 1650 1186 et
1672 1166 1825 1198 personas

1071 1201 1172 1234 (lictae
1194 1203 1324 1236 militiae
1346 1204 1376 1237 in
1398 1205 1511 1238 eodem
1523 1206 1663 1250 capitulo
1675 1220 1733 1252 pro
1745 1214 1823 1242 tem-

1071 1266 1147 1297 pore
1182 1256 1405 1291 interessentes
1440 1270 1456 1291 a
1476 1259 1641 1302 quibusvis
1666 1262 1824 1297 similibus

1070 1310 1185 1353 culpis,
1200 1312 1518 1354 transgressionilms,
1538 1314 1766 1350 omissionibus
1775 1319 1823 1351 vel

1070 1363 1269 1406 negligentiis
1304 1378 1340 1397 ae
1365 1366 1530 1409 quibusvis
1560 1370 1822 1404 excommunica-

1070 1415 1182 1453 tionis,
1206 1419 1425 1462 suspensionis
1450 1425 1478 1452 et
1501 1420 1660 1454 interdicti
1685 1434 1721 1455 ac
1746 1424 1821 1457 reli-

1068 1469 1140 1511 quis
1165 1471 1387 1504 eeslesiasticis
1412 1473 1595 1513 sententiis,
1628 1476 1772 1508 censuris
1792 1483 1821 1510 et

1069 1525 1190 1566 poenis,
1214 1537 1230 1557 a
1258 1525 1326 1558 iure
1346 1527 1392 1559 vel
1413 1527 1452 1559 ab
1473 1527 1616 1567 bomine,
1635 1530 1743 1572 quavis
1764 1543 1819 1565 oc-

1068 1576 1193 1610 casione
1218 1580 1264 1611 wl
1289 1590 1383 1612 eausa
1405 1580 1436 1612 in
1458 1592 1512 1613 eos
1533 1582 1619 1621 latis,
1644 1583 1770 1617 inflictis
1790 1591 1820 1619 et

1069 1631 1288 1674 promulgatis,
1301 1633 1435 1676 aliisque
1446 1645 1557 1667 eorum
1575 1637 1726 1678 peccatis,
1737 1637 1817 1671 deli-

1066 1684 1134 1723 ctis,
1154 1684 1342 1718 criminibus
1363 1692 1393 1719 et
1413 1688 1595 1721 excessibus
1610 1690 1818 1732 quibuscum-

1066 1748 1140 1780 que,
1164 1744 1464 1783 quantunicumque
1477 1742 1663 1783 gravibuset
1674 1746 1816 1778 enormi-

1064 1790 1135 1827 bus,
1173 1792 1349 1825 dummodo
1367 1793 1436 1825 talia
1460 1804 1523 1826 non
1547 1794 1663 1828 suerint
1687 1803 1819 1841 propter

1064 1855 1146 1887 quae
1167 1845 1248 1877 dieta
1260 1846 1357 1879 Sedes
1377 1847 1459 1879 soret
1475 1847 1589 1881 merito
1605 1851 1814 1890 consulenda,

1064 1897 1238 1937 absolvere,
1261 1910 1296 1931 ae
1311 1900 1355 1932 eis
1376 1911 1433 1944 pro
1450 1902 1633 1945 praemissis
1654 1905 1818 1947 poeniten-

1064 1950 1137 1983 tiam
1159 1951 1330 1985 salutarem
1353 1953 1532 1997 iniungere,
1559 1966 1596 1988 ae
1617 1967 1691 1989 cum
1712 1957 1757 1990 eis
1786 1963 1818 1991 et

1063 2015 1175 2036 eorum
1193 2005 1327 2048 singulis
1337 2017 1436 2051 super
1449 2007 1685 2050 irregularitate
1694 2020 1753 2053 per
1761 2021 1816 2044 eos

1062 2057 1174 2100 quovis
1198 2059 1292 2091 modo
1309 2064 1339 2092 et
1355 2059 1635 2104 qualitereumque
1651 2067 1816 2097 eontracta

1062 2115 1091 2142 et
1112 2112 1330 2144 contrahenda
1355 2113 1539 2156 dispensare
1564 2114 1663 2148 libere
1680 2120 1711 2148 et
1728 2116 1813 2150 licite

1060 2164 1177 2204 valeat,
1201 2165 1369 2197 statuimus
1390 2172 1419 2198 et
1439 2167 1644 2207 ordinamus,
1667 2169 1812 2211 plenam-

1060 2227 1122 2258 que
1144 2221 1173 2249 et
1198 2217 1331 2250 liberam
1353 2219 1391 2251 ad
1412 2219 1440 2251 id
1463 2219 1566 2253 eidem
1589 2231 1647 2264 pro
1667 2227 1812 2265 tempore

1061 2270 1205 2303 existenti
1223 2271 1321 2314 priori
1334 2277 1361 2304 et
1377 2272 1446 2305 eius
1463 2273 1689 2317 vicemgerenti
1711 2275 1810 2308 licen-

1061 2323 1133 2355 tiam
1156 2329 1182 2355 et
1205 2325 1387 2357 laenitatem
1404 2327 1622 2360 concedimus.

1103 2377 1117 2419 ,ξ
1137 2376 1167 2409 (5.
1192 2377 1258 2410 Non
1275 2378 1474 2411 obstantibus
1490 2380 1672 2424 praemissis
1687 2386 1716 2414 et
1732 2393 1809 2425 apo-

1850 254 1898 278 An.
1917 253 1944 280 C.
1964 252 2032 279 1526

1844 848 1951 875 l'riurique
1967 851 2026 870 dict-“a

1843 880 1930 901 militiae
1942 882 1961 900 in
1977 888 2025 907 quo-

1844 911 1894 931 libet
1934 913 2025 937 capitulo

1843 942 1931 963 similem
1960 943 2025 964 abso-

1842 973 1943 993 lutionem
1964 975 2024 995 dandi

1843 1004 1961 1025 facultatem
1985 1007 2026 1026 tri-

1842 1035 1893 1056 buit.

1836 2404 2009 2434 Quibuscumque

1059 2429 1539 2474 stolicis,acinprovincialibus
1559 2439 1586 2466 et
1605 2435 1809 2478 synodalibus
1823 2442 1865 2458 '¹0¹¹
1903 2438 2009 2460 ‘’hnmi-

1058 2477 1202 2511 coneiliis
1213 2479 1316 2519 editis,
1327 2481 1532 2523 generalibus
1545 2483 1591 2514 vel
1602 2483 1805 2527 specialibus,

1059 2527 1340 2561 constitutionibus
1360 2534 1390 2562 et
1409 2530 1664 2564 ordinationibus
1687 2542 1723 2564 ac
1739 2533 1808 2566 aliis

1058 2577 1188 2610 militiae
1214 2582 1244 2610 et
1268 2577 1394 2611 Ordinis
1423 2579 1681 2623 praedictorum,
1711 2581 1805 2615 etiam

265 2618 332 2652 sore
349 2623 524 2659 censentes,
537 2618 1016 2664 huiusmodisupplicationilms
1058 2625 1204 2659 similitor
1223 2626 1392 2669 roboratis,
1415 2628 1550 2669 statutis,
1569 2630 1808 2667 consuetudini-

345 2671 419 2702 Ball.
436 2671 512 2702 Rom.
532 2671 586 2702 Vol.
608 2672 650 2703 Vl.
858 2673 894 2706 14

1822 2468 1870 2490 bus.
