2227 3001
245 274 294 299 An.
313 272 342 300 C.
361 273 428 302 ¹52&

490 267 531 301 58

1043 278 1220 301 BI'MARIUM
1246 278 1394 301 ROMANUM

444 330 580 370 bantur,
604 330 686 364 idem
713 331 811 364 lulius
846 332 1085 374 praedecessor,
1108 335 1196 362 motu
1241 329 1352 371 quovis
1384 329 1475 363 titulo
1509 330 1703 370 obtinentes,
1731 330 1827 374 lapsis
1860 330 1929 364 aliis
1957 343 1994 364 ex

443 382 577 426 proprio
598 389 625 417 et
648 395 683 416 ex
700 390 786 417 certa
801 383 944 423 seientia,
958 394 1014 426 per
1030 383 1108 415 alias
1123 394 1197 415 snas

441 435 561 473 literas,
585 448 695 470 omnes
715 443 743 470 et
765 437 906 479 singulos
927 436 1063 469 barones
1088 442 1117 468 et
1137 436 1194 468 tlo-

442 489 587 522 miuellos
623 490 782 522 Romanos
809 500 844 522 ae
869 499 1090 532 quascumque
1118 489 1195 521 alias

443 553 606 585 personas,
621 548 683 575 tam
694 542 923 575 ecclesiasticas
940 553 1036 585 quam
1054 543 1195 575 saecula-

442 606 513 634 res,
535 596 673 639 oppida.
699 602 797 628 terras
823 602 852 628 et
872 595 960 628 villas
988 595 1069 628 infra
1098 596 1193 638 qum-

441 648 592 692 quaginta
615 648 761 681 milliaria
788 660 805 681 a
826 648 908 681 dicta
928 648 1012 681 Urbe
1034 649 1194 692 possiden-

440 707 498 742 tes,
522 702 560 734 ab
581 712 694 734 eoriun
715 701 849 734 subditis
871 702 1030 735 frumenta
1046 708 1072 735 et
1088 703 1191 742 blada,

440 759 664 798 praeterquam
687 766 743 798 pm
761 766 819 788 usu
842 760 872 787 et
892 756 1076 788 necessitate
1095 756 1193 788 virtus

440 807 554 840 domus
575 818 707 845 eorum,
732 819 858 848 emere,
882 814 912 841 et
932 809 969 841 ad
995 809 1111 841 dictam
1134 810 1192 841 Ur-

438 860 511 892 bem
532 860 649 893 deferri
682 861 873 894 interdicere
890 867 917 894 et
938 862 1120 905 probibere,
1140 868 1190 896 aut

439 913 491 945 illa
513 913 551 946 ad
571 914 633 946 alia
653 915 721 947 loca
740 926 835 957 quam
853 915 892 947 ad
905 915 1049 947 eamdem
1061 916 1189 955 Urbem,

437 965 559 1009 absque
579 968 708 1010 speciali
730 979 786 1000 sua
808 979 863 1001 seu
884 968 1035 1001 Camerat-
1056 969 1190 1012 Aposto-

438 1020 517 1052 licae
553 1020 610 1053 sibi
646 1027 719 1053 nota
749 1021 888 1061 licentia,
912 1022 1036 1054 deferre
1060 1032 1191 1065 praesu-

437 1080 580 1113 mentes,
604 1086 640 1106 ac
662 1074 691 1106 in
715 1074 897 1118 praemissis
919 1075 1094 1111 auxilium,
1118 1086 1192 1107 con-

438 1126 545 1159 silium
572 1128 617 1159 rel
644 1128 781 1160 t'arorem
797 1155 804 1167 ‚
828 1128 954 1171 publice
975 1129 1021 1161 vel
1044 1129 1189 1165 occulte,

437 1180 556 1213 directe
582 1182 627 1213 x‘cl
654 1181 822 1220 indirecte,
845 1181 955 1225 quovis
975 1182 1118 1225 quaesito
1141 1193 1192 1215 co-

437 1233 739 1277 lore,praestantcs‚
763 1235 996 1277 cuiuscumqiw
1018 1235 1189 1275 dignitatis,

437 1291 557 1327 status,
581 1288 717 1329 gradus,
741 1286 862 1320 ordinis
895 1288 940 1319 vel
978 1288 1189 1325 eomlitionis,

438 1339 534 1372 etiam
569 1340 593 1372 si
627 1340 841 1373 cardinalatus
863 1341 984 1373 bonore
1021 1341 1188 1383 fulgentes,

437 1387 560 1428 forent,
588 1389 784 1432 retpiisixerit
821 1396 849 1422 et
884 1389 1059 1429 monuerit,
1083 1390 1191 1433 eisquc

438 1436 578 1470 districtc
607 1438 833 1482 praecipiendo
865 1438 1056 1471 mandaverit
1080 1445 1191 1482 quate-

436 1495 517 1525 nus,
542 1486 621 1519 insra
649 1486 833 1530 quindecim
868 1487 993 1519 dierum
1029 1487 1189 1530 spatium,

436 1539 606 1576 postquam
635 1535 850 1578 posteriorum
882 1536 1046 1568 literarum
1069 1537 1192 1579 praedi-

437 1587 561 1614 ctarum
585 1583 727 1615 notitiam
750 1584 915 1622 habereut,
938 1584 1081 1616 videlieet
1104 1596 1190 1616 eom-

437 1632 608 1664 munitates
629 1638 659 1665 ct.
679 1632 899 1666 universitates
929 1644 964 1665 ac
998 1634 1134 1667 barones
1163 1642 1189 1667 et

437 1680 490 1713 alii
526 1681 558 1713 in
587 1682 768 1724 praemissis
798 1683 953 1715 auxilium
988 1688 1018 1715 et
1053 1683 1191 1715 favorem

436 1735 647 1771 praestantes,
666 1730 704 1762 ab
723 1730 941 1773 emptionibus
957 1736 983 1762 et
1007 1730 1192 1773 probibitio-

436 1776 532 1809 nibus
552 1789 587 1810 ac
610 1777 884 1811 iurisdictionibus
912 1779 920 1800 ¹
946 1779 1129 1811 tutiusmodi
1156 1792 1191 1811 ox

437 1833 513 1859 tunc
533 1826 683 1870 deinceps
704 1827 831 1870 penitus
851 1833 878 1859 et
903 1828 1034 1860 omnino
1060 1828 1190 1861 desiste-

437 1881 527 1915 rent3
556 1876 718 1920 alioquin,
750 1876 845 1921 lapsis
879 1877 971 1909 dictis
1005 1877 1190 1920 ‹iluinderim

436 1924 559 1965 diebus,
578 1925 715 1958 barones
733 1936 767 1958 ae
785 1926 1054 1958 1011111111111111111111
1073 1932 1099 1958 et
1121 1927 1190 1958 uni-

437 1973 619 2006 versitatum
650 1973 827 2017 singulares
862 1984 1014 2017 personas
1046 1980 1076 2007 et
1114 1975 1191 2007 alios

436 2022 611 2062 auxilium,
639 2022 808 2055 consilium
845 2024 889 2056 vel
925 2024 1063 2056 favorem
1099 2035 1189 2067 prae-

436 2076 574 2111 stantes,
598 2082 633 2103 ex
664 2077 758 2111 tune,
784 2078 876 2115 prout
913 2083 948 2105 ex
983 2084 1018 2105 ea
1054 2074 1103 2105 die
1124 2079 1151 2105 et
1175 2086 1190 2106 e

437 2125 559 2156 eontra,
583 2121 924 2154 excommu*iicatiouis
949 2123 1150 2162 sententiam,
1174 2134 1190 2155 a

436 2179 518 2209 qna,
540 2169 579 2200 ab
599 2170 662 2202 alio
683 2180 779 2211 quam
802 2170 945 2203 Romano
967 2170 1137 2209 pontific-0,
1162 2177 1191 2204 et

437 2219 517 2249 saeta
538 2217 576 2249 de
597 2229 633 2250 eo
654 2217 782 2261 speciali
804 2223 832 2250 et
850 2229 994 2262 expressa
1014 2220 1187 2258 mentione,

438 2271 663 2309 praeterquam
686 2267 716 2298 in
735 2268 845 2299 mortis
869 2267 1004 2300 articulo
1028 2269 1190 2301 constituti

438 2320 466 2346 et
487 2315 612 2357 praevia
633 2314 858 2354 satisl'zuziionv,
876 2317 993 2349 absolvi
1006 2317 1188 2360 nequirent,

438 2364 649 2403 innodaverit;
671 2364 931 2407 archiepiscopos
955 2376 1046 2405 vero,
1069 2367 1190 2409 episco-

439 2424 496 2456 pos
517 2418 545 2445 et
566 2413 645 2445 alios
670 2413 828 2456 praelatos
856 2414 1055 2456 suspenderit
1078 2426 1092 2446 a
1115 2414 1190 2447 divi-

438 2461 499 2502 nis;
517 2469 545 2494 et
563 2462 785 2499 nibilominus,
800 2462 823 2493 si
844 2463 943 2504 aliqui
964 2474 1000 2495 ex
1022 2463 1190 2506 praedictis

439 2511 614 2543 baronibus
635 2517 664 2543 et
683 2510 734 2542 alii
756 2510 906 2550 civitates,
938 2511 1055 2553 oppida
1075 2517 1102 2543 et
1126 2517 1189 2543 ter-

439 2571 490 2593 ras
517 2561 548 2593 in
570 2560 699 2593 seudum
734 2570 789 2592 seu
811 2559 995 2592 rieariatun‘i
1026 2566 1080 2592 aut
1114 2560 1190 2592 alias

478 2620 487 2644 1
507 2618 683 2645 Cherubmius
703 2616 763 2651 legit
783 2618 1013 2643 interdictionibus
1030 2616 1086 2644 loco
1106 2619 1189 2643 ito-is-
1210 2644 1211 2647 ,
1603 2645 1608 2650 ,
1681 2645 1686 2650 1

1208 2649 1213 2698 ξ
1232 2656 1348 2690 pascua
1366 2645 1542 2678 multorum
1558 2645 1745 2679 animalium
1764 2649 1911 2686 utuntur,
1923 2645 1983 2679 sub

439 2660 592 2684 dictionibus
611 2657 649 2693 (a.
667 2656 715 2691 T.).

1240 385 1317 413 tunc
1351 381 1558 424 sequentibus
1593 383 1777 426 quindecim
1812 383 1926 417 diebus
1940 411 1947 423 ,
1976 396 1993 417 a

1240 434 1423 476 praemissis
1450 445 1513 467 non
1542 435 1746 476 desisterent,
1778 436 1920 470 dominio
1948 437 1994 470 di-

1238 491 1364 519 ctorum
1386 487 1557 520 feudorum
1579 488 1710 521 omnino
1732 495 1761 522 et
1783 489 1909 532 penitus
1928 491 1994 534 pri-

1237 539 1365 579 vaverit,
1388 540 1529 583 fiscoque
1546 542 1747 584 Apostolirae
1768 542 1919 576 Gamerae
1939 555 1993 588 ap-

1238 592 1416 635 plicaverit,
1440 598 1469 625 et
1490 603 1603 625 eorum
1627 594 1779 632 civitates,
1802 601 1916 637 terras,
1939 607 1993 641 op-

1237 646 1308 688 pida
1337 651 1365 678 et
1394 646 1481 678 villas
1510 646 1726 680 eeclesiastico
1755 648 1927 682 subiecerit
1947 649 1994 683 in-

1236 698 1368 731 terdicto
1407 699 1476 741 ipso
1513 700 1614 739 facto,
1636 700 1741 743 quod,
1778 701 1837 734 nisi
1864 703 1992 745 praevia

1236 751 1461 789 satisfactione,
1480 751 1613 784 relaxari
1631 763 1688 795 per
1704 753 1801 786 alium
1820 765 1917 797 quam
1933 766 1991 799 per

1236 805 1339 848 ipsum
1370 805 1487 837 lulium
1522 804 1801 847 praedecessorem
1830 808 1991 841 interdixit

1234 862 1261 889 et
1285 858 1461 900 probibuit.
1486 857 1516 889 Si
1538 868 1624 898 vero,
1648 859 1731 891 ultra
1752 867 1923 902 semestre,
1945 861 1991 894 (li-

1235 915 1301 943 ctos
1332 911 1462 943 ultimos
1492 911 1676 954 quindecim
1709 911 1775 945 dies
1808 913 1991 948 immediate

1234 969 1415 1006 sequentes,
1440 964 1472 996 in
1501 974 1613 996 eorum
1646 975 1741 1008 pravo
1771 967 1936 1010 proposito
1961 973 1991 1001 et

1234 1016 1350 1049 duritia
1385 1017 1540 1049 obstinate
1568 1018 1811 1060 perseverando,
1834 1021 1991 1054 mandatis

1234 1069 1298 1101 suis
1319 1070 1502 1102 huiusmodi
1525 1080 1588 1103 non
1610 1077 1780 1114 parerent,
1803 1083 1859 1105 seu
1875 1084 1991 1117 parere

1235 1128 1489 1163 contemnerent,
1507 1135 1543 1155 ex
1565 1129 1639 1156 tunc
1662 1123 1729 1167 ipso
1752 1125 1820 1158 iure
1841 1127 1991 1161 omnibus

1234 1181 1262 1208 et
1296 1176 1429 1218 singulis
1463 1175 1660 1217 civitatibus,
1691 1178 1838 1221 oppidis,
1875 1180 1987 1220 terris,

1235 1228 1333 1269 villis,
1357 1229 1460 1261 feudis
1480 1235 1510 1261 et
1530 1229 1674 1271 iuribus,
1697 1242 1779 1274 quae
1804 1243 1822 1264 a
1847 1232 1990 1267 Romana

1234 1288 1262 1314 et
1284 1283 1352 1315 aliis
1373 1282 1534 1322 eeclesiis,
1557 1289 1612 1316 aut
1639 1283 1716 1316 alias
1736 1285 1922 1320 obtinebant
1941 1288 1989 1320 vel

1233 1337 1523 1379 recogn<›seelrtant,
1547 1336 1656 1369 cadem
1679 1338 1869 1372 auctoritate
1890 1340 1990 1383 priva-

1234 1390 1322 1428 verit,
1338 1395 1367 1422 et
1383 1390 1420 1422 ad
1442 1390 1495 1422 illa
1516 1396 1546 1422 et
1566 1389 1627 1422 alia
1643 1390 1815 1424 obtinenda
1831 1398 1990 1437 perpetuo

1235 1442 1495 1480 iuliabilitzwerit,
1532 1443 1733 1486 privatosque
1767 1451 1797 1478 et
1832 1445 1989 1480 inhabiles

1233 1506 1314 1536 esse,
1335 1507 1370 1529 ae
1393 1497 1543 1537 civitates,
1563 1497 1692 1540 oppida,
1717 1503 1827 1539 terras,
1850 1499 1939 1533 villas
1959 1506 1990 1533 et

1235 1550 1303 1582 iura
1314 1550 1499 1583 buiusnnsstdi
1509 1550 1660 1583 Gamerae
1673 1551 1874 1594 Apostolicae
1890 1553 1987 1596 pleno

1235 1603 1302 1635 inre
1321 1603 1521 1647 incorporata
1534 1603 1706 1636 decreverit
1719 1609 1748 1636 et
1764 1604 1986 1647 declaraverit,

1234 1663 1328 1699 prout
1350 1657 1381 1688 in
1397 1657 1516 1689 eisdem
1533 1656 1632 1689 literis
1648 1657 1776 1700 plenius
1792 1658 1986 1692 continetur.

1278 1710 1328 1751 35.
1340 1711 1457 1743 Etcum
1468 1710 1497 1742 in
1509 1710 1575 1753 ipsa
1582 1709 1678 1750 Urbe,
1689 1710 1720 1742 in
1727 1711 1986 1754 praesentiarum,

1236 1769 1366 1806 propter
1394 1763 1693 1806 multiplicationem
1720 1770 1750 1796 et
1777 1756 1988 1807 augmentum

1235 1816 1318 1848 illius
1338 1816 1517 1849 incolarum
1536 1816 1764 1857 habitatorum,
1778 1818 1880 1851 maior
1895 1819 1988 1862 copia

1234 1870 1384 1902 frumenti
1405 1879 1501 1912 quam
1522 1875 1614 1902 antea
1636 1870 1759 1902 notorie
1780 1870 1818 1902 sit
1838 1881 1986 1905 necessa-

1234 1923 1290 1961 ria,
1315 1922 1526 1954 nibilominus
1546 1922 1732 1955 exercitium
1753 1923 1830 1956 artis
1850 1924 1988 1967 agricul-

1234 1981 1323 2008 turae
1345 1981 1372 2007 et
1395 1965 1605 2007 colendorum
1626 1986 1778 2018 agrorum
1800 1976 1986 2010 huiusmodi

1234 2029 1264 2061 in
1294 2030 1423 2072 regione
1451 2028 1553 2061 dietae
1583 2028 1657 2061 Urbi
1688 2028 1822 2062 tinitima
1851 2035 1881 2063 et
1901 2030 1987 2065 itlius

1234 2082 1393 2115 territorio
1414 2081 1600 2125 praedietis,
1625 2081 1707 2114 ultra
1727 2082 1931 2117 medietatem
1947 2084 1986 2117 ab

1232 2146 1269 2168 eo
1290 2135 1376 2179 quod
1396 2140 1468 2167 ante
1484 2134 1591 2177 viginti
1607 2145 1707 2167 annos
1718 2135 1880 2177 existebat,
1894 2137 1986 2170 dimi-

1233 2195 1346 2221 nutum
1368 2188 1462 2221 fuerit
1475 2199 1482 2228 ;
1505 2194 1534 2220 et
1554 2188 1659 2221 cultus
1684 2190 1879 2223 exercendae
1900 2191 1985 2233 agri-

1233 2244 1379 2275 culturae
1408 2240 1614 2281 huiusmodi,
1651 2242 1746 2274 etiam
1775 2243 1909 2277 docente
1936 2255 1985 2277 ex-

1233 2296 1402 2339 perientia,
1425 2305 1534 2327 rerum
1556 2295 1705 2338 magistra
1719 2322 1726 2336 ,
1750 2302 1880 2340 propter
1899 2298 1984 2330 mul-

1233 2350 1401 2382 titudinem
1422 2359 1591 2381 vacearum
1621 2349 1796 2382 rubearum
1818 2350 1850 2382 in
1870 2351 1983 2384 eodem

1232 2403 1391 2435 territorio
1412 2402 1626 2441 existentium,
1647 2402 1678 2434 in
1699 2402 1766 2435 dics
1785 2403 1984 2446 praetermit-

1233 2457 1334 2491 tatur,
1358 2457 1386 2484 et
1415 2461 1466 2483 ars
1499 2450 1565 2493 ipsa
1593 2451 1832 2493 quodammodo
1852 2457 1981 2496 pereat,

1231 2511 1295 2543 quo
1313 2500 1345 2532 tit
1367 2506 1399 2532 ut
1421 2499 1452 2531 in
1474 2499 1557 2531 dieta
1576 2499 1657 2531 Urbe
1679 2500 1831 2533 frumenti
1847 2499 1984 2544 penuria

1232 2549 1413 2586 invalescat,
1432 2558 1500 2583 nos,
1511 2547 1749 2580 considerantes
1759 2553 1876 2581 terram
1887 2558 1982 2594 prae-

1232 2598 1311 2630 t'atae
1335 2596 1407 2629 Urbi
1429 2595 1608 2636 finitimam,
1627 2607 1690 2639 qua
1706 2596 1790 2629 illius
1807 2596 1928 2629 domini
1943 2596 1984 2629 ad

2010 276 2058 304 An.
2076 275 2104 302 C.
2122 275 2187 303 152oe

2016 1751 2054 1774 Hic
2063 1754 2123 1774 modo
2134 1753 2196 1776 Pon-⁵

2003 1783 2054 1804 utex
2061 1783 2126 1804 dicias
2135 1786 2185 1805 51·-θ

2002 1812 2030 1833 lv
2051 1816 2074 1834 et
2097 1812 2145 1833 lulit
2169 1815 2185 1834 ΙΙ

2002 1841 2188 1864 tnnllnsconssrmu

2002 1877 2021 1895 οι
2038 1873 2145 1899 enemim
