2227 3001
47 275 96 302 An.
113 275 141 302 C.
158 272 226 301 1550

67 1195 177 1216 Clausulam
192 1195 231 1214 ‹le-

47 1228 174 1253 ragnariae.

68 1777 187 1800 Facultates
202 1780 235 1799 vi-

49 1811 100 1829 talii
109 1816 145 1836 pro
157 1811 234 1830 unser-

49 1841 135 1861 vitione.
172 1842 233 1862 istius

48 1873 215 1893 constitutionis.

897 267 999 291 littus
1024 266 1057 290 111
1082 266 1128 289 Pr

1681 250 1746 285 405

1805 258 1855 285 An
1874 258 1903 286 c
1922 247 1989 284 ¹⁸50

244 324 374 358 stolicae
395 321 651 370 praesidentibus
671 327 701 355 et
721 321 859 361 clericis,
888 320 993 354 omni·
1037 323 1188 351 umatum
1205 316 1253 349 vel
1271 319 1459 349 attentatum
1477 323 1535 357 per
1553 312 1654 345 dictos
1670 312 1791 345 iudices
1832 323 1943 344 namium
1959 323 1989 342 11-

244 379 369 422 busque
394 377 465 410 aliis
485 376 581 409 Urbis
605 375 782 413 iudicibus,
813 381 876 408 tim
905 374 993 407 ordi-
1037 378 1068 405 ct
1096 380 1320 414 quoscumque
1348 366 1620 407 sueiit,ii1itum
1646 372 1677 399 et
1696 366 1790 398 inane

243 431 341 465 naiiis
364 442 460 475 quam
488 430 652 473 delegatis,
675 440 881 473 quacumque
902 429 996 461 iuris-

242 485 381 518 dictione
402 491 433 518 et
447 483 639 517 auctoritate
656 483 863 525 simgentibus
880 488 909 515 ct
926 483 996 515 sun-

243 538 354 578 c-turis,
372 549 412 572 ne
428 538 461 571 in
472 537 577 571 causis
597 537 826 573 hebraeorum,
840 542 904 569 tam
926 535 996 569 uni-

243 592 397 625 versitatis
425 603 523 636 quam
560 590 822 634 particularium,
851 589 996 623 civilibus

242 651 273 678 et
292 645 516 678 criminalibus
554 656 589 678 ac
620 644 736 683 mixtis,
759 655 791 677 se
823 644 861 677 de
888 649 995 677 cetero

242 699 472 737 intromittant,
494 698 593 731 immo
625 698 695 730 illas
715 698 752 730 ad
780 698 929 730 eumdem
952 696 995 728 vi-

242 753 366 786 carium
388 757 546 791 nostrum,
567 752 653 784 iuxta
682 752 818 784 sormam
837 751 995 784 dictarum

243 807 431 839 facultatum
458 817 495 839 ac
525 806 780 850 privilegiorum,
814 805 994 841 remittant:

244 849 517 904 inhibitionesdue.
552 871 589 893 ac
627 859 901 903 significationes,
942 869 998 901 per

243 913 322 947 alios
355 924 453 956 quam
480 925 498 946 a
530 913 615 946 dicto
643 913 762 946 vicario
799 924 817 945 a
848 911 998 955 praefatis

244 967 392 1000 hebraeis
412 967 570 1007 obtentas,
607 972 634 999 et
664 966 695 999 in
721 971 889 1009 posterum
915 965 997 998 obti-

244 1021 376 1061 nendas,
406 1032 465 1065 per
494 1026 678 1065 praesentes
714 1020 932 1059 annullamus,
962 1029 997 1050 ac

246 1085 304 1118 pro
326 1074 425 1107 nullis
445 1074 557 1107 haberi
576 1074 726 1107 volumus
746 1078 775 1106 et
793 1072 995 1104 mandamus,

289 1127 354 1171 ξ3.
392 1128 462 1160 Non
496 1127 696 1161 obstantibus
723 1126 930 1159 facultatibus
961 1136 998 1158 ac

245 1181 419 1226 privilegiis
439 1186 470 1214 et
496 1181 594 1213 bullis
619 1191 655 1214 ac
682 1180 783 1213 literis
814 1179 999 1224 apostolicis

245 1246 302 1269 seu
335 1236 476 1268 motibus
510 1235 649 1279 propriis
683 1246 740 1277 per
773 1244 998 1278 quoscumque

245 1290 406 1322 Romanos
438 1289 611 1322 Pontifices
644 1288 911 1332 praedecessores
940 1299 998 1321 no-

244 1348 326 1376 stros
346 1354 383 1375 ac
404 1353 462 1376 nos
481 1343 574 1376 dictis
607 1342 828 1385 gubernatori,
859 1341 998 1374 auditori

244 1397 409 1436 Gamerae,
433 1397 584 1435 senatori,
604 1395 862 1439 praesidentibus
882 1401 911 1427 et
933 1396 998 1428 cle-

246 1450 320 1483 ricis
353 1450 505 1483 Gamerae
538 1449 753 1494 Apostolieae,
783 1449 998 1492 omnibusque

243 1504 325 1545 aliis,
343 1509 407 1536 tam
419 1504 573 1547 delegatis
593 1515 689 1547 quam
711 1503 894 1540 ordinariis,
917 1502 999 1535 iudi-

245 1557 352 1596 cibus,
393 1558 480 1590 circa
516 1557 773 1591 iurisdictionem
817 1557 998 1594 concessis,

245 1612 427 1655 ceterisque
448 1611 618 1645 contrariis
632 1622 696 1643 nou
713 1611 912 1643 obstantibus
928 1611 998 1655 qui-

246 1666 460 1709 buscumque.

291 1720 306 1762 ξ
329 1720 360 1752 4.
388 1720 468 1753 Cum
490 1720 639 1752 facultate
665 1719 815 1764 praetatis
839 1720 999 1762 guberna-

248 1775 321 1815 tori,
344 1774 484 1807 auditori
505 1774 670 1814 Gamerae,
698 1774 850 1811 senatori,
875 1774 1001 1807 clericis

248 1834 278 1862 ct
298 1827 555 1872 praesidentibus
570 1827 721 1859 Gamerae
737 1827 949 1870 Apostolicae,
972 1833 999 1859 et

247 1882 398 1915 omnibus
430 1881 501 1914 aliis
533 1881 627 1914 Urbis
659 1886 786 1913 nostrae
822 1880 999 1917 iudicibus,

249 1934 445 1979 universitati
469 1933 651 1978 praedictae
681 1944 717 1966 ac
749 1933 1001 1978 particularibus

246 1989 331 2022 illius
351 1988 537 2022 hominibus
562 1994 591 2021 et
612 1987 777 2032 personis,
795 1988 945 2021 barisello
965 1999 1000 2021 ac

245 2043 395 2076 omnibus
415 2043 485 2076 aliis
510 2042 604 2075 Urbis
628 2042 853 2075 executoribus
874 2048 904 2075 et
925 2042 1001 2074 sub-

246 2097 490 2135 executoribus,
519 2097 579 2130 sub
608 2096 722 2140 poenis
750 2096 947 2139 pecuniariis
973 2102 999 2128 ct

245 2151 391 2184 censuris
416 2149 640 2184 ecclesiasticis
665 2150 870 2193 imponendis
894 2155 921 2182 et
945 2161 1002 2193 ap-

246 2205 414 2249 plicandis,
438 2204 616 2241 inhibendi‘,
635 2204 780 2247 illasque,
802 2204 833 2235 in
855 2209 1002 2237 eventum

247 2257 529 2298 contraventionis,
560 2263 625 2290 tam
661 2268 717 2301 per
750 2257 851 2290 dictos
880 2257 1003 2291 iudices

247 2323 344 2356 quam
379 2318 567 2345 executores
605 2317 636 2345 et
670 2311 808 2345 iustitiae
840 2310 1002 2344 ministros

247 2377 285 2399 ac
310 2376 535 2409 quoscumque
567 2365 647 2398 alios
678 2365 852 2398 incurrisse
895 2365 1001 2397 derla-

248 2419 352 2459 randi,
371 2420 574 2463 aggravandi,
594 2419 818 2460 interdicendi,
833 2419 1003 2451 auxilium·

248 2486 311 2518 que
330 2474 455 2507 brachii
476 2473 650 2507 saecularis
674 2473 852 2513 invocandi,
881 2479 1002 2505 cetcra-
1024 2485 1025 2490 ¹

1037 425 1259 463 decernentes,
1282 433 1356 456 cum
1378 420 1530 455 clausulis
1553 419 1742 453 necessaiiis
1762 424 1791 452 et

1038 477 1242 522 opp01tunis.

1328 530 1444 563 Placet.
1470 529 1491 561 l.
1516 528 1539 560 1.

1396 655 1444 686 ΙΙΙ,

1042 721 1216 754 Innovatio
1232 725 1261 754 el
1282 732 1362 753 nora
1380 721 1536 753 consessio
1548 720 1795 763 pririlcqiorum

1084 775 1263 807 cardinalis
1288 775 1322 806 S.
1351 775 1389 806 R.
1413 774 1452 806 E.
1483 774 1668 813 camerarii,
1696 777 1725 806 ct
1749 773 1795 805 si-

1082 833 1224 871 ynanter
1243 829 1327 860 circa
1348 829 1414 860 eius
1436 828 1653 860 interrentzmz
1675 827 1708 859 in
1733 826 1795 859 Ca-

1084 882 1378 925 meraApostoIica,
1392 882 1465 914 dum
1483 882 1594 924 (zyitur
1611 881 1648 913 de
1668 885 1796 913 contra-

1084 936 1184 968 ctibus
1214 936 1280 968 eius
1305 935 1631 978 consrmym'neorum,
1658 938 1687 967 ct
1712 934 1796 967 circa

1084 989 1302 1031 expeditiones
1323 1000 1340 1020 a
1362 989 1485 1020 clericis
1510 988 1614 1021 (lictae
1643 987 1798 1021 Gamerae

1083 1042 1139 1074 sub
1162 1043 1262 1085 ipsius
1282 1043 1414 1074 nomine
1430 1046 1459 1074 et
1478 1043 1584 1085 siyz'llo
1603 1042 1793 1085 sz'ynandaS.

1041 1122 1126 1151 tutius
1146 1122 1287 1158 episcopus
1306 1129 1402 1150 servus
1418 1129 1558 1151 servorum
1572 1122 1628 1155 Dei,
1645 1122 1746 1150 dilecto
1765 1121 1798 1149 fi-

1084 1176 1121 1204 lio
1133 1177 1244 1204 Gnidoni
1257 1177 1381 1209 Ascanio,
1401 1179 1426 1206 s.
1437 1176 1577 1205 Eustachii
1594 1176 1736 1209 cardinali.
1752 1183 1797 1204 no-

1084 1231 1146 1259 stro
1166 1232 1196 1259 et
1215 1233 1240 1260 S.
1263 1232 1293 1260 R.
1310 1233 1338 1260 E.
1357 1231 1520 1263 camerario.
1541 1231 1659 1259 satutem
1679 1232 1709 1259 et
1733 1237 1798 1266 apo-

1086 1285 1212 1313 stolicam
1229 1285 1453 1314 benedictionem.

1085 1357 1150 1399 §i
1179 1357 1262 1390 Licet
1295 1369 1330 1390 ea
1355 1369 1438 1400 quae
1467 1368 1483 1389 a
1511 1358 1592 1390 Sede
1618 1357 1799 1401 Apostolica

1043 1421 1207 1444 emanasse
1242 1411 1478 1453 dignoscuntur
1511 1412 1639 1455 plenam
1675 1411 1800 1444 roboris

1043 1464 1226 1496 firmitatem
1239 1465 1416 1501 obtineant,
1429 1475 1675 1508 nonnumquam
1692 1471 1798 1498 tamen

1044 1518 1206 1551 Romanus
1222 1519 1364 1551 Pontifex
1383 1519 1448 1556 illa,
1461 1519 1648 1562 praesertim
1673 1524 1800 1552 sanctae

1044 1572 1205 1605 Romanae
1221 1573 1381 1606 Ecclesiae
1398 1572 1617 1605 cardinalibus
1634 1584 1798 1612 concessa,

1044 1625 1181 1658 libenter
1197 1626 1354 1670 approbat
1370 1631 1398 1659 et
1421 1626 1561 1666 innovat,
1581 1632 1626 1667 ut,
1650 1626 1734 1659 iuxta
1751 1627 1799 1671 ip-

1043 1678 1108 1712 sius
1128 1679 1291 1712 Pontifieis
1304 1679 1527 1720 intentionem,
1545 1690 1640 1712 suum
1657 1680 1800 1713 debitum

1043 1734 1088 1775 (ut
1111 1744 1169 1777 par
1189 1734 1248 1775 est)
1274 1739 1515 1777 consequantur
1540 1734 1709 1774 effectum,
1744 1734 1800 1767 fir-

1044 1786 1203 1831 miterque
1224 1787 1435 1819 observentur
1455 1787 1494 1819 ab
1516 1787 1678 1820 omnibus.

1088 1841 1152 1883 §2
1176 1841 1304 1873 Dudum
1333 1841 1490 1884 siquidem
1518 1841 1619 1874 felicis
1649 1842 1801 1875 reeorda-

1046 1894 1139 1927 tionis
1159 1895 1278 1927 Paulus
1302 1894 1388 1937 Papa
1420 1894 1549 1933 tertius,
1574 1895 1802 1938 praedecessor

1044 1954 1164 1988 noster,
1182 1949 1325 1981 officium
1345 1948 1577 1982 camerariatus
1593 1949 1705 1989 nostri,
1724 1955 1800 1982 tunc

1045 2002 1103 2042 sui,
1122 2008 1151 2035 et
1164 2002 1308 2035 eiusdem
1324 2002 1498 2042 Ecclesiae,
1513 2003 1599 2045 quod
1616 2003 1720 2036 bonae
1733 2014 1799 2036 me—

1046 2056 1165 2089 moriae
1186 2057 1401 2099 Augustinus,
1429 2056 1512 2090 tituli
1542 2056 1649 2090 Sancti
1678 2057 1801 2100 Apolli-

1046 2109 1305 2154 narispresbyter
1320 2110 1504 2148 cardinalis,
1522 2121 1599 2143 suus
1611 2116 1638 2143 et
1656 2110 1801 2143 eiusdem

1045 2164 1075 2196 5.
1100 2164 1134 2196 R.
1160 2164 1194 2196 E.
1219 2163 1428 2203 camerarius,
1449 2164 1525 2196 dum
1542 2163 1657 2197 viveret
1675 2164 1801 2197 obtine-

1045 2217 1135 2250 batct
1157 2217 1336 2258 exercebat,
1357 2229 1413 2261 per
1434 2218 1557 2251 obitum
1579 2217 1723 2251 eiusdem
1737 2218 1801 2251 Au-

1045 2270 1163 2310 :Justini
1184 2270 1355 2304 cardinalis
1375 2277 1405 2304 et
1426 2271 1609 2311 camerarii,
1638 2271 1693 2314 qui
1716 2272 1802 2316 apud

1046 2325 1159 2357 Sedem
1183 2325 1379 2369 praedictam
1405 2325 1549 2358 debitum
1572 2330 1707 2359 naturae
1727 2336 1801 2369 per-

1046 2374 1192 2409 solverat,
1216 2385 1341 2415 vacans,
1359 2385 1433 2407 cum
1451 2374 1602 2407 omnibus
1622 2379 1653 2408 et
1668 2374 1801 2417 singulis

1046 2422 1132 2456 illius
1144 2423 1334 2463 honoribus,
1348 2424 1514 2464 oneribus,
1527 2424 1653 2457 iuribus
1669 2429 1699 2457 et
1715 2434 1802 2457 emo-

1047 2472 1199 2505 lumentis
1237 2473 1411 2513 consuetis,
1451 2472 1521 2514 tibi,
1562 2473 1617 2517 qui
1656 2473 1800 2507 eiusdem

249 2534 312 2566 que
346 2523 455 2555 omnia
474 2528 505 2555 et
534 2522 660 2563 singula
690 2523 721 2555 in
755 2522 939 2566 praemissis
974 2528 1000 2553 et
1023 2549 1026 2561 ,
1049 2522 1317 2565 praedecessoris,
1340 2523 1676 2563 secundumcarnem,
1700 2533 1801 2566 nepos

249 2573 503 2616 praemissorum
521 2571 664 2615 quolibet
689 2572 838 2607 faciendi,
861 2571 1001 2608 dicendi,
1024 2589 1025 2604 l
1047 2570 1213 2612 existebas,
1234 2577 1343 2614 perte,
1362 2572 1468 2615 quoad
1478 2572 1799 2612 vireres,tenenduni

249 2622 393 2664 gerendi,
412 2622 581 2655 exercendi
598 2627 626 2653 et
644 2622 787 2665 plenarie
809 2622 998 2664 exequendi.

293 2675 308 2716 g
327 2672 358 2704 ἶ».
383 2673 424 2704 Ac
446 2671 601 2716 quidquid
625 2682 716 2704 secus
736 2672 852 2704 sactum
876 2682 931 2703 scu
957 2671 1002 2703 in-
1021 2691 1025 2701 Α

1086 2636 1093 2661 Ι
1114 2635 1217 2661 Scilicet
1237 2637 1356 2665 loannes,
1377 2644 1470 2662 uolneri
1488 2635 1628 2661 cardinalis
1642 2634 1686 2661 tit-t
1699 2635 1798 2667 Monte,

1046 2681 1090 2714 ¹pii
1111 2685 1134 2706 ct
1155 2680 1235 2707 lulius
1255 2681 1290 2707 ΙΙΙ
1307 2681 1346 2714 (n.
1364 2682 1413 2715 >1·.).

1805 357 1878 376 litans

1835 1375 1902 1395 Causa
1917 1378 1977 1396 con-:t
1990 1388 1998 1390 <

1814 1408 1908 1428 iunonis.

1827 1860 1904 1882 Paulus
1916 1858 1945 1882 111
1956 1860 2002 1887 (cu—

1816 1893 1951 1914 iushutlahtc
1958 1900 2001 1914 non

1816 1923 1917 1949 iubetur)
1943 1924 1998 1944 offic.

1816 1956 1949 1976 camerarint.
1961 1954 2002 1975 St:A

1816 1988 1847 2007 dis
1863 1986 2001 2013 Apostolicae

1815 2018 1904 2039 Gnidum
1934 2019 2003 2038 Ascu—

1816 2052 1858 2073 nio,
1867 2050 1967 2070 cardinali
1979 2049 2000 2069 S.

1816 2082 1931 2106 Eustachii,
1947 2087 2001 2101 con-

1817 2113 1863 2133 tulit
1875 2121 1880 2138 ς
