2227 3001
44 303 91 329 An.
109 301 137 328 C.
159 299 218 327 1531

42 730 145 757 nepetino
163 731 222 752 chu-

41 762 138 783 natarum.

53 1486 102 1507 Sota
117 1487 223 1513 signatam

40 1518 123 1540 11111ῑοί1.

79 1705 225 1733 Exemplorum

41 1737 100 1759 naon.

56 2240 174 2262 Dertaranu
187 2247 225 2268 pro

44 2272 185 2293 mand-«iuriis.

883 297 983 319 11ὲ.11.’δι
1010 297 1040 319 111
1067 295 1112 318 ΡΡ.

238 351 333 384 etiam
353 350 378 383 si
398 349 437 384 de
456 349 518 382 illis
531 354 602 390 etc„
620 354 746 383 tenores
765 355 835 390 etc„
848 351 907 383 hac
923 351 989 383 vice

239 405 412 443 dumtaxat,
430 403 611 447 specialiter
631 409 661 436 et
681 415 828 448 expresse
854 404 988 446 deroga-

239 469 328 499 mus,
351 457 439 491 etad
468 458 599 501 plenum
630 458 817 501 derogatum
842 469 910 491 esse
935 469 989 491 vo-

239 513 366 552 tumus,
389 511 568 555 ceterisque
590 511 759 545 contrariis
782 512 990 556 quibuscum-

238 577 312 609 que,
335 576 409 599 cum
431 565 583 598 clausulis
608 566 809 610 opportunis.

389 619 506 658 Placet,
530 624 619 652 motu
645 619 786 663 proprio.
810 619 832 651 I.

282 673 347 717 §T
370 673 407 705 Et
437 683 510 705 cum
546 673 749 706 absolutione
775 684 792 705 a
826 673 986 711 censuris,

239 727 278 760 ad
305 727 457 760 effectum
484 727 552 759 eccs
574 726 609 758 Et
639 737 712 759 cum
743 726 988 770 approbatione,

239 780 497 820 confirmatione,
525 779 740 819 innovatione,
763 791 843 812 nova
863 790 990 813 conces-

239 834 341 875 sione,
359 835 501 873 decreto,
514 839 644 873 statuto,
662 833 876 873 ordinatione,
899 833 991 866 dero-

239 888 367 932 gatione
387 893 418 921 et
437 888 518 928 aliis,
537 888 575 920 de
592 893 622 921 et
637 898 696 931 pro
712 887 864 921 omnibus
879 898 990 930 supra-

238 941 346 981 dictis,
373 953 455 985 quae
480 942 531 974 1116
547 953 607 986 pro
628 941 823 974 sufficienter
848 941 991 985 repetitis

238 995 428 1036 habeantur,
444 996 594 1029 latissime
611 995 827 1028 extendendis.
846 995 924 1028 Cum
938 1006 991 1038 op-

238 1055 379 1094 portuno
409 1049 669 1093 decreto‚‘quod
701 1059 851 1092 praesens
884 1053 990 1081 motus

238 1103 390 1148 proprius
415 1104 453 1137 de
481 1103 696 1147 subreptionis
720 1103 767 1136 vel
786 1101 990 1146 [obreptionis

239 1157 313 1190 vitio
331 1168 386 1190 seu
403 1156 587 1190 intentionis
599 1163 725 1189 nostrae
743 1156 868 1189 defectu
888 1155 990 1188 notari

239 1220 294 1244 seu
315 1210 496 1255 impugnari
526 1211 709 1243 nullatenus
738 1210 847 1253 possit:
875 1210 929 1243 sed
945 1209 990 1242 illi

239 1264 326 1305 stari,
340 1270 370 1297 et
386 1264 563 1297 secundum
576 1263 762 1296 huiusmodi
779 1269 901 1296 motum
919 1274 991 1307 pro-

238 1317 344 1362 prium
361 1324 507 1351 nostrum
528 1317 661 1350 iudicari
688 1323 717 1350 61
742 1317 945 1361 interpretari
962 1321 990 1349 et

239 1371 364 1405 definiri
378 1372 503 1405 debeat.

284 1426 299 1469 ξ,
319 1425 348 1460 8.
364 1425 399 1458 Ε1
416 1426 501 1470 quod
519 1426 584 1458 sola
607 1424 782 1469 praesentis
799 1425 809 1447 ¹
829 1424 991 1467 signatura

240 1485 349 1512 nostra
373 1479 528 1519 5111116131,
556 1484 585 1512 61
611 1479 730 1522 ubique
756 1478 852 1511 tidem
878 1478 989 1518 136131,

239 1533 272 1566 in
297 1533 415 1566 iudicio
444 1539 474 1566 et
503 1538 608 1573 extra,
640 1543 845 1576 quacumque.
881 1533 991 1575 regula

240 1586 401 1620 contraria
421 1597 485 1619 non
506 1586 662 1619 obstante.

284 1639 341 1684 §9-
359 1641 403 1673 Ac
419 1639 734 1684 illiustsansumptis,
747 1650 843 1674 manu
856 1642 992 1676 alicuius

239 1693 356 1727 notarii
376 1693 489 1727 Curiae
519 1704 689 1727 causarum
718 1693 819 1728 dictae
840 1695 991 1728 Gamerae

240 1747 428 1791 subscriptis
457 1753 487 1780 et
506 1747 609 1789 sigillo
639 1747 739 1792 ipsius
764 1748 878 1782 Curiae
899 1750 991 1782 audi-

240 1801 319 1835 toris
340 1801 482 1841 munitis,
498 1801 528 1834 in
546 1801 664 1834 iudicio
685 1807 715 1834 et
732 1807 830 1842 extra,
849 1803 923 1836 stari
940 1803 992 1836 de-

238 1855 330 1896 beat,
361 1866 399 1888 36
427 1854 570 1899 plenaria
601 1855 678 1889 sides
711 1856 910 1889 adhibeatur.
948 1858 990 1891 Ac

239 1920 314 1943 611111
335 1909 463 1942 decreto
485 1909 571 1952 quod
592 1909 807 1953 praesentium
829 1916 882 1943 aut
906 1911 991 1944 illius

239 1962 448 2007 transumptis
463 1963 588 2006 copiae,
602 1963 711 1996 affixae
731 1964 761 1996 in
777 1964 872 1997 vali-is
888 1965 991 1997 curia-

238 2027 310 2050 rum
336 2017 550 2061 praefatarum
584 2023 639 2050 aut
672 2017 809 2050 aliorum
844 2018 989 2051 locorum

239 2070 457 2114 publicorum,
487 2071 618 2114 perinde
645 2077 767 2104 arctent
788 2078 818 2105 et
838 2072 988 2108 afficiant,

239 2134 275 2157 36
296 2124 321 2157 si
341 2125 554 2169 personaliter
578 2125 742 2158 intimatae
764 2126 877 2158 forent.

283 2178 370 2223 §4st
399 2178 436 2211 Et
468 2178 506 2211 de
540 2179 804 2219 confirmatione,
841 2180 988 2219 decreto,

239 2236 369 2272 statuto,
405 2232 596 2266 inhibitione
625 2239 655 2265 et
683 2232 752 2266 aliis
784 2233 987 2277 praemissis,

240 2292 426 2319 remanente
436 2286 709 2320 mandatariorum
721 2286 833 2320 Curiae
846 2286 990 2330 Capitolii

240 2346 363 2374 tantum
379 2341 529 2374 exercitio
552 2342 657 2384 quoad
675 2353 785 2375 causas
800 2341 988 2376 ordinarias,

241 2394 364 2428 etiamsi
390 2395 421 2427 in
443 2395 487 2427 eis
517 2395 721 2439 postmodum
752 2395 874 2439 aliquas
903 2406 990 2429 con:-

242 2448 408 2482 missiones
428 2450 625 2492 praesentari
647 2450 821 2493 contingat.

284 2502 398 2536 Datum
415 2503 544 2543 Romae,
565 2504 650 2548 apud
666 2504 696 2537 S.
721 2504 860 2543 Petrum,
877 2514 905 2536 vi
923 2502 992 2536 idn>

242 2555 324 2596 iulii,
347 2566 431 2589 anno
452 2557 605 2590 secundo.

302 2618 563 2649 1];11.(1161013111
584 2620 789 2659 1553110331.
806 2630 881 2649 anno
900 2629 927 2648 11.

280 2700 288 2726 1
313 2700 448 2732 Praesens,
470 2699 583 2726 ctu-mh.
607 2701 643 2735 111.
666 2702 706 2735 τ.)

1678 281 1734 314 ’145

1361 344 1447 379 XVII.

1031 423 1214 456 Declaratio
1234 426 1262 454 el
1283 422 1424 454 extensio
1439 421 1643 453 auctoritatis
1659 420 1782 462 collcqii

1074 476 1217 517 fabricae
1233 475 1383 507 basilicae
1397 473 1513 507 Sancti
1527 473 1620 506 Petri
1646 473 1682 506 de
1701 473 1781 505 Urbe

1076 531 1109 562 in
1131 528 1320 571 eoeeqnendis
1335 527 1563 560 donationibus
1581 527 1668 559 inter
1682 527 1778 564 vivos,

1075 582 1118 615 ad
1137 583 1211 624 pias
1235 592 1347 613 causas
1370 581 1466 622 foetis
1486 585 1515 613 et
1539 580 1666 623 fiendis,
1693 583 1722 612 et
1746 580 1779 611 in

1076 636 1272 678 applicanda
1292 636 1406 678 quinto
1427 645 1539 667 farum
1556 638 1652 677 parte
1678 634 1783 666 dictae

1075 690 1219 731 fabricae
1242 689 1265 722 ¹.

1031 761 1115 791 Iuli-is
1135 762 1205 797 Papa
1224 763 1257 790 111
1281 761 1389 789 dilectis
1407 761 1471 789 filiis
1497 767 1636 790 oeconomo
1657 761 1686 790 et
1704 767 1785 797 prae-

1074 815 1147 844 fecto
1163 815 1284 844 fabricae
1302 815 1432 844 basilicae
1446 815 1577 851 Principis
1595 815 1784 852 Apostolorum

1075 870 1107 898 de
1127 870 1204 902 Urbe,
1227 869 1347 898 salutem
1371 870 1400 897 et
1421 869 1600 905 apostolicam
1619 869 1785 898 benedictio·

1075 931 1146 954 nem.

1075 987 1267 1030 Accepimus
1294 998 1367 1027 vos,
1400 987 1432 1020 in
1459 986 1684 1031 prosecutione
1711 997 1783 1020 exa-

1033 1040 1147 1074 ctionis
1159 1041 1347 1074 relictorum
1364 1041 1402 1073 ad
1415 1041 1483 1084 pias
1500 1051 1613 1074 causas
1625 1042 1783 1074 sactorum

1032 1100 1063 1128 et
1090 1095 1246 1135 aliorum,
1273 1094 1413 1128 fabricae
1445 1094 1594 1128 basilicae
1629 1094 1784 1138 Principis

1032 1149 1259 1192 Apostolorum
1277 1149 1315 1181 de
1335 1149 1418 1182 L'rbe
1439 1159 1496 1192 per
1512 1149 1614 1182 felicis
1634 1148 1784 1182 recorda-

1033 1201 1300 1242 tionisIuliumll‚
1317 1202 1454 1235 Leonem
1472 1202 1508 1242 X,
1528 1202 1725 1235 Hadrianum
1737 1202 1783 1242 w,

1032 1255 1229 1289 Clementem
1262 1255 1311 1288 Vll
1339 1260 1367 1289 et
1395 1256 1530 1288 Paulum
1551 1256 1602 1296 111,
1624 1256 1785 1289 Romanos

1032 1309 1204 1343 Pontifices
1216 1309 1480 1353 praedecessores
1491 1315 1629 1350 nostros,
1643 1309 1785 1354 applica-

1034 1369 1139 1396 torum
1162 1368 1189 1395 et
1212 1374 1270 1407 per
1289 1373 1347 1395 nos
1368 1363 1648 1403 confirmatorum,
1668 1363 1785 1396 multas

1033 1417 1127 1449 etiam
1149 1417 1304 1451 invenisse
1324 1417 1513 1451 donationes
1534 1420 1616 1451 inter
1635 1417 1720 1451 vivos
1741 1417 1784 1450 sa-

1033 1476 1110 1511 clas,
1129 1471 1160 1503 in
1176 1471 1294 1515 quibus
1311 1471 1458 1504 nonnulli
1475 1472 1634 1512 introitus,
1655 1482 1781 1511 6611535,

1033 1524 1194 1564 redditus,
1226 1531 1418 1566 prox-entus,
1445 1525 1570 1558 stabilia
1597 1530 1627 1558 61
1652 1524 1781 1558 mobilia

1034 1577 1116 1610 bona
1137 1589 1172 1610 36
1194 1589 1245 1611 165
1265 1577 1344 1611 31136
1369 1578 1502 1611 diversis
1529 1578 1689 1618 ecclesiis,
1712 1589 1782 1612 mo-

1034 1631 1192 1671 nasteriis,
1224 1632 1453 1676 hospitalibus,
1483 1632 1562 1665 locis
1586 1638 1615 1665 et
1635 1633 1781 1676 personis

1034 1684 1093 1728 piis
1113 1690 1143 1718 et
1164 1695 1222 1729 pro
1247 1685 1440 1718 donatorum
1461 1697 1517 1719 seu
1544 1686 1682 1719 aliorum
1713 1687 1782 1719 ani-

1034 1739 1146 1772 mabus
1166 1739 1282 1773 donata
1304 1745 1333 1773 et
1349 1740 1400 1783 pie
1418 1740 1549 1783 elargita
1564 1740 1782 1784 reperiuntur,

1033 1804 1115 1836 quae
1143 1793 1248 1826 adhuc
1274 1794 1439 1827 inexecuta
1474 1800 1504 1827 et
1533 1804 1596 1827 non
1624 1794 1783 1828 satisfacta

1034 1852 1213 1887 remanent,
1230 1847 1381 1891 quodque
1397 1854 1460 1880 tam
1478 1848 1631 1882 haeredes
1648 1853 1678 1881 et
1694 1848 1784 1881 sidci-

1033 1901 1244 1934 commissarii
1260 1902 1420 1935 dictorum
1436 1901 1451 1925 ‘3
1467 1908 1497 1935 et
1517 1902 1596 1935 aliae
1616 1913 1783 1946 personae,

1033 1961 1114 1993 quae
1135 1951 1173 1983 ad
1194 1952 1380 1984 huiusmodi
1409 1952 1569 1984 bonorum
1600 1951 1784 1985 satisfactio-

1034 2010 1105 2032 nein
1131 1999 1169 2033 de
1195 2000 1265 2033 iure
1292 2006 1459 2041 tenentur,
1488 2001 1706 2034 commissioni
1731 2013 1786 2034 vo-

1032 2048 1081 2081 bis
1097 2049 1196 2082 sactae
1213 2056 1371 2082 conantur
1388 2061 1551 2095 opponere
1568 2056 1597 2083 61
1613 2051 1786 2091 contraire,

1033 2102 1092 2134 sub
1113 2108 1278 2146 praetextu
1305 2104 1390 2146 quod
1416 2103 1592 2137 iurisdictio
1620 2104 1708 2138 vobis
1728 2115 1786 2148 per

1034 2151 1296 2195 praedecessores
1331 2153 1488 2195 praefatos
1524 2158 1553 2186 et
1589 2164 1646 2186 nos
1689 2163 1788 2198 super

1033 2205 1217 2238 huiusmodi
1236 2205 1421 2238 relictorum
1439 2207 1603 2240 exactione
1623 2218 1785 2247 concessa,

1033 2254 1071 2286 ad
1092 2255 1280 2287 donationes
1307 2256 1390 2288 inter
1415 2255 1499 2289 vivos
1527 2257 1624 2289 factas
1653 2257 1784 2290 minime

1034 2316 1065 2335 se
1084 2304 1231 2345 extendit,
1253 2310 1280 2337 et
1298 2304 1339 2337 ita
1360 2305 1426 2349 pias
1446 2305 1638 2338 donatorum
1661 2307 1786 2350 praefa-

1035 2359 1140 2386 toruin
1157 2353 1381 2397 dispositiones
1396 2354 1513 2388 violare
1534 2355 1692 2388 nituntur.

1078 2404 1092 2445 ’δ’
1115 2402 1140 2434 l.
1164 2402 1227 2435 Nos
1247 2402 1353 2445 igitur,
1372 2410 1407 2436 ut
1426 2415 1484 2448 par
1504 2410 1561 2445 est,
1580 2405 1612 2437 in
1630 2405 1786 2449 praemis-

1034 2453 1075 2485 sis
1096 2458 1276 2495 opportune
1298 2453 1463 2496 providere
1484 2455 1637 2494 volentes,
1667 2455 1705 2487 ad
1726 2456 1786 2489 tol-

1034 2501 1143 2534 lendas
1170 2513 1281 2535 omnes
1305 2502 1502 2540 dubietates,
1526 2504 1730 2548 exceptiones
1755 2511 1783 2538 et

1073 2567 1080 2591 1
1102 2565 1155 2591 Alia
1172 2564 1203 2590 tie
1221 2566 1327 2591 materia
1355 2566 1434 2592 liuius
1451 2566 1552 2601 collegii
1569 2572 1594 2593 et
1610 2567 1723 2594 fabricae
1740 2568 1782 2594 in-

1034 2608 1118 2634 11161111
1151 2609 1195 2635 tibi
1224 2610 1248 2635 in
1275 2611 1462 2637 constitutione
1493 2619 1521 2637 iii
1551 2611 1691 2638 Clementis
1721 2612 1783 2644 Vll,

1035 2656 1172 2679 Admonet.
1195 2662 1265 2689 sup..
1279 2662 1335 2688 pag.
1354 2655 1397 2681 [18.
1437 2656 1452 2681 2
1473 2655 1586 2681 Cherub.
1606 2655 1677 2681 addit
1695 2658 1781 2683 donu-

1039 2703 1122 2723 '‹1,·<tsn
1140 2698 1166 2734 (κ
1195 2699 1244 2735 Τ,).

1796 288 1844 314 An.
1861 289 1890 315 C.
1911 288 1971 315 15:31

1847 999 1911 1020 Cana-i
1923 999 1982 1019 113131

1801 1032 1965 1051 constitution-³-

1814 2415 1984 2438 Dect-rnnoaive

1801 2449 1896 2469 extensio
1914 2453 1985 2469 aua-io-

1800 2479 1867 2499 ritatis
1896 2479 1983 2504 collegii

1800 2509 1891 2532 {atii-ica.
1903 2511 1922 2531 in
1936 2516 1985 2532 exc>
