2227 3001
202 264 250 291 An.
270 264 297 290 C.
314 265 382 291 itm

216 2115 269 2136 Mate
284 2117 388 2143 acquisita

203 2148 325 2171 restituunt.

203 2184 309 2204 personae
329 2179 387 2198 [tuns

205 2210 290 2230 uiuente
324 2213 387 2230 notae

204 2244 253 2261 sint.

441 254 505 287 :33ss

398 392 578 435 Privileqz'a
608 391 832 433 neophitorum
858 390 924 422 sire
962 390 1151 421 ‘iudaeorum

442 450 470 478 et
505 445 686 487 infidelitati
718 444 761 475 ml
792 443 985 475 catholicam
1007 443 1103 484 fidem
1122 454 1152 474 se

443 498 692 531 convertentium
709 508 718 533 ,’
745 497 1028 539 ordinationesque
1066 496 1152 527 eirea

443 561 551 583 eorum
568 550 695 582 vivendi
711 550 840 581 modum
857 548 882 581 ¹.

455 640 554 668 Paulus
575 638 717 674 episcopus
746 645 842 667 servus
867 645 1009 667 servorum
1035 638 1099 671 nei.

531 693 565 721 ad
592 693 755 727 perpetuam
778 692 820 720 rei
849 692 1018 720 memoriam.

443 772 615 815 Cupientes
653 771 785 804 iudaeos
822 776 853 803 et
890 771 970 804 alios
1008 771 1153 804 infideles

213 838 312 859 rumines
331 844 384 859 eon-
398 826 559 869 quoslibet
591 825 631 857 ad
660 825 755 857 tidem
777 824 967 857 catholicam
989 824 1150 864 converti,

201 871 256 891 versi
272 876 313 890 non
334 875 383 896 per-

200 901 251 921 dunt
266 906 337 920 eorum
349 901 384 921 bo-

399 885 430 913 et.
449 884 616 922 praetextu
636 878 798 911 bonorum
816 888 874 921 per
890 888 944 911 eos
964 884 1056 910 antea
1079 889 1152 921 pos-

399 943 561 967 sessorum
595 932 634 964 ab
669 932 780 965 eadem
810 932 871 964 tide
904 942 969 964 non
999 931 1150 972 distrahi,

399 992 489 1019 motu
510 984 642 1029 proprio
664 990 693 1017 et
714 996 750 1017 ex
771 990 857 1018 certa
877 989 986 1017 nostra
1008 984 1150 1025 seientia⁷

399 1039 587 1073 auctoritate
621 1038 817 1082 apostolica,
854 1043 965 1071 tenore
1001 1048 1153 1080 praesen-

398 1093 491 1132 tium,
515 1093 575 1124 hac
596 1091 628 1124 in
648 1097 815 1135 posterum
838 1091 973 1123 valitura
998 1091 1153 1124 constitu-

399 1146 485 1179 tione
507 1144 671 1178 sancimus
691 1144 777 1188 quod
799 1144 996 1187 cuicumque
1022 1155 1154 1177 eorum-

398 1199 471 1231 dem
492 1197 685 1230 iudaeorum
712 1203 743 1229 et
776 1197 957 1230 infidelium
978 1197 1017 1229 ad
1038 1197 1153 1229 ‹lit-tam

399 1252 495 1284 sidem
517 1250 659 1283 converti
680 1250 795 1284 volenti
809 1276 816 1289 ‚
839 1250 933 1282 etiam
956 1250 979 1281 si
1002 1250 1032 1282 in
1054 1251 1155 1293 patria

400 1309 555 1349 potestate
592 1303 784 1336 constitutus
822 1304 917 1336 fuerit
932 1330 939 1343 ‚
977 1303 1061 1335 bona
1099 1315 1155 1336 sua

399 1367 644 1400 quaecumque,
667 1363 731 1388 tam
758 1356 888 1388 mobilia
917 1366 1014 1399 quam
1039 1356 1155 1389 immo-

400 1411 488 1450 bilia,
512 1411 630 1443 intaeta
664 1415 695 1442 et
728 1409 837 1441 illaesa
862 1409 1082 1452 permaneam.
1112 1410 1155 1442 Ita

401 1470 436 1496 ut.
461 1463 556 1496 etiam
590 1462 788 1495 filiifamilias
815 1467 845 1495 et
872 1462 903 1494 in
929 1463 1031 1506 patria
1066 1469 1155 1505 pote-

402 1522 499 1556 state,
523 1522 558 1549 ut
591 1517 784 1560 praefertur,
809 1515 993 1553 constituti,
1016 1515 1157 1558 legitima

403 1575 433 1604 et
452 1580 659 1613 quacumque
688 1569 836 1612 portione
869 1569 1031 1601 bonorum
1058 1569 1157 1612 patri-

402 1623 593 1656 monialium
613 1628 668 1654 aut
689 1628 923 1659 maternorum,
953 1622 997 1654 eis
1025 1623 1063 1653 de
1088 1623 1157 1655 iure

403 1687 458 1709 seu
489 1675 691 1709 successione
718 1675 881 1708 bonorum
905 1675 950 1707 eis
970 1675 1048 1707 alias
1068 1676 1158 1708 debi-

403 1735 527 1769 torum,
551 1740 609 1773 per
634 1739 748 1762 eorum
773 1734 921 1773 parentes
942 1729 1084 1761 sraudari
1105 1735 1156 1762 aut

404 1783 521 1827 privari
547 1793 613 1816 non
642 1782 766 1826 possint
792 1793 897 1825 neque
926 1782 1081 1823 debeant,
1105 1784 1158 1815 sed

402 1837 448 1869 eis
468 1837 610 1880 integre,
634 1837 729 1869 etiam
764 1836 789 1868 si
824 1841 936 1868 eontra
962 1836 1157 1869 voluntatem

404 1895 575 1933 parentum
609 1900 744 1922 suorum
772 1890 810 1921 ad
835 1889 931 1921 tidem
954 1889 1054 1932 ipsam
1081 1900 1158 1922 con-

402 1943 484 1975 versi
504 1944 636 1983 suerint,
660 1943 754 1975 etiam
776 1953 889 1975 eorum
912 1943 1099 1986 parentibus
1118 1944 1160 1975 vi-

404 1997 562 2035 ventibus,
586 1996 776 2029 debeantur.

447 2049 461 2091 §
482 2049 512 2081 1.
536 2049 573 2081 Et
593 2050 617 2082 si
637 2050 722 2081 bona
752 2049 820 2092 ipsa
841 2060 877 2081 ex
897 2060 996 2081 usura
1015 2055 1070 2082 aut
1098 2049 1159 2082 illi-

404 2101 467 2134 cito
477 2107 612 2145 quaestu
629 2102 748 2135 suerint
763 2102 930 2145 aequisita,
944 2107 974 2135 et
989 2108 1082 2135 notae
1099 2104 1157 2136 sint

404 2165 572 2198 personae,
597 2155 714 2198 quibus
730 2166 843 2187 eorum
862 2155 954 2187 fuerit
976 2156 1014 2187 de
1032 2156 1101 2189 iure
1118 2157 1159 2188 sa-

404 2206 516 2239 cienda
537 2207 695 2240 restitutio
711 2208 799 2251 <quia
816 2218 881 2240 non
897 2208 1068 2241 dimittitur
1089 2221 1159 2252 pec—

404 2265 530 2300 eatum,
563 2261 621 2293 nisi
656 2262 844 2294 restituatur
864 2262 946 2294 male
979 2262 1159 2298 ablatum),

405 2313 458 2345 illa
479 2313 598 2346 eisdem
615 2314 763 2357 personis
782 2314 915 2347 omnino
930 2315 1158 2352 restituantui·;

406 2366 552 2409 personis
572 2376 647 2398 vero
669 2377 734 2399 non
765 2367 943 2400 extantibus
967 2369 1157 2411 praedietis,

405 2418 481 2462 quia
514 2419 597 2451 bona
632 2419 700 2462 ipsa
736 2425 840 2451 essent
869 2431 926 2462 per
959 2431 1073 2453 manus
1107 2433 1159 2454 ee-

405 2472 522 2505 clesiae
557 2472 589 2504 in
615 2472 685 2515 pios
714 2482 792 2505 usus
820 2475 1031 2507 ‹;·01ivertenda
1047 2502 1054 2511 ,
1078 2475 1160 2507 bona

444 2593 454 2618 ¹
478 2592 612 2619 Consonat
628 2597 765 2627 extravag.
788 2600 805 2618 u
827 2594 917 2620 toann.
935 2601 1004 2626 xxii,
1022 2596 1047 2621 in
1066 2595 1105 2621 tit.
1125 2597 1161 2621 De

409 2637 480 2668 lud„
502 2635 569 2664 inter
586 2644 746 2664 communes.

993 262 1171 285 amitt—inimi
1197 262 1346 285 nonmrii

1171 314 1295 350 dibus,
1328 314 1359 345 in
1388 313 1527 346 favorem
1558 314 1697 357 suscepti
1727 313 1943 356 baptismatis,

1193 371 1357 409 tamquam
1378 366 1410 398 in
1432 367 1521 409 pium
1551 378 1646 399 usum
1675 368 1775 400 libere
1796 368 1946 401 concedi-

1193 430 1264 452 mus
1278 446 1285 459 ,
1308 430 1410 462 eaque
1430 421 1515 463 apud
1536 421 1622 464 ipsos
1642 421 1685 453 sie
1707 431 1877 453 conversos
1896 420 1947 454 iu-

1194 474 1290 505 daeos
1310 479 1337 505 et
1359 473 1438 505 alios
1464 473 1609 507 infideles
1636 485 1803 507 remanere
1835 474 1946 507 decer-

1193 526 1312 558 nimus.
1341 526 1581 566 interdicentes,
1613 528 1672 560 sub
1697 527 1795 560 divini
1815 528 1948 560 anathe—

1195 579 1286 610 matis
1310 589 1425 621 poena,
1448 579 1612 622 quibusvis
1634 585 1697 612 tam
1726 579 1949 613 ecelesiasticis

1194 642 1291 674 quam
1314 631 1534 664 saecularibus
1553 632 1708 675 personis,
1727 643 1766 665 ne
1783 633 1882 665 ullam
1900 644 1949 665 su-

1194 695 1253 728 per
1273 684 1366 717 honis
1385 684 1585 725 huiusmodi,
1604 685 1715 728 quovis
1735 686 1880 729 quaesito
1897 697 1948 718 eo-

1195 738 1273 775 lore,
1307 738 1486 771 molestiam
1512 738 1661 779 inserant,
1685 743 1739 771 a'ut
1759 738 1870 771 inferri
1891 750 1948 782 pa-

1195 791 1335 827 tiantur:
1360 792 1414 823 sed
1444 802 1597 833 magnum
1627 802 1660 824 se
1688 791 1800 824 secisse
1820 793 1949 825 lucrum

1195 844 1372 877 existiment
1387 871 1394 883 ,
1408 845 1484 877 dum
1506 845 1584 877 tales
1603 844 1727 878 Christo
1744 845 1859 878 lucrati
1879 846 1949 878 sue-

1196 897 1270 929 rint.

1239 951 1254 992 §
1274 950 1304 982 Ξ).
1329 951 1363 982 Et
1385 950 1551 994 quoniam,
1569 956 1605 983 ut
1624 950 1779 994 scriptum
1801 956 1865 991 est,
1890 951 1952 991 Qui

1197 1003 1345 1036 habuerit
1365 1004 1582 1036 substantiam
1601 1005 1717 1036 mundi
1739 1004 1834 1036 Italus
1854 1009 1883 1037 et
1902 1005 1951 1036 vi-

1196 1057 1277 1089 deri!
1297 1057 1432 1098 fratrem
1460 1068 1554 1089 suum
1575 1058 1793 1090 necessitatem
1816 1058 1950 1096 habere,

1196 1114 1225 1141 et
1250 1110 1400 1142 clauserit
1425 1111 1548 1142 viscera
1571 1121 1631 1142 sua
1660 1111 1698 1142 ab
1726 1121 1777 1150 eo,
1800 1111 1953 1153 quomodo

1197 1164 1317 1195 caritas
1338 1164 1397 1196 Dee·
1418 1168 1527 1195 nerine!
1544 1164 1576 1195 in
1596 1164 1685 1206 ipso?
1700 1164 1724 1196 si
1745 1163 1804 1207 ipsi
1826 1174 1954 1196 eonver-

1197 1216 1294 1248 sionis
1316 1220 1460 1259 tempore
1484 1217 1597 1260 inopes
1615 1222 1670 1249 aut
1692 1217 1871 1260 indigentes
1887 1217 1954 1249 fue-

1198 1269 1272 1307 rint,
1296 1280 1419 1309 omnes,
1442 1275 1506 1302 tam
1528 1270 1762 1303 ecclesiasticos
1777 1281 1875 1313 quam
1887 1270 1955 1303 sae-¹

1198 1322 1324 1354 culares
1342 1349 1348 1361 ‚
1381 1333 1438 1365 per
1470 1323 1592 1355 viscera
1626 1322 1865 1356 misericordiae
1899 1323 1954 1356 Dei

1198 1374 1298 1406 nostri
1319 1375 1527 1407 exhortamur
1551 1382 1585 1407 ut
1608 1375 1683 1418 ipsis
1704 1375 1865 1408 conversis
1885 1386 1954 1408 nia-

1199 1437 1259 1459 nus
1272 1428 1435 1469 porrigant
1447 1429 1637 1467 adiutriees3
1654 1429 1713 1472 ipsi
1726 1439 1856 1472 quoque
1869 1429 1955 1462 dioe-

1199 1479 1306 1512 eesani
1326 1491 1390 1512 non
1420 1481 1523 1513 solum
1555 1481 1749 1514 christianos
1775 1482 1814 1514 ad
1844 1482 1955 1515 subve-

1199 1532 1353 1565 niendum
1369 1533 1446 1577 ipsis
1461 1534 1682 1574 exhortentur,
1701 1535 1755 1567 sed
1770 1535 1875 1575 etiam,
1890 1541 1955 1568 tam

1200 1586 1238 1617 de
1253 1586 1430 1619 redditibus
1442 1587 1666 1627 ecclesiarum,
1681 1593 1777 1630 prout
1789 1592 1953 1632 poterunt,

1200 1649 1297 1681 quam
1309 1639 1419 1679 (lehis,
1438 1650 1521 1682 quae
1542 1640 1580 1672 ad
1602 1651 1785 1683 pauperum
1805 1651 1883 1674 usus
1899 1652 1957 1685 per

1201 1691 1286 1734 ipsos
1294 1693 1525 1725 convertendos
1537 1694 1759 1734 devolvuntur,
1769 1694 1956 1728 huiusmodi

1201 1745 1371 1788 neophitos
1391 1751 1568 1779 sustentare
1585 1757 1649 1779 non
1666 1747 1839 1790 negligant,
1858 1748 1958 1791 ipsos-

1201 1809 1264 1842 que
1286 1810 1303 1831 a
1324 1799 1577 1832 ‹tt-irritationibus
1604 1805 1635 1832 et
1661 1801 1866 1834 contumeliis
1896 1813 1954 1845 pa-

1202 1857 1291 1884 terna
1312 1852 1481 1885 affectione
1503 1854 1686 1886 defendant.

1246 1906 1260 1948 ξ
1281 1905 1311 1938 3.
1335 1906 1372 1938 Et
1392 1906 1545 1949 quoniam
1567 1918 1626 1951 per
1650 1907 1785 1949 gratiam
1806 1908 1955 1952 baptismi

1203 1958 1285 1991 cives
1305 1964 1491 1992 sanctorum
1508 1965 1536 1992 et
1553 1960 1720 1993 domestici
1736 1960 1790 1993 Dei
1812 1961 1957 1995 efficiun-

1204 2017 1266 2051 tur,
1289 2012 1448 2056 longeque
1470 2012 1597 2055 dignius
1617 2013 1720 2045 existit
1739 2024 1875 2056 regnare
1896 2016 1957 2059 spi—

1202 2064 1278 2105 ritu,
1301 2076 1397 2108 quam
1421 2066 1509 2098 nasei
1529 2077 1644 2105 earne,
1668 2067 1779 2099 eadem
1801 2067 1956 2101 constitu-

1202 2118 1288 2151 tione
1309 2118 1478 2151 statuimus
1499 2124 1534 2151 ut.
1553 2119 1715 2151 civitatum
1742 2125 1772 2153 et
1794 2121 1954 2162 locorum,

1203 2171 1234 2203 in
1255 2172 1373 2214 quibus
1394 2177 1504 2205 sancto
1524 2172 1714 2216 baptismate
1731 2184 1790 2217 pro
1810 2179 1957 2218 tempore

1203 2225 1500 2267 regenerabuntur,
1518 2236 1590 2257 vere
1611 2225 1693 2258 eires
1713 2226 1786 2266 sint,
1810 2231 1840 2259 et
1858 2226 1956 2270 priri-

1203 2278 1293 2320 legiis
1319 2289 1356 2310 ae.
1391 2278 1590 2311 libertatibus
1620 2284 1646 2311 et
1677 2279 1953 2319 immunitatibus,

1202 2341 1284 2374 quae
1318 2331 1393 2371 alii,
1415 2331 1538 2364 ratione
1568 2332 1737 2365 nativitatis
1771 2337 1800 2364 et
1824 2332 1957 2376 originis

1203 2384 1376 2422 dumtaxat,
1398 2390 1654 2428 consequuntur,
1677 2386 1846 2428 gaudeant.

1247 2438 1261 2478 ξ
1281 2437 1311 2469 4.
1336 2437 1455 2470 Carent
1484 2437 1617 2481 insuper
1645 2439 1826 2471 sacerdotes
1851 2439 1955 2483 bapti-
1985 2445 2007 2466 ¹11
2023 2445 2117 2467 articulis
2129 2447 2155 2467 ⁶-

1181 2501 1183 2510 ν
1202 2478 1308 2517 zantes
1328 2490 1358 2518 et
1377 2486 1430 2518 alii
1452 2496 1542 2519 sacro
1560 2488 1645 2519 sonte
1662 2497 1716 2520 eos
1731 2486 1953 2530 suscipientes,

407 2526 594 2559 huiusmodi
615 2526 734 2559 eisdem
756 2527 878 2560 iudaeis
908 2534 935 2560 et
957 2529 1026 2561 aliis
1047 2529 1159 2561 intide-
1181 2538 1183 2545 ¹

1203 2583 1347 2615 articulis
1368 2582 1440 2615 fidei
1455 2610 1462 2621 ,
1485 2594 1520 2616 ae
1541 2583 1619 2626 legis
1639 2595 1738 2617 novae
1758 2584 1953 2627 praeceptis.

1203 2631 1444 2674 catholicaeque
1465 2631 1617 2666 ecclesiae
1652 2633 1765 2666 ritibus
1789 2632 1957 2677 diligenter

1961 261 2011 288 An.
2029 261 2056 288 C.
2078 262 2144 288 1511OE

1979 961 2063 982 Piorum
2089 961 2150 982 elee-

1966 994 2059 1020 mosynis
2089 994 2151 1014 adiu-

1967 1025 2028 1045 vandi
2038 1027 2093 1048 sunt,
2101 1030 2150 1050 qua-

1967 1060 2028 1076 tenus
2045 1057 2086 1076 sint
2103 1061 2150 1082 pau-

1968 1093 2038 1114 peres.

1984 1917 2045 1937 cives
2061 1916 2155 1937 efficiun-

1972 1951 2004 1968 tur
2019 1948 2061 1968 loci
2077 1949 2097 1967 in
2114 1953 2154 1974 quo

1971 1980 2040 2007 baptiz
2050 1982 2111 2000 .ntur.

1972 2478 2005 2497 dei
2023 2478 2156 2498 instruantur

1972 2510 1993 2528 et
2013 2513 2059 2528 cum
2079 2508 2155 2528 infide-

1201 2539 1266 2565 tam
1288 2539 1359 2566 ante
1379 2534 1574 2577 baptismum
1602 2546 1699 2578 quani
1721 2540 1809 2578 post,
1832 2535 1904 2569 illos
1924 2536 1955 2568 in
1971 2538 2156 2590 ξξξξωῂιῖιῖᾗῦῡ·
