2227 3001
240 285 423 313 An.c.ta55

290 830 299 842 n
314 831 317 842 ·
349 831 387 843 ΙΝ
411 835 417 839 ·
433 825 460 852 et
478 820 735 854 ordinationibus
750 822 943 866 apostolicis,
961 834 997 856 ac
1012 824 1092 867 stylo
1108 834 1182 856 con-

271 2148 335 2168 Causa
352 2148 412 2168 liuius

228 2182 393 2200 constitutionis.

483 276 545 310 :304

438 345 534 379 tores,
561 353 596 372 ai·
627 339 813 372 eoruunlvm
846 338 1055 371 cardin-‘diunt
1087 341 1208 372 colle-3

436 394 538 436 gium,
565 394 596 426 in
622 394 730 437 quavis
759 403 854 426 causa
885 398 915 425 ct
942 393 1103 433 instantia,
1132 389 1208 438 sil-l

436 447 520 480 blata
545 447 589 480 eis
613 453 640 479 ct
671 458 783 480 eorum
810 446 940 479 cuilibet
960 448 1070 490 quavis
1095 448 1186 480 aliter

436 501 598 534 iudicandi
628 506 658 533 et
682 501 912 544 interpretandi
937 501 1127 534 auctoritate
1156 508 1186 534 et

434 554 597 593 facultate,
620 553 756 586 iudicari
782 561 812 586 et.
838 553 964 586 definiri
991 554 1121 593 debere,
1149 566 1184 587 ac

435 607 559 640 irritum
595 612 622 640 ct
654 607 760 647 inane,
784 607 807 639 si
840 617 932 640 secus
956 618 1054 651 super
1087 607 1136 641 liis
1168 620 1184 641 a

433 671 609 703 quoquam,
630 662 741 704 quavis
760 662 962 700 auctoritate,
980 661 1118 695 scienter
1137 663 1183 695 vel
1203 681 1205 687 ‚

435 714 629 755 ignoranter,
648 714 816 757 contigerit
834 715 995 748 attentari.

476 769 490 808 ,ξ
515 767 545 800 6.
573 768 641 801 Non
673 769 873 802 obstantibus
901 770 1184 803 constitutionibus

1033 286 1209 309 BFLLARH'M

432 874 549 907 sistorii
565 876 675 913 nostri,
687 886 814 909 necnon
826 876 926 920 ipsius
938 877 1075 920 collegii,
1087 878 1181 911 etiam

431 927 632 969 iuramento,
660 929 905 963 confirmatione
925 931 1101 974 apostolica
1133 931 1181 964 vel

430 982 541 1025 quavis
565 982 716 1016 firmitate
736 983 797 1016 alia
818 983 988 1023 roboratis,
1007 986 1132 1018 statutis
1152 990 1182 1018 et

430 1037 730 1078 consuetudinibus,
741 1038 921 1084 ceterisque
934 1039 1103 1073 contrariis
1114 1040 1181 1084 qui-

429 1090 643 1135 buscumque,

473 1145 557 1178 Nulli
578 1157 654 1189 ergo
675 1151 731 1180 etc.
755 1147 786 1181 Si
807 1147 880 1192 quis
900 1153 957 1182 etc.

472 1199 585 1232 Datum
606 1200 725 1233 Romae
745 1202 831 1245 apud
851 1202 1003 1235 Sanctum
1024 1204 1177 1243 Marcum,

428 1264 512 1286 anno
542 1254 774 1288 lncarnationis
802 1256 983 1289 dominicae
1009 1257 1180 1290 millesimo

428 1306 687 1351 quingentesimo
703 1310 971 1353 quinquagesimo
983 1311 1108 1355 quinto,
1122 1322 1180 1344 un-

427 1361 552 1394 decimo
582 1363 733 1396 kalendas
754 1364 954 1407 septembris,
975 1365 1181 1409 pontificatus

428 1420 527 1448 nostri
548 1427 632 1449 anno
648 1427 669 1449 1.

468 1477 527 1508 Dat.
545 1479 590 1509 ilie
609 1479 645 1509 ⁵22
661 1481 780 1518 augusti
799 1481 883 1516 1555,
901 1481 1003 1520 pontis.
1028 1491 1105 1511 anno
1122 1491 1140 1511 1.

768 1651 827 1683 Vll.

427 1725 486 1758 Rei
506 1735 544 1757 ex
565 1726 696 1758 indiciis
715 1726 826 1768 forsan
854 1727 1024 1770 torquendi
1039 1737 1099 1770 pro
1120 1728 1179 1760 ha-

472 1779 574 1811 benda
592 1780 727 1812 veritate
746 1780 934 1820 criminum,
957 1791 1022 1813 non
1042 1781 1181 1813 audian-

473 1836 525 1864 tur
553 1837 647 1866 extra
676 1844 827 1873 carceres,
855 1834 922 1865 m'si
947 1834 1021 1876 fisco
1048 1835 1181 1878 desuper

470 1887 600 1925 madito,-
626 1891 655 1920 εἰ
680 1898 777 1930 neque
797 1888 919 1920 crimen
940 1888 1075 1930 confessi
1096 1890 1179 1921 rela-

469 1945 600 1980 xentur,
625 1942 690 1974 nisi
709 1942 916 1985 clebitaprius
935 1942 1040 1975 soluta
1061 1953 1176 1986 poena.

533 2022 631 2051 Paulus
647 2024 718 2059 Papa
731 2023 773 2056 IV.
788 2024 866 2051 motu
880 2022 1001 2059 proprio,
1016 2024 1071 2052 etc.

471 2095 554 2128 Licet
582 2106 618 2128 ex
656 2095 735 2129 iuris
764 2096 947 2129 communis
971 2096 1179 2141 dispositione

427 2148 501 2181 satis
522 2149 685 2193 provisum
707 2149 745 2182 sit
770 2154 804 2182 ut
838 2149 876 2182 de
906 2149 1014 2192 aliquo
1045 2149 1178 2183 crimine

427 2202 610 2245 inquisitus,
629 2203 704 2235 dum
726 2202 962 2246 superindiciis
978 2208 1089 2236 contra
1105 2215 1179 2238 eum

428 2255 634 2289 existentibus
656 2255 826 2289 discutitur
842 2267 882 2289 an
897 2262 1041 2289 torturae
1058 2256 1089 2289 in
1111 2257 1181 2290 eius

428 2321 565 2353 persona
581 2310 649 2342 iure
665 2311 755 2344 locus
771 2311 821 2351 sit,
840 2310 1053 2355 personaliter
1068 2311 1099 2345 in
1112 2322 1180 2344 car-

428 2374 499 2395 vere
516 2362 709 2403 detineatur,
728 2369 757 2395 et,
774 2370 808 2396 ut
819 2364 942 2397 crimen
958 2366 1134 2405 consessus,
1146 2365 1177 2397 in

428 2428 523 2460 quem
546 2416 638 2457 nihil,
666 2417 726 2449 nisi
756 2422 791 2449 ut
817 2428 952 2460 poenam
981 2419 1103 2451 solvere
1124 2429 1178 2452 co-

427 2476 530 2511 gatur,
551 2471 710 2513 agendum
733 2476 844 2511 restat,
864 2483 1033 2515 quousque
1050 2472 1102 2505 ille
1124 2473 1178 2506 de-

427 2524 490 2557 bite
513 2524 645 2568 punitus
661 2524 768 2563 suerit,
786 2535 850 2557 non
867 2525 1039 2566 relaxetur;
1057 2531 1177 2567 tamen,

427 2584 460 2610 ut
482 2589 587 2623 nuper
612 2577 810 2621 accepimus,
837 2578 883 2611 rei
909 2579 1082 2612 criminum
1112 2585 1177 2613 tor-

427 2639 519 2665 turae
540 2631 752 2676 supponendi‚
774 2632 832 2665 sub
853 2633 1001 2665 cautione
1019 2633 1058 2666 de
1079 2644 1110 2666 se
1130 2644 1179 2667 re·
1198 2653 1199 2662 ³

427 2686 674 2730 praesentando,
692 2691 723 2719 et
740 2686 888 2727 confessi,
907 2686 965 2719 sub
984 2687 1080 2720 simili
1101 2698 1177 2722 cau-
1196 2722 1200 2736 ¹

1235 286 1383 309 arvum-rii

1230 338 1327 375 tione,
1352 350 1405 370 >eu
1430 338 1523 370 etiam
1546 340 1603 371 sub
1630 340 1777 372 multione
1805 339 1842 372 de
1869 340 1981 372 stando·

1229 391 1289 424 iuri
1302 398 1329 425 et
1344 392 1520 425 iudicatum
1541 394 1704 433 solvendo,
1722 394 1915 437 plerumque
1934 404 1981 427 re-

1228 446 1391 486 laxantur,
1415 457 1480 489 quo
1501 446 1533 479 sit
1559 451 1602 487 ut,
1622 447 1684 480 illis
1704 453 1790 480 extra
1815 458 1979 480 carcerem

1228 499 1338 542 positis
1367 499 1604 542 expeditionem
1630 510 1694 532 non
1715 500 1977 544 procurantibus,

1228 562 1342 584 causae
1366 551 1555 585 huiusmodi
1575 552 1778 593 differantur,
1802 559 1830 586 et
1848 553 1979 586 demum

1227 604 1377 638 oblivioni
1413 605 1601 647 tradantur,
1633 612 1687 639 aut
1721 607 1814 639 variis
1844 607 1901 639 viis
1933 607 1979 639 rei

1227 659 1297 701 ipsi,
1313 665 1384 702 post
1399 659 1528 702 aliquod
1548 664 1686 703 tempus,
1703 661 1869 694 cautiones
1890 672 1980 705 prae-

1226 712 1312 744 stitas
1324 712 1453 745 liberari
1465 719 1652 757 procurent,
1666 714 1776 757 sicque
1788 714 1846 758 ipsi
1860 725 1980 758 poenas

1226 766 1347 799 debitas
1368 766 1521 809 effugiant
1537 772 1567 800 et
1587 767 1703 800 delicta
1718 773 1907 800 remaneant
1922 768 1980 800 im-

1225 820 1348 863 punita,
1372 820 1403 853 iu
1423 831 1517 864 grave
1538 821 1724 854 scandalum
1752 826 1783 854 ct
1802 821 1977 865 pessimum

1225 879 1407 907 ceterorum
1429 875 1626 919 exemplum.

1268 929 1327 971 §l
1343 929 1404 961 Nos
1424 928 1544 972 itaque,
1567 928 1644 962 huic
1669 928 1784 962 abusui
1805 939 1978 963 occurrere

1225 983 1376 1022 volentos,
1406 986 1496 1015 motu
1521 981 1619 1015 simili
1645 988 1675 1015 et
1700 993 1735 1015 ex
1758 988 1845 1016 certa
1870 988 1979 1016 nostra

1224 1036 1356 1069 scicntia
1371 1046 1407 1068 ac
1424 1036 1462 1068 de
1483 1035 1677 1078 apostolicae
1699 1036 1863 1079 potestatis
1878 1037 1978 1080 pleni-

1225 1090 1345 1129 tudine,
1363 1095 1473 1123 tenore
1498 1089 1730 1133 praesentium,
1759 1090 1976 1131 decernimus,

1223 1144 1393 1177 statuimus
1421 1149 1451 1176 et.
1488 1144 1676 1176 ordinamus
1709 1150 1743 1176 ut
1769 1144 1895 1185 nullus,
1923 1145 1979 1189 qui

1223 1210 1259 1232 ex
1280 1198 1406 1231 indiciis
1426 1203 1538 1231 contra
1558 1209 1632 1231 eum
1660 1198 1882 1232 laborantibus
1908 1199 1978 1233 iure

1223 1253 1423 1296 torquendus
1442 1253 1558 1292 veniat,
1581 1263 1637 1285 seu
1657 1252 1696 1285 de
1717 1263 1781 1295 quo
1802 1252 1977 1293 dubitetur,

1223 1307 1300 1340 dum
1320 1307 1359 1340 do
1379 1306 1505 1339 indiciis
1532 1306 1720 1339 huiusmodi
1747 1317 1787 1339 an
1817 1307 1856 1339 ad
1876 1312 1977 1341 tortu-

1223 1372 1291 1393 ram
1307 1360 1498 1394 suffieientia
1514 1360 1575 1393 sint
1592 1360 1786 1404 disputatur,
1805 1372 1976 1406 quousque

1223 1420 1275 1447 aut
1296 1425 1355 1458 per
1374 1419 1532 1447 torturam
1552 1413 1671 1447 indicia
1689 1414 1758 1458 ipsa
1778 1415 1974 1458 purgaverit,

1223 1473 1273 1500 aut
1298 1478 1371 1499 eum
1392 1472 1535 1500 torturae
1560 1466 1796 1500 subiiciendum
1821 1478 1887 1501 non
1908 1479 1977 1502 esse

1223 1521 1389 1564 cognitum
1411 1520 1518 1559 suerit,
1541 1525 1753 1563 procuratore
1780 1520 1850 1554 sisci
1876 1523 1975 1556 nostri

1223 1574 1261 1607 ad
1278 1575 1356 1607 llaec
1373 1574 1480 1607 onmia
1497 1573 1592 1607 citato
1609 1579 1639 1606 et
1656 1573 1898 1616 interveniente,
1917 1577 1976 1609 sub

1223 1628 1333 1672 quavis
1348 1628 1498 1661 cautione
1510 1640 1527 1661 a
1543 1639 1672 1661 carcero
1684 1629 1857 1670 relaxetur,
1871 1640 1976 1674 neque

1223 1693 1320 1725 super
1339 1682 1378 1715 iis
1397 1687 1485 1715 extra
1509 1693 1656 1715 carceres
1680 1682 1839 1715 audiatur.

1266 1736 1280 1779 ξ
1295 1736 1325 1769 2.
1340 1736 1465 1777 Nullus,
1484 1736 1578 1769 etiam
1595 1736 1650 1780 qui
1667 1736 1790 1770 crimen
1806 1736 1839 1770 in
1855 1737 1975 1771 iudicio

1223 1790 1388 1823 consessus
1408 1789 1514 1829 suerit,
1539 1795 1651 1823 contra
1667 1801 1764 1834 quem
1785 1791 1884 1824 nullae
1900 1797 1975 1825 sunt

1223 1849 1329 1888 partes
1350 1843 1484 1885 iudicis,
1511 1843 1570 1876 nisi
1592 1844 1623 1876 in
1644 1845 1849 1887 exequendo,
1880 1845 1975 1878 etiam

1223 1898 1246 1930 si
1263 1909 1322 1942 pro
1334 1898 1469 1931 crimine
1483 1898 1670 1931 huiusmodi
1682 1898 1871 1942 pecuniaria
1881 1910 1978 1944 poena

1223 1952 1412 1995 plectendus
1431 1952 1550 1993 veniat,
1577 1958 1607 1985 et
1632 1963 1874 1996 quamcumque
1899 1964 1977 1987 cau-

1222 2006 1342 2039 tionem
1364 2006 1403 2039 de
1424 2006 1479 2039 illa
1499 2006 1686 2040 solvendum
1712 2012 1876 2050 praestare
1896 2008 1976 2041 offe-

1223 2066 1281 2100 rat,
1300 2071 1317 2093 a
1337 2071 1467 2094 carcere
1488 2061 1660 2101 relaxetur,
1688 2060 1749 2094 nisi
1768 2071 1873 2105 poena
1892 2061 1974 2105 ipsa,

1222 2114 1365 2158 praefato
1381 2114 1450 2148 fisci
1467 2119 1677 2158 procuratore
1694 2115 1834 2158 desuper
1849 2115 1973 2155 audito,

1222 2167 1328 2200 debite
1352 2168 1529 2211 persoluta.

1266 2221 1331 2264 §3
1355 2221 1471 2266 Sicque
1499 2233 1558 2266 per
1590 2232 1817 2266 quoscumque
1851 2222 1975 2256 iudices

1222 2275 1331 2318 quavis
1341 2275 1531 2309 auctoritate
1552 2276 1733 2318 fungentes,
1757 2275 1973 2317 iudicari‚de-

1222 2328 1307 2361 finiri
1328 2334 1358 2362 et
1378 2328 1538 2363 observari
1572 2329 1700 2370 debere,
1733 2330 1857 2363 sublata
1877 2330 1924 2363 eis
1943 2336 1974 2363 et

1222 2392 1336 2416 eorum
1366 2382 1498 2416 cuilibet
1527 2382 1620 2416 aliter
1649 2382 1812 2416 iudicandi
1837 2389 1867 2416 et
1896 2384 1974 2418 defi-

1222 2435 1330 2469 niendi
1345 2435 1507 2475 facultate;
1522 2435 1713 2480 irritumque
1730 2441 1761 2469 et
1775 2436 1869 2470 inane
1880 2437 1972 2481 quic-

1221 2488 1298 2531 quid
1319 2494 1429 2522 contra
1450 2490 1668 2534 praesentium
1693 2495 1839 2523 tenorem
1859 2502 1877 2524 a
1896 2502 1974 2534 quo-

1221 2548 1331 2581 quam,
1345 2538 1454 2582 quavis
1469 2539 1669 2579 auctoritate,
1680 2539 1819 2573 scienter
1830 2540 1879 2573 vel
1886 2539 1974 2584 igno-

1198 2602 1200 2613 ›
1221 2593 1341 2627 ranter,
1355 2588 1502 2621 attentari
1520 2588 1701 2632 contigerit,
1729 2588 1946 2622 decernimus.

1265 2638 1279 2680 ξ
1302 2637 1334 2669 4.
1362 2638 1581 2682 Volumusque
1616 2639 1834 2682 praesentium
1869 2639 1970 2674 solam
1997 2654 2047 2676 501·
2062 2656 2168 2682 signatura

1220 2688 1417 2731 signaturam
1438 2694 1578 2722 nostram
1601 2688 1762 2729 sufficere,
1785 2688 1968 2732 etubique,
1984 2685 2067 2708 ⁸”ffi⁶¹¹·

1996 288 2046 312 An.
2065 285 2092 312 C.
2116 287 2180 313 1553

2006 937 2043 959 Rei
2054 937 2125 958 forsan
2138 941 2178 959 tor-

1994 970 2069 996 quendi
2119 973 2178 990 utra

1993 1005 2092 1020 carceres
2136 1007 2177 1021 non

1993 1032 2110 1052 audiantur.

2022 1754 2118 1776 Contessi
2132 1761 2175 1776 nou

1989 1785 2176 1813 relaxentur-,pa-

1990 1823 2016 1837 na
2036 1823 2077 1837 non
2098 1817 2173 1838 soluta.

2002 2235 2112 2257 clausulae
2125 2236 2171 2257 sub·

1989 2267 2075 2288 lativae.
