2227 3001
92 294 143 322 An.
161 293 188 322 C.
207 293 272 321 1525

930 284 1068 309 CLEMENs
1091 284 1134 306 Vll
1158 281 1204 305 PF.

301 340 681 388 plenitudinem1habere
702 339 811 379 voluit,
827 345 932 371 mente
947 338 1045 370 revol-

296 397 399 429 vimus
418 396 457 429 ad
478 400 622 428 nostrum
643 393 784 427 officium
806 392 965 436 pertinere
990 395 1021 423 ut
1035 417 1042 430 ,

297 454 466 494 postquam
487 447 588 481 felicis
610 445 839 480 recordationis
864 445 963 478 lulius
991 445 1045 476 Pa—

298 513 336 546 pa
357 503 397 542 lI,
434 501 661 545 praedecessor
700 504 824 538 noster,
864 498 1046 530 existimans

297 554 571 598 quemadmodum
596 553 662 597 ipse
690 553 801 585 Petrus
827 551 1045 594 apostolorum

299 608 447 651 princeps
467 607 658 646 haberetur,
694 605 734 638 ita
762 605 856 638 etiam
882 603 1044 635 basiliijeam

297 661 356 694 sub
377 660 445 693 eius
465 659 674 695 invocatione,
692 659 723 691 in
745 658 827 691 dicta
855 657 936 690 Urbe
958 655 1045 688 dedi-

299 720 413 754 catam,
445 712 579 745 aedilicii
608 711 849 755 pulchritudine
874 715 901 742 et
924 709 1046 751 magni-

299 767 425 800 ficentia
449 766 530 798 inter
555 765 632 798 alias
659 764 874 809 principatum
903 762 1046 795 obtinere

299 819 427 859 debere,
472 819 573 862 ipsam
608 822 777 861 propterea
811 815 1045 849 demoliendam

297 873 430 906 duxerat
459 877 494 904 ut
527 882 595 904 eam
617 870 763 903 aedificio
785 870 878 912 longe
899 867 1047 912 ampliori

297 931 327 958 et
355 925 454 968 magis
487 924 667 957 admirabili
702 923 845 956 reticeret
877 927 906 954 et
930 920 1048 953 instau-

299 984 394 1012 rarct.

342 1033 356 1075 ἓ
376 1032 406 1064 02.
431 1031 521 1071 Quod
545 1030 612 1074 ipse
632 1029 742 1069 lulius,
767 1033 867 1060 morte
898 1038 1047 1071 pracven-

1749 266 1788 298 77
1849 274 1897 298 An.
1915 270 1945 297 C.
1963 267 2030 296 ¹525

1086 335 1165 367 lium
1200 331 1382 375 digniorum
1403 340 1440 362 ex
1460 328 1516 369 cis,
1552 338 1724 361 numerum
1749 338 1833 360 sexa-

1086 387 1172 431 ginta
1193 396 1256 418 non
1278 382 1517 421 excedentium,
1539 382 1578 415 ad
1599 383 1658 414 boc
1684 381 1722 413 dc
1744 391 1834 413 man-

1086 441 1158 473 dato
1179 444 1287 471 nostro
1306 445 1381 471 tunc
1397 437 1586 475 electorum,
1609 435 1679 467 loco
1695 443 1834 477 quorum

1087 504 1145 536 pro
1165 497 1309 535 tempore
1330 489 1566 528 decedentium,
1595 488 1642 520 vel
1664 498 1696 519 se
1716 486 1836 519 diutius

1086 545 1340 582 absentantium,
1375 542 1428 576 alii
1454 541 1639 574 earumdem
1669 539 1835 572 nationum

1088 598 1233 630 similiter
1253 597 1325 639 eligi
1360 601 1498 640 possent,
1535 594 1579 627 sic
1612 599 1717 626 tamen
1751 592 1837 635 quod

1088 651 1208 684 dietum
1231 660 1403 682 numerum
1424 648 1584 689 sexaginta
1611 657 1674 680 non
1704 645 1837 679 excede-

1088 709 1170 740 rent,
1192 703 1380 735 auctoritate
1397 701 1582 745 apostolica,
1597 705 1684 732 motu
1706 698 1837 743 proprio

1088 757 1248 790 ereximus
1272 761 1301 788 et
1326 755 1566 795 constituimus3
1602 753 1725 797 ipsique
1745 752 1838 785 colle-

1088 810 1140 853 gio
1160 806 1480 847 administrationem,
1509 817 1619 840 curam
1640 811 1670 839 ct
1689 805 1837 838 directio-

1089 873 1162 895 nem
1196 873 1232 894 ac
1266 872 1361 894 omne
1386 861 1530 903 regimen
1564 860 1666 892 dictae
1700 858 1839 891 fabricae

1089 915 1231 958 plenarie
1265 914 1502 954 commisimus,
1540 917 1635 957 prout
1668 912 1699 944 in
1725 911 1840 944 nostris

1089 964 1162 996 inde
1183 962 1335 996 confectis
1355 963 1454 995 literis
1475 962 1601 1006 plenius
1621 961 1813 993 continetur.

1133 1018 1147 1060 ξ
1167 1017 1199 1049 li.
1222 1016 1456 1059 Cognoscentcs
1467 1020 1572 1047 autem
1590 1015 1628 1047 ad
1646 1013 1721 1047 tanti
1734 1013 1840 1058 operis
1879 1024 1904 1076 bei
1918 1024 1987 1048 modo.
1999 1029 2036 1050 pro

1854 1062 1877 1077 su
1894 1057 1993 1077 ventione
2012 1061 2036 1074 e-

114 1087 139 1107 Ai
149 1086 193 1113 ipse
206 1089 226 1106 et
237 1090 285 1105 suc-

101 1123 200 1138 censores
216 1116 286 1136 Ponti·

102 1149 152 1168 tices
171 1148 211 1168 hoc
233 1153 285 1174 opus

101 1180 205 1206 pei-licere
244 1184 284 1198 non

102 1212 222 1237 potuerunt⁴

1090 1069 1345 1107 absolutionem,
1382 1069 1546 1101 facultates
1578 1067 1729 1100 Gamerae
1754 1068 1838 1110 Apo-
1854 1088 1933 1108 mmm
1946 1086 2036 1111 [Μεθ’

1090 1123 1232 1163 stelione,
1266 1133 1363 1165 quani
1395 1121 1543 1165 pluribus
1563 1120 1677 1153 debitis
1710 1125 1739 1152 ct
1771 1119 1840 1152 aliis
1854 1120 1888 1161 ‘3³‘
1902 1119 2037 1160 ,⁰⁰¹¹0g5‘1’ffl·

1854 1152 1972 1170 duritatem
1983 1154 2036 1169 totu-

1091 1176 1244 1210 oneribus
1263 1180 1421 1218 gravatae,
1443 1184 1508 1207 non
1529 1174 1689 1211 sufficere;
1711 1179 1741 1205 et
1760 1184 1840 1216 opus
1855 1181 1946 1208 ponendi
1974 1185 2038 1206 super

298 1090 361 1125 tus,
397 1083 572 1117 successive
594 1084 654 1115 Leo
675 1083 699 1114 X
734 1086 763 1114 et
788 1081 968 1114 Hadrianus
992 1080 1045 1119 vl,

298 1137 432 1171 Romani
452 1136 623 1169 Pontifices
656 1135 750 1168 etiam
786 1134 1049 1178 praedecessores

299 1191 410 1231 nostri,
444 1190 537 1223 variis
572 1188 776 1222 causantibus
798 1187 1046 1231 impedimentis,

299 1243 453 1287 perficere
462 1254 526 1277 non
535 1247 721 1287 potuerunt,
731 1242 774 1282 id,
792 1247 823 1274 ut
835 1241 922 1274 omni
933 1246 1047 1273 conatu

298 1307 335 1329 ac
354 1297 427 1330 totis
459 1296 579 1329 viribus
612 1295 878 1338 aggrederemur,
902 1293 1046 1336 dignum,

300 1350 378 1393 quin
398 1350 505 1394 potius
525 1348 666 1382 debitum
684 1347 845 1387 duximus,
864 1346 950 1389 quod
966 1345 1051 1378 illius

303 1403 420 1436 fabrica
440 1403 533 1435 etiam
556 1401 718 1435 communi
741 1402 845 1434 favore
866 1405 893 1433 et
916 1399 1050 1442 diligen-

1092 1230 1196 1272 ipsum
1210 1255 1217 1268 ,
1239 1233 1303 1261 tam
1337 1226 1474 1261 sublime
1504 1232 1534 1259 et
1558 1227 1732 1265 excelsum,
1750 1226 1788 1258 ad
1806 1227 1840 1258 fi-

1092 1293 1163 1315 nem
1186 1287 1343 1325 optatum,
1369 1281 1489 1323 absque
1511 1278 1570 1322 piis
1590 1284 1620 1312 et
1640 1278 1736 1322 largis
1756 1279 1841 1312 cbri-

1092 1335 1277 1368 stitidelium
1296 1333 1535 1377 erogationibus
1551 1338 1581 1366 et
1596 1332 1665 1365 aliis
1680 1332 1839 1371 subsidiis,

1094 1389 1226 1433 perduci
1250 1399 1315 1421 non
1336 1398 1445 1431 posse;
1477 1398 1512 1420 ac
1534 1386 1774 1419 considerantes
1794 1385 1842 1418 in-

1093 1442 1272 1485 dulgentias
1287 1447 1316 1474 ct
1332 1441 1409 1474 alias
1425 1441 1553 1483 gratias,
1575 1445 1639 1472 tam
1663 1439 1844 1483 spirituales

1093 1506 1189 1539 quam
1211 1495 1423 1538 temporales,
1454 1504 1512 1537 per
1533 1493 1692 1536 praefatos
1713 1492 1843 1536 praede-

304 1573 470 1596 SUCOESSUS
490 1562 755 1605 amplffcfflsems‚
789 1570 825 1591 ac
851 1559 902 1602 pia
930 1557 1054 1591 christi„
1094 1558 1237 1581 cessores
1256 1548 1288 1581 in
1309 1548 1448 1580 favorem
1474 1546 1576 1579 dictae
1601 1545 1740 1579 fabricae
1769 1556 1843 1579 con-

305 1615 446 1648 fidelium
468 1614 630 1657 suffragia,
644 1624 702 1657 pm
718 1613 828 1645 eadem
847 1611 964 1644 fabrica
980 1622 1052 1643 01‘0-
1072 1621 1075 1685 ἠ
1095 1612 1210 1641 cessas,
1233 1601 1420 1634 iamdudum
1438 1599 1616 1643 expirasse,
1643 1605 1732 1632 motu
1748 1599 1843 1632 simili

305 1669 418 1711 ganda,
442 1667 578 1700 fideliter
598 1667 812 1709 exigerentur,
827 1675 1052 1698 conservarcn-
1095 1660 1125 1687 θῑ
1149 1666 1185 1687 CX
1216 1660 1301 1687 Cffl'lss
1331 1653 1462 1687 Ssslfffnllss
1482 1664 1517 1685 ²10
1542 1652 1737 1696 39051015033
1758 1657 1845 1695 POlss·

306 1726 375 1761 tur,
411 1720 491 1753 etin
518 1720 669 1752 sabi-icam
692 1720 791 1763 ipsam
813 1724 843 1751 et
864 1729 926 1750 non
955 1718 1053 1750 alium
1095 1708 1182 1741 SfflliS
1210 1707 1428 1751 Plfflliffldlflss’
1470 1706 1619 1750 praefatis
1644 1705 1780 1749 001103‘50
1815 1711 1845 1738 θῑ

303 1456 345 1489 tia
366 1455 589 1499 prosequenda
609 1460 701 1487 esset.

347 1509 415 1553 §3
445 1509 482 1542 Et
515 1513 549 1542 ut
578 1507 697 1541 fabrica
731 1507 798 1551 ipsa
831 1506 1053 1550 prosperiorcs

107 1572 130 1593 Et
139 1573 185 1593 iden
193 1571 226 1592 liic
238 1570 288 1592 Pon-

107 1603 164 1627 tifex,
176 1603 199 1623 ad
211 1608 289 1623 curan-

107 1635 152 1654 dani
175 1633 290 1660 pei-tectiu-

107 1670 154 1684 neni
171 1665 239 1684 dictae
258 1662 291 1682 sa-

108 1695 178 1715 brieae
189 1710 195 1719 ,
224 1693 291 1714 colle-

109 1727 162 1751 giuin
181 1726 293 1751 deputato-

110 1756 250 1778 ruminsinuii
264 1754 283 1780 2,

307 1785 401 1806 usum
422 1778 696 1812 converterentur,
720 1771 885 1816 providere
901 1771 1052 1810 volentes,

308 1827 459 1860 revocatis
479 1838 536 1870 pcr
556 1837 613 1859 nos
633 1825 781 1869 primitus
796 1824 1054 1867 quilniscumque
1075 1839 1077 1882 J

1096 1761 1200 1794 abeis
1225 1761 1262 1793 ad
1285 1760 1486 1804 infrascripta
1515 1760 1547 1791 in
1580 1770 1698 1802 genere
1730 1760 1778 1792 vel
1813 1759 1843 1791 iu

1096 1814 1201 1858 specie
1222 1813 1412 1857 deputandis
1436 1818 1491 1845 aut
1524 1812 1783 1855 subdelegandis,
1812 1818 1845 1844 ut

306 1880 495 1912 officialibus
528 1878 696 1923 praesediS
729 1878 767 1910 ad
789 1888 870 1921 Opus
891 1877 992 1910 dictae
1014 1878 1054 1909 sa-
1075 1886 1077 1914 7
1097 1868 1135 1899 ad
1161 1867 1323 1899 biennium
1351 1877 1367 1899 a
1393 1865 1609 1910 publicatione
1629 1866 1844 1909 praesentium

307 1932 424 1972 bricae,
460 1932 693 1975 cuiuscumque
728 1930 903 1973 dignitatis,
935 1936 1053 1970 status,

307 1981 423 2023 gradus
444 1986 474 2014 et
489 1980 679 2013 conditionis
701 1980 815 2017 forent,
838 1979 959 2012 etiamsi
978 1989 1056 2022 pon-

308 2029 415 2062 tificali
449 2029 599 2072 dignitate
619 2034 672 2061 aut
695 2028 911 2061 cardinalatus
931 2029 1055 2060 bonore.

308 2079 556 2122 prael'ulgerent,
588 2089 645 2122 per
674 2078 774 2110 dictos
794 2077 1057 2121 praedecessores

309 2133 339 2160 et
371 2138 429 2160 nos
461 2139 497 2161 ac
530 2127 644 2160 Sedem
678 2126 892 2170 Apostolicam
927 2132 1059 2159 eatenus

310 2176 484 2220 deputatis,
507 2187 543 2209 ac
563 2175 713 2208 omnibus
735 2175 1014 2208 commissionibus
1030 2180 1060 2208 et

311 2225 515 2257 tacultatihus
535 2225 579 2257 eis
600 2223 758 2257 concessis
777 2229 807 2256 et
828 2224 928 2263 sactis,
951 2225 1059 2266 cisque

311 2273 351 2305 ab
370 2273 555 2306 huiusmodi
572 2273 785 2316 praefectione
806 2278 836 2305 ct
859 2273 928 2305 aliis
949 2272 1060 2305 officiis

312 2332 348 2354 ac
369 2321 647 2364 commissionibus
671 2321 840 2361 absolutis,
872 2333 972 2354 unum
994 2323 1060 2355 col-

312 2370 444 2413 legium,
462 2371 617 2403 Fabrz‘cac
636 2371 721 2403 beata·
739 2371 873 2403 Pctridc
888 2371 1060 2403 Urlmnun-

313 2424 511 2467 cupandum,
534 2423 677 2456 omnium
694 2429 857 2456 oratorum
875 2423 1062 2457 christiano-

314 2483 386 2505 rum
406 2483 519 2515 regum
540 2478 571 2506 et
602 2473 786 2516 principum
808 2484 982 2515 rerumque
1005 2484 1061 2516 pu-

314 2522 472 2554 blicarum
499 2533 536 2555 ac
572 2522 772 2565 singularum
807 2521 993 2561 nationum,
1030 2522 1061 2553 in

314 2577 421 2604 nostra
448 2571 591 2604 Romana
623 2570 718 2603 Curia
746 2570 930 2614 degentium
956 2571 1061 2603 curia-

351 2630 361 2656 t
380 2629 459 2656 Dte-t
477 2629 543 2655 sorte
562 2632 698 2661 potestatis
713 2628 751 2662 (n.
772 2629 822 2663 T.).
859 2629 876 2654 2
902 2628 936 2655 Ut.
961 2627 987 2655 in
1006 2627 1063 2655 eius

312 2664 500 2693 constitutione
517 2672 556 2697 iii,
574 2672 632 2701 pag.
650 2665 683 2691 1⁸8
704 2662 782 2690 huius
802 2662 877 2691 tomi.

1099 1921 1263 1952 literarum
1276 1919 1307 1951 in
1317 1919 1411 1952 valvis
1431 1919 1533 1952 dictae
1555 1918 1723 1958 basilicae,
1744 1918 1846 1951 tribus

1098 1973 1210 2005 diebus
1231 1972 1391 2005 continuis
1408 1971 1563 2009 facienda,
1577 1971 1844 2015 computandum,

1099 2031 1127 2059 et
1148 2026 1262 2059 deinde
1282 2026 1321 2058 ad
1337 2031 1481 2058 nostrum
1495 2030 1529 2057 vet
1544 2024 1633 2057 Sedis
1647 2025 1846 2068 Apostolicae

1099 2079 1348 2122 beneplacitum,
1367 2090 1439 2112 cum
1456 2078 1715 2123 quibuscumque
1732 2078 1848 2111 utrius-

1099 2144 1162 2176 que
1187 2144 1280 2165 sexus
1305 2132 1584 2172 christifidelibus,
1614 2131 1848 2176 cuiuscumque

1101 2192 1217 2225 status,
1252 2186 1387 2229 gradus,
1423 2185 1562 2225 ordinis,
1599 2185 1791 2218 conditionis
1819 2191 1848 2218 et

1101 2239 1363 2283 praeeminentiae
1390 2238 1538 2279 existant,
1575 2244 1637 2271 tam
1657 2238 1848 2273 ecclesiasti-

1102 2294 1158 2333 cis,
1191 2293 1284 2325 ctiam
1306 2292 1479 2335 religiosis,
1514 2303 1610 2335 quain
1632 2291 1850 2325 saecularibus

1103 2358 1160 2390 per
1183 2352 1285 2379 totum
1306 2346 1417 2379 orbem
1438 2345 1629 2379 constitutis:

1141 2399 1160 2442 ξ
1181 2400 1210 2433 5.
1234 2400 1338 2443 Super
1352 2399 1611 2442 quibuscumque
1628 2400 1710 2432 male
1725 2397 1847 2437 ablatis,
1866 2404 1917 2441 ³¹³¹?
1933 2406 2006 2428 mars
2017 2406 2047 2426 iu.

1103 2452 1232 2486 incertis
1270 2454 1317 2486 vel
1360 2464 1418 2497 per
1451 2453 1630 2486 usurariam
1666 2452 1849 2496 pravitatem
1865 2441 1938 2464 ⁰⁶⁸¹*

1104 2506 1266 2550 quaesitis,
1288 2507 1383 2540 etiam
1403 2506 1498 2540 certis
1515 2517 1595 2550 quac
1617 2507 1797 2538 foenerator
1812 2505 1850 2537 ab

1105 2556 1166 2589 alio
1191 2556 1391 2589 foeneratore
1412 2556 1608 2595 extorsisset,
1631 2559 1661 2586 ct
1681 2564 1763 2596 quae
1784 2553 1850 2597 ipse

1104 2604 1276 2649 requisitus
1297 2615 1410 2638 usuras
1434 2605 1600 2638 restituere
1624 2608 1753 2648 paratus
1787 2612 1852 2636 uon

1103 2659 1196 2688 esset:
