2227 3001
146 262 198 289 An.
212 262 242 289 C.
263 261 329 290 151ιο

167 371 191 392 Et
207 372 326 394 contessio-

141 404 197 429 nate,

150 1118 175 1139 Et
200 1117 322 1139 facultatem

140 1149 262 1170 celebrandi
273 1152 322 1169 ante

139 1185 201 1209 diem,

172 1496 325 1522 Recitandique

140 1527 204 1547 horas
235 1527 326 1548 canoni-

141 1564 184 1583 eas,

155 1814 326 1841 Disponeudique

141 1847 166 1866 de
181 1845 243 1866 bonis
257 1845 328 1866 eet-to-

138 1877 241 1897 sinsiicis.

992 261 1110 286 PAULUS
1131 261 1165 285 ΙΙΙ
1186 261 1234 285 PP.

387 315 401 358 ξ
422 314 474 348 ⁶25.
511 314 546 347 Et
567 324 628 353 ne,
657 313 743 356 quod
765 313 865 355 absit,
889 314 1097 347 referendarii

342 368 415 413 ipsi,
438 372 571 412 propter
595 366 782 399 huiusmodi
795 366 929 409 gratiam
955 367 1002 399 vel
1023 377 1097 400 con-

342 420 519 455 cessionem
541 419 679 462 eligendi
699 420 916 453 consessorem
929 446 936 460 ,
959 419 1097 453 reddan-

341 480 394 507 tur
421 473 631 518 procliviores
663 473 701 505 ad
731 472 840 506 illicita
870 473 902 506 in
932 478 1096 517 posterum

340 526 590 565 committenda,
620 525 715 558 etiam
743 526 892 559 volumus
917 526 1004 569 quod
1031 525 1055 557 si
1081 537 1097 558 a

339 580 521 613 sinceritate
542 579 636 619 fidei,
659 579 780 612 unitate
806 579 909 612 dictae
934 580 1096 613 Romanae

338 633 499 667 Ecclesiae
519 644 556 666 ac
584 633 766 666 obedientia
791 638 821 666 et
848 633 1015 666 devotione
1038 643 1096 666 no-

338 692 402 719 stra
435 686 484 719 vel
514 696 739 719 successorum
773 691 960 719 nostrorum
998 697 1096 719 cano-

337 739 408 772 nice
436 738 626 771 intrantium
655 739 850 778 destiterint,
882 744 937 771 aut
961 749 999 772 ex
1019 750 1096 772 con-

336 791 469 825 fidentia
489 792 633 826 eiusdem
659 791 876 825 concessionis
909 792 957 825 vel
982 792 1095 825 remis-

338 845 437 879 sionis
446 846 555 889 aliqua
566 846 674 879 forsan
685 844 919 885 commiserint,
932 846 1096 878 concessio

338 904 369 932 et
384 899 530 933 remissio
542 900 725 943 praedictae
743 905 783 939 et,
800 899 988 943 quoadillas
1001 899 1096 932 dum-

337 958 430 994 taxat,
444 959 628 997 praesentes
644 953 755 986 literae
776 953 821 986 eis
834 953 1019 986 nullatenus
1030 952 1096 985 suf-

338 1007 515 1049 fragentur.

382 1060 396 1103 ἓ
417 1059 470 1093 QG.
493 1060 650 1104 Quodque
673 1059 798 1092 indulto
828 1058 1013 1092 celebrandi
1040 1070 1096 1092 seu

338 1112 495 1146 celebrari
515 1112 653 1146 faciendi
680 1117 753 1144 ante
774 1111 859 1144 diem
885 1122 981 1155 parce
1002 1117 1096 1144 utan-

338 1171 402 1206 tur,
425 1165 513 1209 quia,
537 1176 613 1199 cum
643 1165 675 1197 in
695 1164 805 1197 altaris
831 1163 1011 1197 ministerio
1036 1164 1097 1197 im-

339 1220 480 1252 moletur
504 1219 660 1252 Dominus
693 1223 802 1251 noster
830 1217 917 1250 Iesus
954 1217 1098 1252 Christus

338 1273 394 1306 Dei
414 1272 525 1313 Filius,
547 1273 603 1316 qui
624 1272 746 1305 candor
765 1277 811 1305 est
831 1272 914 1305 lucis
934 1277 1095 1312 aeternae,

340 1326 492 1369 congruit
507 1327 569 1359 hoc
585 1336 650 1359 non
670 1325 773 1358 noctis
784 1324 926 1358 tenebris
942 1325 1024 1366 fieri,
1043 1326 1098 1359 sed

340 1381 373 1413 in
388 1380 472 1413 luce.

384 1434 399 1477 g
420 1433 473 1467 27.
495 1434 540 1466 Ac
559 1433 647 1477 quod
668 1433 745 1465 dum
766 1432 895 1465 eosdem
916 1432 1099 1465 referenda—

340 1487 406 1521 rios
426 1487 539 1520 divinis
572 1486 685 1520 officiis
712 1485 744 1519 in
772 1485 935 1529 aliquibus
955 1486 1100 1519 ecclesiis

341 1541 511 1585 contigerit
531 1540 697 1580 interesse,
720 1539 813 1571 illum
835 1549 973 1579 morem,
995 1539 1098 1583 quiin

341 1595 461 1627 eisdem
482 1593 626 1627 ecclesiis
641 1592 863 1625 observabitur
883 1592 969 1625 circa
988 1593 1100 1625 huius-

341 1648 428 1681 modi
444 1649 540 1681 horas
567 1646 739 1680 canonicas
765 1646 929 1686 dicendas,
952 1646 1100 1679 studeant

341 1701 522 1736 observare.

385 1756 399 1799 ἓ
420 1755 472 1788 28.
496 1755 627 1788 Necnon
655 1759 702 1793 ut,
726 1754 758 1786 in
783 1753 974 1786 eorumdem
996 1754 1100 1786 eccle-

343 1809 546 1843 siasticorum
576 1808 784 1852 dispositione
810 1807 990 1847 bonorum,
1014 1808 1099 1840 iuxta

342 1863 554 1908 quantitatem
571 1861 703 1901 residui,
718 1871 793 1903 erga
814 1861 976 1899 ecclesias,
996 1872 1012 1893 a
1027 1861 1099 1904 qui-

340 1917 401 1950 bus
422 1917 534 1950 eadem
551 1915 770 1960 perceperint,
788 1926 821 1948 se
842 1914 991 1947 liberales
1011 1915 1099 1947 exhi-

341 1972 448 2011 beant,
471 1974 567 2014 prout
588 1968 783 2002 conscientia
813 1969 858 2001 eis
883 1968 1046 2001 dictaverit
1071 1975 1099 2001 et

341 2025 524 2058 animarum
553 2034 686 2056 suarum
716 2022 811 2055 saluti
843 2022 981 2055 viderint
1008 2033 1100 2066 cxpe-

342 2078 422 2119 dire;
452 2077 616 2121 quodque,
639 2078 664 2109 si
695 2076 898 2118 singulorum
924 2075 1099 2108 beneficio-

343 2142 416 2165 rum
445 2130 686 2175 praedictorum
720 2129 910 2172 simpliciter
933 2128 1099 2171 resignan-

342 2185 459 2218 dorum
480 2195 536 2217 seu
557 2194 697 2227 quorum
725 2182 926 2215 commendis
955 2182 1030 2215 dicti
1051 2193 1100 2215 rai·-

343 2237 516 2271 ferendarii
537 2243 565 2270 et
583 2237 635 2270 alii
648 2235 843 2280 infrascripti
861 2236 1027 2273 cesserint,
1045 2242 1098 2268 aut

343 2290 546 2324 dissolutioni
574 2290 733 2322 unionum
761 2289 999 2328 consenserint,
1032 2289 1099 2321 fru-

344 2350 425 2385 ctus,
448 2344 592 2377 redditus
607 2349 636 2376 et
658 2348 830 2386 proventus
849 2342 1101 2385 vigintiquatuor

345 2398 544 2432 florenorum
575 2397 645 2429 auri
670 2398 708 2430 de
737 2396 892 2436 Cantera,
921 2396 1099 2429 secundum

345 2461 553 2485 communem
580 2450 854 2491 aestimationem,
876 2450 1018 2482 valorem
1044 2461 1098 2482 an-

344 2511 447 2533 nuum
462 2499 629 2538 excedant,
647 2499 848 2532 conserentes
869 2499 964 2535 etilli,
983 2499 1102 2542 quibus

345 2550 564 2588 conferentur,
588 2548 645 2581 etsi
667 2559 704 2581 ex
724 2548 807 2581 dicta
837 2559 933 2581 causa
958 2548 1100 2591 resigna-

345 2598 448 2632 tiones
467 2597 654 2630 huiusmodi
675 2597 763 2637 fiant,
791 2607 826 2629 ac
851 2608 986 2630 suorum
1009 2602 1037 2630 et
1058 2597 1102 2629 eis

345 2658 381 2682 ex
401 2647 513 2681 eadem
535 2657 631 2680 causa
652 2647 844 2680 collatorum
865 2647 1101 2680 benefic-iorum

426 2701 500 2731 Bull-
522 2699 599 2731 Rom.
622 2699 676 2730 Vol.
699 2699 742 2730 Vl.
945 2700 982 2730 38

1786 250 1849 285 297

1140 311 1328 346 huiusmodi
1349 312 1485 352 fructus,
1511 310 1655 345 redditus
1675 316 1705 344 et
1725 318 1898 355 proventus

1140 367 1326 411 inaequales
1337 371 1367 399 et
1382 365 1512 398 maioris
1524 365 1638 398 valoris
1653 364 1784 403 suerint,
1802 365 1896 398 etiam

1140 420 1164 453 si
1185 420 1253 464 ipsa
1278 419 1454 464 aequalitas
1483 418 1737 462 vigintiquatuor
1756 418 1896 451 floreno-

1138 484 1212 506 rum
1247 473 1388 513 similes,
1425 472 1605 505 secundum
1639 471 1896 504 aestimationem

1140 526 1348 570 praedictam,
1357 536 1421 558 non
1433 524 1650 564 transcendat,
1662 524 1809 557 similiter
1818 535 1896 558 con-

1140 581 1277 612 ferentes
1299 578 1454 622 praedicti
1471 584 1501 611 et
1517 577 1574 618 illi,
1600 577 1719 621 quibus
1740 577 1899 611 beneficia

1139 632 1270 665 maioris
1289 632 1404 665 valoris
1424 630 1611 664 huiusmodi
1629 631 1745 663 collata
1765 630 1896 671 suerint,

1139 687 1177 719 de
1205 685 1392 719 nominibus
1422 691 1451 718 et
1472 684 1722 728 cognominibus
1743 694 1898 727 persona-

1139 749 1211 771 rum
1238 743 1268 771 et
1288 738 1523 772 beneficiorum
1558 737 1748 770 eorumdem
1769 748 1806 770 ac
1831 737 1898 771 die-

1139 793 1198 825 bus
1219 792 1377 824 factarum
1394 791 1603 824 collationum
1621 790 1807 824 huiusmodi
1824 801 1900 834 gen-

1138 851 1185 879 tes
1209 845 1361 878 Gamerae
1395 845 1596 888 Apostolicae
1625 849 1680 876 aut
1710 845 1900 878 collectores

1138 900 1186 932 vel
1217 899 1472 932 subcollectores
1505 898 1671 930 fructuum
1705 903 1736 930 et
1763 908 1899 941 proven-

1139 960 1232 986 tuum
1253 952 1359 986 eidem
1380 952 1532 986 Gamerae
1554 951 1751 991 debitorum,
1779 952 1811 984 in
1827 953 1899 996 qui-

1138 1007 1199 1039 bus
1232 1006 1294 1039 illis
1324 1017 1382 1049 pro
1410 1011 1557 1049 tempore
1592 1005 1782 1048 deputatos,
1818 1005 1901 1038 infra

1140 1059 1285 1099 unum,si
1300 1059 1388 1097 citra,
1405 1064 1435 1091 et
1450 1063 1514 1091 tres
1527 1068 1662 1097 menses,
1675 1057 1700 1090 si
1713 1058 1796 1091 ultra
1806 1069 1900 1092 mon-

1139 1118 1185 1145 tes
1206 1112 1394 1145 collationes
1422 1111 1510 1155 ipsae
1538 1111 1638 1144 factae
1660 1110 1790 1151 fuerint,
1814 1111 1901 1145 iuxta

1140 1165 1216 1199 Sixti
1236 1166 1273 1198 IV
1299 1171 1329 1198 et
1356 1164 1535 1198 Innocentii
1564 1165 1628 1197 wll
1658 1164 1898 1207 praedictorum

1140 1229 1239 1262 super
1258 1219 1319 1252 hoc
1340 1218 1571 1257 editasliteras,
1585 1217 1763 1251 certificare
1780 1228 1899 1262 procu-

1140 1277 1231 1312 rent,
1260 1272 1404 1316 alioquin
1434 1271 1593 1305 beneficia
1620 1271 1688 1315 ipsa
1715 1271 1759 1304 sic
1785 1272 1900 1305 collata

1139 1337 1252 1359 vacare
1273 1330 1466 1358 censeantur
1490 1336 1527 1358 eo
1549 1325 1630 1368 ipso.

1184 1380 1199 1423 ξ
1219 1379 1272 1412 029.
1296 1379 1426 1420 Verum,
1455 1379 1530 1422 quia
1556 1378 1686 1411 difficile
1707 1379 1789 1411 foret
1808 1387 1902 1422 prae-

1141 1437 1246 1465 sentes
1273 1432 1381 1465 literas
1410 1433 1449 1465 ad
1480 1432 1627 1475 singula,
1659 1431 1691 1464 in
1716 1431 1834 1475 quibus
1861 1431 1901 1464 de

1141 1485 1186 1519 eis
1215 1486 1294 1519 fides
1319 1487 1426 1518 forsan
1456 1485 1601 1518 facienda
1629 1486 1722 1524 foret,
1753 1485 1823 1517 loca
1849 1485 1901 1517 de-

1141 1540 1236 1579 ferre,
1260 1539 1408 1571 similiter
1422 1539 1572 1572 volumus
1588 1544 1617 1571 et
1633 1538 1746 1571 eadem
1762 1538 1901 1571 auctori-

1141 1599 1203 1626 tate
1220 1593 1427 1626 decernimus
1451 1593 1537 1636 quod
1567 1592 1711 1636 ipsarum
1736 1597 1900 1625 transum-

1142 1648 1213 1692 ptis,
1235 1658 1333 1681 manu
1354 1647 1470 1680 notarii
1487 1647 1609 1691 publici
1625 1647 1826 1691 subscriptis,
1839 1651 1896 1679 etc.

1141 1769 1260 1802 Forma
1283 1773 1389 1801 (tutem
1418 1769 1615 1807 iuramenti,
1647 1769 1729 1811 quod
1761 1769 1898 1805 notarii,

1188 1822 1374 1855 tabelliones
1404 1826 1434 1854 et
1464 1823 1594 1861 iudices,
1619 1832 1678 1865 per
1697 1822 1797 1854 dictos
1821 1822 1902 1863 refe-

1186 1876 1355 1908 rendarios
1366 1876 1509 1915 creandi,
1518 1875 1743 1918 praestabunt,
1756 1875 1830 1907 talis
1841 1879 1897 1907 est.

1186 1952 1200 1994 ξ
1220 1950 1273 1985 30.
1298 1952 1363 1993 Ego
1378 1951 1413 1983 N.
1430 1951 1469 1983 ab
1486 1951 1544 1983 hac
1567 1951 1646 1983 hora
1667 1950 1699 1982 in
1716 1955 1808 1982 antea
1824 1950 1900 1983 fide-

1142 2005 1180 2037 lis
1200 2011 1229 2037 et
1251 2004 1404 2037 obediens
1438 2015 1493 2037 ero
1513 2005 1606 2036 beato
1627 2004 1721 2036 Petro
1755 2008 1785 2036 et
1805 2003 1837 2036 S.
1860 2003 1896 2036 R.

1142 2058 1176 2090 E.
1201 2064 1229 2090 et
1258 2059 1293 2090 D.
1323 2058 1358 2090 N.
1383 2058 1417 2089 D.
1445 2058 1544 2090 Paulo
1566 2057 1670 2100 Papae
1696 2057 1734 2089 ΙΙΙ
1769 2057 1899 2100 suisque

1142 2107 1383 2139 successoribus
1409 2106 1564 2138 canonice
1594 2105 1808 2141 intrantibus:
1836 2117 1901 2139 non

1142 2167 1197 2188 cro
1224 2156 1256 2188 in
1285 2156 1419 2189 consilio
1447 2166 1521 2188 curn
1550 2155 1632 2194 alio,
1664 2165 1824 2187 consensu
1853 2157 1900 2188 vel

1143 2205 1244 2245 sacto,
1268 2210 1303 2237 ut
1329 2205 1424 2236 vitam
1445 2204 1581 2247 perdant
1614 2208 1669 2236 aut
1694 2204 1898 2243 membrum,

1143 2264 1199 2285 seu
1225 2253 1395 2297 capiantur
1421 2253 1504 2285 mala
1531 2252 1690 2295 captione.
1722 2252 1901 2286 Consilium

1142 2313 1215 2335 vero
1249 2302 1335 2345 quod
1365 2302 1445 2334 mihi
1470 2312 1529 2345 per
1556 2312 1589 2333 se
1622 2306 1677 2333 aut
1702 2301 1810 2334 literas
1844 2312 1899 2334 seu

1143 2351 1299 2384 nuncium
1311 2350 1571 2389 manifestabunt,
1586 2355 1616 2382 et
1627 2350 1665 2382 ad
1682 2361 1796 2382 eorum
1813 2350 1901 2383 dam-

1143 2411 1233 2440 num,
1257 2399 1525 2433 scienternemini
1542 2399 1694 2442 pandam.
1709 2399 1825 2432 sivero
1842 2399 1900 2431 ali-

1143 2449 1220 2491 quid
1241 2448 1279 2481 ad
1300 2448 1363 2481 mei
1392 2448 1539 2481 notitiam
1573 2447 1741 2491 pervenire
1771 2447 1900 2480 contin-

1143 2503 1204 2541 gat,
1226 2497 1312 2541 quod
1331 2497 1362 2529 in
1383 2497 1567 2540 periculum
1580 2496 1716 2529 Romani
1737 2496 1900 2529 Pontificis

1143 2552 1196 2579 aut
1218 2546 1377 2579 Ecclesiae
1398 2546 1562 2579 Romanae
1573 2550 1718 2588 vergeret
1732 2555 1788 2577 seu
1805 2555 1899 2587 grave

1144 2596 1311 2635 damnum,
1338 2595 1430 2635 illud,
1453 2605 1511 2638 pro
1532 2605 1637 2638 posse,
1660 2592 1852 2637 impediam;
1869 2599 1901 2627 et

1182 2660 1191 2685 ¹
1215 2660 1244 2685 In
1262 2661 1396 2692 partibas,
1414 2657 1530 2685 Cherub.
1551 2657 1587 2692 (n.
1606 2656 1657 2691 τ.).

1914 261 1961 286 ΑΗ.
1981 259 2008 285 C.
2030 259 2097 286 15ϋο

1961 1388 2021 1409 Fides
2041 1392 2101 1408 tran-

1916 1423 2052 1447 sumptorum.

1956 1960 2030 1981 Forma
2045 1962 2103 1981 iura-

1916 1993 1981 2013 menti
2007 1994 2103 2012 notario-

1915 2029 1960 2044 rum
1976 2029 1987 2043 a
2006 2023 2104 2043 referen-

1916 2055 1980 2075 dariis
2002 2055 2103 2075 creando-

1916 2091 1968 2106 rum.
