2227 3001
208 261 259 288 An.
278 259 306 288 C.
323 260 387 288 ¹55&

222 2054 317 2075 Pontifex
340 2054 386 2074 col-

201 2085 291 2106 lationes
317 2085 385 2106 bene-

202 2117 296 2136 ficiorum
319 2116 385 2136 tactas

201 2150 274 2166 cnuti-a
299 2147 385 2168 [orniam

201 2179 304 2198 :liciorum
332 2183 386 2199 con-

457 253 515 286 170

407 315 502 347 etiam
517 315 549 347 in
564 313 685 347 iurium
701 319 883 346 nostrorum
906 317 932 343 ct
955 310 1159 344 ciusd.Sedis

405 378 443 400 ac
452 366 595 407 illorum,
617 365 735 409 quibus
744 365 782 397 de
793 362 1042 407 ipsisbeneficiis
1053 361 1158 405 provi-

407 418 525 458 dimus,
547 423 603 451 aut
622 418 655 450 in
675 426 815 461 quorum
836 416 975 448 favorem
996 415 1074 447 alias
1093 414 1157 447 dis-

405 471 584 515 posuimus,
607 481 663 503 seu
685 468 846 512 provideri
867 472 897 500 et
917 466 1045 510 disponi
1065 477 1157 500 nian-

404 524 559 564 davimus,
582 533 674 566 grave
690 519 938 565 praeiudicium.
957 519 996 551 Et
1014 518 1159 562 quamvis

404 581 515 609 contra
525 578 787 618 praesumptores
798 576 826 604 et
848 571 1157 614 contemptoresliu-

403 628 542 662 iusmodi
561 628 594 660 in
620 627 721 666 bulla,
744 636 826 668 quae
842 623 1028 667 quotannis,
1049 624 1081 656 in
1107 623 1156 656 die
1177 642 1178 645 =

402 681 526 713 Cocnae
547 679 686 720 Domini,
704 679 743 711 de
758 688 848 711 inore
864 678 946 709 lecta
968 677 1037 717 fuit,
1050 677 1156 709 decla-

402 732 578 765 raverimus
598 736 626 764 et
639 730 804 775 protestati
824 728 982 763 fuerimus
1001 729 1104 772 quod,
1124 729 1155 761 iu

401 785 584 829 praemissis
605 790 635 818 et
658 784 728 817 aliis
748 782 1010 826 quibuscumque
1030 782 1156 815 iuribus

401 839 504 871 dictae
532 838 605 871 Sedi
631 843 658 870 et
686 837 716 869 S.
744 836 781 868 R.
808 835 843 869 E.
872 834 1101 878 undecumque
1126 840 1156 867 et

401 891 706 933 quomodocumque
717 887 868 932 quaesitis
882 898 938 920 seu
949 887 1152 930 quaerendis,

400 954 460 986 per
469 953 692 987 quoscumque
710 945 800 973 actus
815 939 994 973 contrarios
1004 944 1057 972 aut
1073 950 1154 983 quo-

400 995 574 1029 modolibet
595 994 873 1038 praeiudicantes,
898 992 1012 1025 tacitos
1031 993 1078 1025 vel
1101 1003 1153 1025 ex-

400 1059 542 1094 pressos,
563 1059 580 1081 a
599 1047 693 1081 nobis
710 1047 758 1080 vel
780 1046 820 1079 ab
841 1046 953 1079 eadem
974 1045 1055 1078 Sede
1071 1056 1152 1088 quo-

399 1102 574 1135 modolibet
596 1102 696 1133 factos
715 1100 763 1132 vel
781 1099 956 1137 faciendos,
974 1103 1026 1131 aut
1038 1109 1152 1141 quem-

399 1165 539 1198 cumque
566 1152 721 1197 temporis
744 1152 865 1184 fluxum
893 1152 940 1184 vel
968 1151 1152 1194 patientiam

397 1208 446 1240 vel
460 1206 663 1240 tolerantiam
684 1210 838 1245 nostram,
861 1203 954 1237 nobis
972 1209 1027 1237 aut
1048 1204 1152 1236 eidem

398 1260 472 1294 Sedi
492 1260 678 1293 nullatenus
697 1257 914 1302 praeiudicari
941 1257 1075 1297 debere,
1098 1262 1150 1289 aut

398 1312 639 1357 quomodolibet
651 1321 756 1355 posse:
766 1315 886 1349 tamen,
909 1309 990 1342 sicut
1009 1320 1074 1343 non
1085 1311 1151 1343 sine.

398 1366 497 1399 animi
516 1364 617 1398 nostri
645 1374 792 1396 moerore
812 1362 1047 1403 intelleximus,
1068 1373 1151 1395 non-

388 1418 479 1451 'nulli
488 1429 525 1451 ex
533 1416 795 1460 archiepiscopis,
806 1415 976 1459 episcopis,
988 1416 1149 1459 praelatis,

398 1471 601 1516 principibus
628 1476 655 1503 et
687 1469 825 1502 dominis
848 1468 1019 1511 praedictis
1045 1470 1151 1502 adhuc

398 1524 582 1569 praemissis
601 1524 754 1557 desistere
774 1532 838 1554 non
860 1527 1026 1561 curarunt,
1042 1533 1102 1556 nec
1113 1523 1150 1555 de

398 1576 559 1621 praesenti
570 1580 696 1616 curant,
707 1575 901 1618 quinimmo,
913 1575 999 1617 quod
1009 1575 1151 1609 deterius

398 1636 457 1671 est,
481 1641 522 1663 ne
542 1629 740 1674 provisiones
760 1628 955 1670 apostolicae
978 1629 1150 1663 admittan-

397 1689 462 1723 tur,
473 1693 532 1727 per
542 1693 599 1715 sua
609 1682 770 1716 mandata,
785 1681 877 1714 etiam
899 1681 1060 1724 poenalia,
1073 1693 1150 1725 pro-

388 1735 510 1768 hibere
540 1745 605 1768 non
625 1739 794 1771 verentur,
820 1734 850 1765 in
875 1733 1057 1766 animarum
1076 1745 1149 1767 sua-

398 1799 469 1821 rum
501 1798 595 1831 grave
624 1786 818 1830 periculum,
842 1792 869 1819 et
895 1787 1031 1819 alioruin
1056 1799 1150 1831 prae-

399 1843 537 1874 latorum
556 1851 592 1873 ac
603 1840 786 1883 principum
805 1840 1038 1872 catholicorum
1049 1840 1150 1873 dietae

398 1893 537 1927 nationis
557 1894 775 1937 perniciosum
793 1893 993 1935 exemplum,
1012 1898 1039 1925 et
1057 1904 1149 1926 scan-

399 1947 509 1979 dalum
529 1946 760 1991 plurimorum.
863 1938 866 1941 Δ

443 2000 496 2042 ἓέὶ.
509 2001 571 2033 Nos
590 2000 700 2042 igitur,
718 1999 772 2043 qui
794 2010 810 2031 a
828 1999 921 2031 dictis
931 2000 1148 2039 concordatis,

399 2063 481 2095 quae
509 2052 586 2085 olim
612 2053 773 2085 Romanae
804 2051 964 2084 Ecclesiae
991 2057 1019 2084 ct
1048 2052 1150 2085 dictae

400 2105 538 2137 nationis
566 2104 769 2144 homiuibus,
791 2114 850 2147 pro
870 2103 970 2148 ipsius
990 2104 1151 2137 Ecclesiae

401 2158 532 2201 unione,
545 2169 581 2190 ae
602 2169 680 2201 paee
701 2163 730 2190 et
750 2157 1076 2200 tranquillitateiuter
1092 2158 1150 2191 Ec-

1003 258 1182 284 DULLARIUM
1206 257 1355 281 nmtANt'M

1178 310 1181 345 Ι
1199 309 1366 342 beneficiis
1385 309 1556 353 praedietis
1576 320 1633 353 per
1665 319 1724 342 nos
1756 314 1809 342 aut
1833 309 1950 343 dictam

1178 347 1181 368 i
1200 362 1314 395 Scdem
1335 372 1392 395 seu
1414 362 1483 395 eius
1499 362 1688 395 auctoritate
1698 362 1862 405 provisum
1871 362 1949 396 exti—

1199 414 1235 446 tit
1245 419 1273 448 et
1285 414 1315 446 in
1325 415 1471 448 futurum
1492 414 1725 459 providebitur,
1736 426 1794 458 per
1813 415 1951 449 alicuius

1198 466 1355 509 temporis
1373 466 1495 498 fluxum
1527 477 1583 500 seu
1607 467 1748 510 aliquam
1765 467 1951 512 patientiam

1198 518 1246 551 vel
1266 518 1471 550 tolerantiam
1490 518 1725 561 praeiudicium
1747 519 1802 552 fiat
1828 525 1883 553 aut
1904 521 1950 553 fa-

1177 582 1178 611 3
1200 575 1287 603 ctum
1298 574 1479 610 censeatur,
1501 581 1539 603 ex
1558 571 1726 613 pastoralis
1736 571 1950 605 officiidehito

1176 612 1178 637 Ν
1199 623 1365 668 prox-idere
1385 623 1538 664 volentes,
1555 633 1591 656 ac
1612 624 1813 657 concordatis
1823 625 1950 667 praedi-

1198 675 1256 708 ctis
1277 675 1412 707 firmiter
1432 674 1647 715 inhaerentes,
1658 680 1750 708 motu
1770 677 1900 720 proprio
1920 682 1951 710 et

1197 739 1233 760 ex
1254 733 1363 761 nostra
1383 733 1510 760 matura
1535 727 1765 762 deliberatione
1793 740 1829 762 ac
1864 735 1950 763 certa

1197 781 1341 817 seientia,
1360 780 1548 813 auctoritate
1568 781 1755 824 apostolica,
1774 783 1812 815 de
1821 787 1950 826 aposto-

1196 834 1276 865 licae
1299 832 1463 876 potestatis
1483 833 1702 877 plenitudine,
1724 838 1836 868 tenore
1860 846 1950 878 prae-

1196 886 1333 919 sentium
1350 886 1552 919 declaramus
1561 891 1747 929 praetensas
1762 888 1950 921 collationes

1196 944 1225 972 et
1253 939 1330 971 alias
1365 939 1591 982 dispositiones
1623 939 1661 972 de
1689 939 1949 984 quibuscumque

1194 992 1362 1025 benefieiis
1383 991 1620 1031 ecelesiasticis,
1643 1002 1717 1024 cum
1735 1003 1814 1030 cura
1833 998 1866 1026 et
1880 994 1948 1027 sine

1195 1056 1285 1085 cura,
1305 1045 1398 1078 nobis
1418 1050 1445 1078 ct
1467 1045 1570 1078 dictae
1591 1045 1678 1085 Sedi,
1702 1051 1738 1078 ut
1752 1046 1946 1090 praefertur,

1194 1099 1374 1138 reservatis,
1393 1110 1450 1142 per
1470 1098 1743 1143 archiepiscopos,
1765 1096 1946 1144 episcopos,

1193 1152 1353 1195 praelatos
1385 1162 1422 1184 ac
1442 1152 1623 1185 saeculares
1647 1152 1810 1195 principes
1835 1158 1864 1186 et
1889 1154 1948 1187 do-

1193 1204 1297 1237 minos
1317 1214 1541 1247 quoscumque
1557 1204 1659 1237 dictae
1674 1204 1825 1246 nationis,
1841 1217 1899 1239 seu
1907 1207 1947 1240 ad

1193 1267 1305 1289 eorum
1316 1255 1608 1300 praesentationem
1618 1257 1666 1289 vel
1676 1256 1944 1299 nominationem,

1193 1309 1286 1342 etiam
1299 1320 1356 1352 per
1364 1308 1547 1341 ordinarios
1555 1308 1701 1352 ipsorum
1711 1300 1946 1344 beneficiorum

1193 1363 1363 1396 collatores
1380 1373 1396 1393 a
1411 1367 1557 1405 tempore
1572 1362 1675 1395 dictae
1692 1362 1881 1407 direptionis
1900 1364 1945 1398 ci-

1193 1422 1253 1455 tra,
1272 1421 1382 1448 contra
1409 1420 1553 1448 tenorem
1577 1421 1607 1448 et¹
1629 1415 1765 1449 sormam
1785 1416 1945 1451 dictorum

1192 1469 1462 1501 concord-‘uorum
1485 1468 1729 1511 quomodolibet
1749 1469 1848 1503 saetas
1865 1475 1896 1504 et.
1912 1470 1945 1504 in

1191 1525 1356 1565 posterum
1373 1521 1549 1561 faciendas,
1568 1522 1727 1564 personis,
1744 1522 1862 1565 quibus
1891 1528 1946 1557 aut

1190 1575 1223 1607 in
1251 1584 1389 1617 quarum
1419 1575 1559 1607 favorem
1589 1575 1689 1607 sactae
1721 1580 1796 1608 sunt
1829 1581 1886 1609 aut
1912 1576 1945 1610 in

1191 1633 1357 1671 posterum
1376 1628 1464 1666 sient,
1476 1627 1537 1661 nisi
1555 1627 1618 1660 sint
1626 1638 1685 1672 per
1698 1638 1758 1661 nos
1773 1633 1947 1663 autnostra

1190 1682 1239 1714 vel
1268 1681 1371 1714 dietae
1398 1681 1488 1714 Sedis
1512 1681 1702 1714 auctoritate
1729 1682 1943 1725 approbatae,

1191 1734 1317 1766 nullum
1334 1733 1464 1766 titulum
1485 1733 1533 1766 vel
1554 1734 1777 1778 coloremipsa
1789 1734 1946 1769 beneficia

1191 1786 1374 1829 possidendi
1395 1786 1546 1819 tribuisse
1573 1790 1628 1818 aut
1653 1786 1686 1818 in
1713 1786 1859 1820 futurum
1885 1788 1945 1821 tri-

1191 1838 1368 1878 bucre,sed
1389 1844 1419 1870 et
1434 1838 1506 1871 illos
1520 1849 1580 1882 pro
1600 1839 1703 1871 malae
1726 1839 1799 1872 fidei
1822 1850 1945 1883 posses-

1191 1891 1319 1923 soribus
1338 1896 1369 1923 et
1391 1901 1478 1923 mere
1499 1889 1629 1924 intrusis
1648 1891 1688 1923 ab
1716 1891 1867 1926 omnibus
1885 1893 1944 1926 ha-

1190 1943 1259 1976 beri
1275 1948 1305 1976 et
1326 1944 1462 1983 censeri,
1475 1954 1511 1975 ac
1532 1944 1656 1976 fructus
1671 1954 1729 1986 per
1738 1953 1792 1976 eos
1801 1944 1944 1989 exbene-

1192 1997 1273 2029 ficiis
1290 1996 1475 2029 huiusmodi
1493 2001 1662 2040 perceptos
1672 2001 1703 2029 et
1717 1997 1944 2042 percipiendos

1191 2050 1281 2083 nullo
1302 2060 1458 2093 uinquam
1478 2055 1623 2094 tempore
1647 2060 1722 2083 suos
1741 2049 1866 2091 facere,
1888 2053 1942 2096 sed

1967 256 2016 284 Αη.
2033 257 2061 284 C.
2082 257 2147 287 115514

1191 2103 1230 2135 ad
1251 2103 1380 2135 illorum
1401 2102 1635 2135 restitutionem
1656 2103 1690 2135 in
1712 2109 1852 2147 utroque
1872 2105 1942 2138 foro
1962 2136 1967 2139 e

1192 2154 1525 2198 efficaciterobligatos
1534 2165 1615 2194 esse,
1627 2159 1657 2188 et
1664 2156 1702 2188 ad
1710 2155 1842 2188 illorum
1852 2157 1943 2190 resti-

201 2209 333 2229 “³¹¹¹³¹⁰¹⁴·²“¹
355 2210 386 2243 if‘
401 2210 530 2243 etesiam
552 2217 582 2243 etv
603 2210 764 2243 nationem
791 2210 969 2253 praedictas
994 2216 1151 2253 perpetuo
1169 2211 1173 2264 ἒ
1190 2208 1361 2248 tutionem,
1383 2208 1423 2240 ad
1442 2218 1555 2240 eoi-um
1576 2218 1716 2251 quorum
1736 2208 1869 2243 interest
1885 2220 1942 2243 seu

202 2240 257 2263 uitat,
275 2242 294 2259 ct
311 2245 385 2265 prow-

200 2276 235 2290 =0s
251 2270 316 2289 mat-¹0
336 2270 384 2290 fidei
401 2263 574 2296 solidandis
594 2268 623 2295 et
640 2263 875 2302 conservandis,
903 2263 1030 2295 laudata
1042 2289 1049 2303 ,
1073 2274 1151 2295 eon-
1168 2266 1173 2307 g
1191 2261 1286 2295 etiam
1308 2260 1374 2293 fisci
1395 2260 1495 2293 nostri
1515 2260 1711 2301 instantiam,
1727 2261 1942 2296 omnibusviis

201 2306 345 2326 'lowen-010⁵,
363 2304 382 2321 ct

200 2337 222 2349 2.
265 2333 384 2352 „auuuo-
400 2317 486 2348 riusa
508 2321 539 2349 et
557 2321 688 2359 accepta
709 2316 849 2355 suerunt,
862 2315 1047 2347 nullatcnus
1061 2326 1149 2347 rccc-
1167 2310 1172 2357 ξ
1191 2314 1270 2347 iuris
1293 2320 1321 2346 et
1332 2313 1483 2346 remediis
1492 2311 1747 2358 conipelliposse
1771 2315 1940 2357 etdehere‚

399 2371 475 2403 dere
496 2369 703 2407 intendimus,
729 2379 768 2400 nc
789 2368 863 2401 dicti
889 2361 1172 2412 praesumptores}
1191 2373 1222 2400 et
1241 2378 1296 2400 eos
1322 2367 1412 2399 nullo
1433 2377 1588 2411 umquam
1614 2372 1760 2412 tempr
1783 2368 1942 2402 beneficio

399 2429 427 2456 et
456 2427 706 2466 contemptores,
727 2427 780 2453 aut
809 2432 867 2465 per
894 2432 948 2454 eos
992 2421 1023 2453 in
1059 2421 1151 2453 dietis
1189 2420 1377 2463 regularum
1398 2420 1437 2452 de
1455 2420 1563 2453 annali
1586 2426 1618 2453 et
1636 2421 1717 2455 trien
1747 2420 1788 2455 ali
1805 2422 1942 2466 pacifico

199 2368 246 2382 ueni
280 2363 383 2383 [ruentum

199 2394 267 2414 lent-ri
277 2395 383 2416 decernit:

396 2471 562 2505 beneficiis
582 2469 696 2504 intrusi
717 2481 753 2501 cx
773 2470 959 2502 huiusmodi
981 2471 1150 2502 temeraria

391 2521 659 2564 ‘praesumptione
679 2518 809 2562 gloriari
828 2519 965 2557 valeant3
990 2528 1069 2551 neve
1090 2518 1149 2562 ipsi

1190 2479 1372 2512 possessore
1391 2469 1531 2512 gaudere
1547 2469 1689 2513 potuisse
1708 2475 1767 2504 aut
1782 2481 1888 2515 posse.
1915 2473 1920 2477 ’

1167 2517 1172 2561 ξ
1233 2517 1248 2558 ξ
1268 2516 1298 2550 3.
1321 2517 1385 2550 Illis
1404 2528 1478 2550 vero
1497 2518 1616 2560 quibus
1636 2519 1747 2552 eadem
1770 2516 1938 2561 beneficia,

1961 2536 2055 2560 Provisis
2067 2541 2137 2561 autem

395 2568 751 2602 intrusiexadulterinis
767 2565 880 2599 eoriiin
901 2567 999 2599 titulis
1008 2567 1149 2609 aliquem
1167 2567 1171 2609 ξ
1188 2576 1248 2610 per
1267 2575 1325 2598 nos
1344 2570 1396 2598 aut
1420 2566 1610 2600 auctoritate
1629 2573 1738 2600 nostra
1761 2568 1810 2601 vel
1837 2568 1940 2603 diotae
1952 2575 1964 2589 ’¹
1978 2569 2034 2591 ΜΘ
2044 2570 2138 2598 Aposto-

1953 2599 2002 2626 liea‚
2012 2601 2070 2623 luxu
2077 2605 2138 2625 teno-

394 2617 539 2651 fructum
568 2622 728 2660 reportent
743 2629 751 2656 3
779 2626 837 2648 nec
862 2616 944 2656 illis,
966 2615 1083 2659 quibus
1110 2615 1150 2648 de
1166 2619 1172 2661 ξ
1189 2613 1291 2654 Sedis,
1308 2619 1418 2646 tenore
1436 2620 1468 2647 et
1481 2615 1586 2648 forma
1601 2615 1999 2654 concordatorumhu-nm
2015 2633 2137 2656 concord..
