2227 3001
56 267 106 298 An.
124 268 151 296 C.
172 269 238 298 ¹550

254 321 405 356 abbatiali
445 321 494 354 vel
535 320 646 364 quavis
689 321 751 353 alia
789 321 1008 353 ecclesiastica

254 387 311 409 seu
337 375 503 408 mundana
530 374 683 417 dignitate
718 375 960 418 praefulgeant,
984 375 1008 406 si

254 439 308 462 eos
330 429 362 461 in
383 428 468 461 dicta
494 427 588 460 Curia
609 438 666 460 seu
694 428 763 460 eius
784 428 930 461 districtu
952 428 1008 460 de-

253 482 367 515 cedere
388 481 569 524 contigerit,
591 481 630 514 dc
651 481 802 513 omnibus
822 488 850 514 et
877 481 1010 524 singulis

254 546 367 568 eorum
395 534 634 573 immobilibus,
658 534 831 567 mobilibus
852 540 883 567 et
903 545 1008 567 semo-

252 589 399 622 ventibus
415 588 525 628 bonis,
549 587 711 632 pecuniis,
736 588 910 626 iocalibus,
934 588 1010 620 inri-

253 643 324 681 bus,
344 642 538 682 actionibus,
557 647 585 674 et
607 642 645 674 de
667 643 764 674 rebus
789 641 859 673 aliis
877 641 908 673 in
927 641 1009 674 dieta

254 696 333 728 urbe
355 700 383 727 et
409 695 479 728 eius
507 695 654 727 districtu
682 706 740 738 pro
766 700 910 738 tempore
932 705 1009 727 eon-

254 748 449 788 sistentibus,
467 754 497 781 et
515 759 572 792 per
583 759 650 788 eos,
664 748 759 781 etiam
776 760 812 781 ex
838 748 1008 787 fructibus,

253 801 432 835 redditibus
467 806 498 834 et
531 802 740 845 proventibus
774 801 1007 841 eeclesiarum,

254 855 526 888 monasteriorum
547 860 577 888 et
598 855 832 888 beneficiorum
858 855 1010 887 ecclesia-

253 909 422 949 sticorum,
440 919 515 941 cum
533 920 611 941 cura
631 914 659 941 et
682 909 749 941 sine
767 919 856 944 cura.
869 910 1011 941 saecula-

253 962 339 994 rium
360 967 389 995 et
411 961 600 1005 quorumvis
619 961 776 995 Ordinum
796 962 1008 1004 regularium,

253 1016 561 1059 quomodocumque
582 1020 613 1047 et
633 1015 914 1058 qualitercumque
935 1026 1011 1058 qua-

254 1068 447 1102 lificatorum
463 1095 470 1109 ,
488 1080 546 1112 per
566 1079 632 1109 eos,
664 1068 759 1101 etiam
787 1079 824 1101 ex
844 1068 1011 1111 quibusvis

253 1122 518 1155 concessionibus
529 1127 560 1154 et
574 1121 1011 1165 dispensationibns-aposto—

253 1175 334 1216 licis,
357 1176 389 1208 in
409 1175 540 1208 titulum
564 1175 612 1207 vel
633 1174 858 1207 commendam
885 1179 939 1206 aut
959 1174 1012 1206 ad-

254 1228 523 1261 ministrationem
565 1239 621 1261 seu
658 1228 737 1260 alias
765 1227 1008 1271 ‹iplomodolibet

253 1283 473 1321 obtentorum,
487 1286 542 1314 aut
556 1282 634 1314 alias
645 1281 748 1324 (licite
765 1282 886 1323 tamen)
902 1281 1012 1324 aequi-

253 1336 332 1375 sitis,
355 1335 592 1378 cuiuscumque
613 1334 812 1378 quantitatis,
835 1334 1009 1377 (puilitatis,

253 1400 411 1429 summae,
434 1388 550 1421 valoris
567 1394 596 1421 et
622 1388 717 1431 pretii
735 1399 791 1419 seu
818 1388 1012 1420 conditionis

253 1442 400 1479 existant,
423 1442 519 1475 etiam
537 1442 563 1474 si
592 1441 664 1474 talia
692 1441 750 1473 sint
774 1452 855 1484 quae
881 1442 941 1473 sub
961 1452 1012 1484 ge-

254 1496 355 1528 nerali
369 1496 542 1528 verborum
563 1495 768 1538 expressione
787 1505 849 1526 non
868 1506 1013 1538 eompre-

253 1549 451 1589 hendantur,
474 1549 528 1581 sed
561 1548 691 1592 speciali
724 1553 797 1579 nota
815 1547 911 1589 digna
937 1549 1010 1584 sint,

255 1608 318 1635 tam
340 1602 512 1635 donatione
530 1601 614 1634 iuter
624 1601 708 1633 vivos
725 1606 751 1633 et
772 1612 868 1633 causa
887 1601 1010 1639 mortis,

254 1667 352 1699 quam
386 1661 578 1689 testamento
593 1683 600 1695 ,
638 1654 812 1694 codicillis,
844 1654 1012 1688 fideicom-

255 1709 371 1749 missis,
390 1709 502 1752 legatis
518 1715 548 1742 et
564 1709 676 1753 quavis
691 1709 753 1741 alia
774 1708 885 1740 ultima
903 1709 1013 1741 volun·
1033 1721 1035 1743 ς

255 1768 329 1803 tate,
349 1763 380 1795 in
398 1763 537 1795 savorem
559 1762 876 1804 consanguineomm
897 1766 924 1793 et
943 1762 1013 1794 assi-

254 1815 344 1848 nium
363 1826 511 1856 suorum,
530 1827 567 1848 ac
584 1815 772 1858 quarumvis
788 1814 924 1847 aliarum
944 1826 1013 1858 per-

254 1880 421 1907 sonarum,
444 1870 540 1903 etiam
563 1869 691 1912 penitus
710 1875 956 1905 extranearum,
977 1880 1012 1901 ae

254 2084 390 2125 riorum,
412 2096 449 2118 ac
470 2084 682 2127 collegiorum
705 2089 735 2117 et
753 2083 1010 2121 universitatum,

253 2139 466 2171 eeclesiarum
500 2144 529 2171 et
559 2139 689 2182 piorum
717 2138 864 2170 locorum
897 2143 924 2169 et
947 2148 1011 2169 non

254 2192 383 2235 piorum
395 2192 579 2235 disponere;
592 2203 628 2224 ac
640 2191 728 2224 ineis
738 2191 1008 2233 consangunwos,

253 2245 365 2279 affines
389 2252 419 2278 et
441 2246 568 2289 quasvis
583 2245 661 2278 alias
678 2255 832 2289 personas
852 2255 887 2276 ae
907 2249 1009 2284 natos,

253 2299 362 2339 etiam,
385 2304 419 2331 ut
440 2299 638 2342 praefertur,
661 2303 860 2342 procreatos,
884 2308 1010 2330 necnon

254 2352 408 2396 collegia,
446 2353 687 2393 universitates,
720 2352 872 2385 ecelesias
898 2357 928 2383 et
958 2352 1010 2395 pia

254 2406 336 2445 loca,
355 2406 509 2440 haeredes
524 2406 738 2450 particulares
754 2410 782 2438 et
801 2405 1007 2442 universales,

254 2471 312 2503 pro
332 2460 424 2493 libito
441 2471 556 2493 eorum
578 2459 763 2499 voluntatis,
787 2458 953 2491 instituere
972 2457 1008 2489 li—

253 2510 329 2542 bere
350 2515 381 2542 et
398 2509 485 2542 licite
501 2510 637 2542 valeant.

298 2559 312 2601 ξ
332 2558 363 2590 2.
386 2558 543 2602 Quodque
563 2558 589 2590 si
609 2558 704 2591 Urbis
724 2557 862 2595 incolae,
881 2561 935 2589 aut
950 2555 1009 2588 Cu-

69 2622 239 2648 Successioime-
254 2607 335 2640 riam
363 2607 551 2640 huiusmodi
586 2612 755 2650 sequentes
789 2607 828 2639 ab
863 2606 1009 2638 intestato

57 2657 129 2678 ’.Μ’
144 2658 164 2679 ¹¹¹
178 2658 240 2680 ¹¹⁰¹¹ff¹
255 2657 462 2698 decesserint,
474 2668 586 2689 eorum
597 2657 692 2696 bona,
705 2656 872 2699 pecuniae,
886 2655 1008 2694 iot-alia,

922 267 1022 291 it‘LtL's
1048 266 1081 290 ΙΙΙ
1102 266 1150 290 PF.

1698 254 1763 288 413
1820 264 1869 290 An.
1888 263 1917 290 c.
1937 263 2006 291 {550

1052 319 1134 359 iura,
1158 318 1299 351 actiones
1327 322 1357 350 et
1377 327 1428 350 res
1447 316 1657 357 huiusmodi,
1681 327 1747 349 non
1768 317 1808 350 ad
1822 320 1938 343 ⁰¹¹¹1³¹³¹¹¹¹¹=
1969 325 2008 340 2¹·

1053 379 1111 401 nos
1139 373 1169 400 et
1198 378 1256 411 pro
1281 372 1427 410 tempore
1450 365 1619 398 existentes
1646 365 1809 399 Romanos
1822 350 2008 408 333333532350'-

1052 416 1223 449 Pontifices
1238 421 1293 449 aut
1316 416 1484 448 Cameram
1505 414 1734 457 Apostolicam,
1753 415 1808 447 sed
1823 413 1905 432 ⁵²⁰¹¹·‘³·

1052 466 1090 498 ad
1125 466 1270 509 ipsorum
1307 476 1365 508 pro
1403 470 1548 508 tempore
1583 463 1807 496 decedentium

1052 514 1265 557 proximiores
1284 519 1416 557 agnatos
1432 519 1463 546 et
1482 513 1573 552 alios,
1595 512 1651 556 qui
1672 512 1729 552 eis,
1748 512 1808 545 nisi

1052 563 1234 596 beneficiati
1256 569 1378 601 essent,
1401 562 1439 595 de
1467 562 1537 594 iure
1558 560 1732 593 succedere
1753 561 1809 593 de-

1052 612 1176 651 berent,
1196 612 1284 651 alias,
1308 612 1392 644 iuxta
1410 611 1490 643 iuris
1505 609 1689 643 communis
1704 609 1811 652 dispo-

1052 655 1213 696 sitionem,
1231 656 1331 689 libere
1352 657 1572 694 devoti-annu:
1594 665 1653 687 nec
1674 664 1732 697 per
1751 653 1809 686 Ca—

1053 715 1176 737 meram
1202 705 1404 749 praefatam,
1433 709 1489 736 aut
1518 713 1576 746 pro
1603 714 1640 735 ea
1664 707 1807 745 agentes,

1053 753 1148 785 etiam
1169 759 1334 797 praetextu
1357 753 1467 795 lquod
1489 751 1588 795 aliqui
1609 751 1731 784 eisdem
1754 750 1810 783 de-

1053 802 1170 834 functis
1190 802 1345 845 sanguine
1367 800 1531 833 coniuncti
1547 800 1579 832 in
1597 800 1709 833 eadem
1730 800 1810 832 urbe

1052 862 1117 884 non
1138 852 1355 895 reperiantur,
1378 851 1425 883 vel
1441 850 1518 882 alias
1535 855 1654 882 temere
1670 848 1810 892 2dilapi-

1054 900 1190 932 dationis
1210 901 1384 939 bonorum,
1407 898 1634 943 pecuniarum,
1657 897 1811 930 ioealium

1053 954 1079 980 et
1099 960 1209 982 rernm
1225 949 1412 981 huiusmodi
1428 947 1582 991 occupari
1603 952 1655 979 aut
1673 947 1813 979 inventa—

1054 998 1129 1030 riari
1151 998 1291 1042 possint·,
1314 997 1369 1030 sed
1397 997 1421 1029 si
1442 996 1598 1028 haeredes
1619 995 1752 1038 praefati
1779 994 1811 1027 in

1054 1045 1147 1078 Curia
1168 1057 1233 1079 non
1255 1046 1392 1082 suerint,
1416 1051 1469 1077 aut
1491 1044 1591 1088 aliqui
1617 1044 1737 1077 eisdem
1754 1055 1812 1087 pro

1055 1100 1199 1138 {empore
1228 1094 1387 1126 defunctis
1415 1093 1571 1135 sanguine
1593 1092 1758 1125 coniuncti
1780 1092 1812 1124 in

1056 1143 1138 1176 Urbe
1155 1154 1219 1175 non
1239 1143 1461 1186 reperiantur,
1481 1148 1509 1174 et
1527 1147 1604 1174 tunc
1625 1147 1655 1173 et
1675 1152 1712 1173 eo
1735 1152 1811 1173 casu

1055 1193 1137 1224 bona
1159 1198 1187 1224 et
1214 1192 1372 1236 pecuniae
1398 1203 1434 1224 ac
1461 1192 1523 1223 alia
1546 1189 1733 1222 huiusmodi
1755 1200 1813 1232 per

1054 1241 1092 1273 ad
1114 1241 1143 1273 id
1164 1252 1223 1285 pro
1248 1247 1395 1284 tempore
1416 1240 1587 1283 deputatos
1609 1239 1812 1281 singularum

1055 1290 1238 1326 rationum,
1262 1301 1400 1334 quarum
1423 1289 1482 1334 ipsi
1510 1288 1653 1321 defuncti
1674 1288 1811 1326 suerint,

1054 1340 1353 1382 apprehendantur,
1372 1345 1399 1371 et
1423 1339 1508 1370 iuxta
1522 1338 1600 1370 iuris
1612 1338 1748 1369 sormam
1764 1336 1813 1368 in-

1054 1390 1283 1425 ventarientur,
1312 1395 1342 1422 et
1376 1389 1435 1421 sub
1452 1388 1538 1420 fideli
1574 1387 1721 1420 custodia
1755 1397 1813 1429 pro

1055 1439 1173 1472 eisdem
1196 1439 1391 1472 haeredibus
1412 1441 1655 1470 conserventur.

1099 1488 1113 1530 ξ
1133 1487 1165 1520 3.
1187 1488 1369 1520 Districtins
1390 1487 1572 1519 inhibentes
1592 1484 1716 1518 dilectis
1740 1484 1813 1517 siliis
1829 1496 2014 1517 ninimsocmn..

1057 1537 1212 1568 moderno
1246 1542 1274 1568 et
1311 1547 1370 1580 pro
1403 1542 1549 1578 tempore
1578 1534 1724 1567 existenti
1759 1545 1812 1566 ea·
1827 1528 1931 1580 ξ’[ἷζζζῇῗζ
1961 1527 2014 1585 [ξξῖ

1056 1586 1195 1618 merario
1226 1590 1335 1618 nostro
1366 1591 1396 1618 ct
1430 1584 1556 1618 clericis
1586 1583 1731 1615 eiusdem
1753 1582 1811 1616 Ca-
1827 1590 1916 1625 Usticae
1939 1591 2016 1611 inobe-

1056 1645 1162 1667 merae
1201 1634 1479 1677 praesidentibus,
1512 1644 1548 1665 ac
1586 1632 1656 1664 aliis
1695 1631 1813 1665 nostris
1828 1622 1919 1641 ‘mm‘

1056 1688 1085 1715 et
1107 1684 1200 1716 Urbis
1224 1695 1259 1716 ac
1289 1683 1403 1716 Curiae
1425 1682 1663 1726 praedictarum
1690 1682 1812 1714 officia-

1057 1732 1156 1771 libus,
1184 1743 1310 1765 necnon
1337 1732 1568 1770 ecelesinrum,
1600 1730 1813 1763 monasterio-

1057 1793 1127 1813 rum
1150 1787 1180 1812 et
1201 1781 1436 1814 beneficiorum
1458 1780 1700 1824 llnnedictorum
1723 1790 1814 1823 prae-

1057 1831 1138 1867 latis,
1162 1831 1324 1873 capitulis,
1344 1829 1555 1862 ti·‹3›uventibus
1571 1834 1598 1861 et
1619 1828 1812 1865 rectoribus,

1033 1889 1034 1906 ³
1055 1892 1091 1911 ac
1115 1881 1167 1912 illa
1195 1892 1254 1922 pro
1291 1885 1437 1922 tenmore
1465 1878 1709 1917 obtinentilnis,
1733 1889 1815 1921 quo-

253 1924 291 1956 de
313 1924 438 1956 iuribus
459 1923 676 1968 incapacium,
700 1934 754 1955 seu
772 1922 849 1955 alias
872 1922 1013 1965 prohibi·
1033 1935 1034 1938 ¹

254 1983 372 2019 tarum,
396 1978 492 2011 etiam
513 1977 669 2012 divitum,
692 1976 872 2020 potentium
895 1988 930 2008 at·
960 1987 1035 2008 lia-1

253 2037 359 2063 torum
397 2042 531 2064 suorum
566 2030 810 2073 illegitimorum
845 2041 898 2061 seu
935 2026 1034 2078 spu-2

1032 2077 1166 2109 *dentes
1200 2077 1233 2108 in
1261 2076 1342 2109 dicta
1371 2076 1450 2108 urbe
1483 2075 1530 2107 rel
1556 2075 1637 2107 inl'ra
1668 2074 1737 2107 eius
1766 2075 1816 2107 di-

1056 1939 1196 1972 vumque
1208 1929 1338 1961 nomine
1350 1933 1595 1970 nuncupentur,
1606 1938 1645 1959 ne
1658 1926 1812 1965 debonis,

1056 1978 1214 2021 pecuniis,
1235 1978 1404 2015 meatibus,
1428 1977 1565 2015 iuribus,
1588 1976 1770 2008 actionibus
1786 1982 1812 2008 et

1058 2028 1164 2063 rebus,
1188 2038 1246 2071 per
1265 2027 1435 2070 episcopos
1456 2036 1515 2069 pro
1550 2031 1696 2068 tempore
1720 2025 1815 2058 dece-

1056 2125 1216 2162 strictum,
1244 2131 1274 2157 ut
1299 2126 1493 2168 praefertur,
1518 2134 1575 2167 pro
1597 2128 1742 2167 tempore
1767 2134 1817 2156 re-

1056 2175 1149 2212 lictis,
1172 2186 1204 2207 se
1226 2175 1453 2214 intromittere,
1468 2178 1519 2206 aut
1550 2173 1602 2205 illa
1628 2178 1738 2216 petere
1759 2184 1813 2205 seu

1055 2224 1235 2261 vendicare,
1254 2224 1301 2256 vel
1317 2223 1473 2255 haeredes
1493 2228 1520 2255 et
1543 2233 1746 2255 successores
1763 2222 1815 2255 de-

1055 2272 1239 2304 cedentium
1252 2283 1466 2315 personarum
1478 2271 1664 2303 huiusmodi
1683 2271 1813 2304 illorum

1054 2321 1224 2354 occasione
1252 2320 1425 2365 impetere,
1449 2332 1503 2353 seu
1533 2320 1610 2353 alias
1634 2320 1813 2363 quomodo-

1054 2372 1131 2403 libet.
1164 2371 1334 2404 molestare
1364 2376 1585 2414 praesumant.
1623 2370 1666 2402 Ac
1701 2370 1812 2402 decer-

1054 2426 1165 2452 nentes
1186 2431 1221 2452 ex
1243 2430 1330 2452 nunc
1350 2419 1478 2452 irritum
1500 2424 1531 2451 et
1558 2419 1652 2451 inane
1679 2418 1703 2451 si
1722 2429 1815 2451 secus

1054 2480 1152 2512 super
1172 2469 1209 2501 iis
1237 2480 1253 2501 a
1277 2480 1456 2513 quoquam,
1478 2468 1590 2512 quavis
1612 2468 1819 2505 auctoritate,

1093 2529 1099 2552 l
1125 2528 1201 2560 Quod
1229 2527 1495 2560 linei-etles1›r‹1esuli
1521 2530 1547 2552 [ιι
1577 2529 1659 2552 Curia
1682 2530 1744 2551 tunc
1771 2533 1823 2550 ηοιι

1053 2574 1179 2603 existunt,
1194 2576 1239 2598 unt
1257 2575 1325 2604 qnod
1341 2574 1425 2604 ulique*
1440 2575 1503 2600 etit,
1531 2571 1618 2596 (Iberu
1628 2570 1653 2596 b.
1672 2570 1711 2604 (u.
1733 2569 1785 2604 T.).

1087 2617 1103 2642 *2
1121 2617 1181 2650 Leg.
1200 2616 1216 2642 s.
1234 2619 1328 2642 timore
1342 2617 1399 2643 loco
1411 2620 1520 2647 temere:
1534 2615 1652 2641 Cherub.
1670 2614 1728 2649 legit
1749 2617 1821 2639 tem-

1053 2670 1116 2694 [mre
1135 2661 1172 2696 (n.
1194 2661 1244 2696 r..)
