2227 3001
206 281 257 310 An.
274 283 302 309 C,⁴
324 282 388 308 1528

224 1834 328 1857 Ollit'mlc*
346 1839 393 1860 ηπ·

212 1867 308 1886 dit-eatur
335 1867 354 1884 {n
367 1864 395 1885 lo-

213 1898 243 1916 eis
258 1895 332 1919 ollieii,

214 1933 256 1946 rum
271 1927 396 1946 commissu«

214 1964 244 1978 vio
269 1963 280 1977 a
294 1956 395 1977 Ponunce

214 1988 332 2014 deputando
349 1987 357 2006 1
376 1990 396 2007 et

214 2020 260 2038 aliis
285 2017 318 2037 hir
342 2018 397 2038 ludi-

214 2051 274 2070 catis

455 269 514 303 1⁹2ss

446 331 512 374 §a
547 330 608 362 Nos
642 325 828 370 cupientes,
864 326 961 366 prout
989 332 1024 353 ex
1049 318 1155 351 debito

225 391 273 410 ¹1¹·2»
293 391 388 425 ranan-3
404 383 503 429 ipsius
523 380 690 427 pastoralis
711 377 806 411 officii
827 382 987 414 tenemur,
1019 372 1102 406 felici
1127 377 1152 403 el

206 423 298 473 {st'fnt'ff'i
313 425 346 472 1¹¹1¹I
352 422 388 473 3¹1¹.-

207 485 272 503 tlrmat
289 487 309 503 et
325 485 389 504 mudi—

206 517 252 533 lwat
265 515 297 534 his
314 516 386 535 ιιιῡιΙὶἓ.

206 545 312 564 xijelwl

403 436 576 480 tranquillo
599 432 746 476 regimini
777 435 805 463 et
840 427 1001 462 successui
1036 437 1070 459 ae
1107 425 1155 457 in-

403 488 567 522 demnitati
590 487 785 531 populorum
802 481 1053 526 praedictorum,
1076 489 1156 522 quos

404 543 437 574 in
456 541 630 574 visceribus
651 538 792 581 gerimus
827 534 986 573 caritatis,
1023 537 1155 575 paterno

402 596 519 629 affectu
539 594 720 638 providere,
751 601 787 623 ac
817 600 870 623 eos
896 599 914 620 a
933 585 1099 619 laboribus
1127 589 1157 617 et

403 648 567 693 expensis,
603 650 759 690 quantum
783 650 965 686 possumus,
1001 638 1153 677 relevare,

402 701 509 733 habita
536 710 634 743 super
653 698 718 738 liis,
746 705 820 729 cum
840 691 1077 727 venerabilibus
1098 691 1156 722 fra-

401 754 503 786 tribus
524 752 640 785 nostris
660 754 788 784 sanctae
813 749 975 781 Romanae
996 743 1156 778 Ecclesiae

402 806 630 843 cardinalibus,
661 810 787 836 matura
803 800 1045 839 deliberatione,
1068 803 1096 830 et
1119 797 1157 829 de

403 870 516 893 eorum
542 858 686 891 unanimi
716 856 851 889 consilio
871 860 903 888 et
921 864 1065 891 assensu,
1097 856 1157 884 sta-

401 918 507 946 tutum
527 918 557 945 et
590 911 827 945 ordinationem
849 920 883 941 ar
908 907 1095 940 mandatum
1128 909 1158 937 et

402 967 542 1010 desuper
562 966 722 999 confectas
742 963 849 996 literas
875 960 946 994 Iulii
969 959 1156 1003 praedeees-

402 1019 484 1052 soris
500 1018 698 1057 huiusmodi,
721 1027 848 1050 necnon
865 1014 972 1048 omnia
988 1018 1015 1045 et
1033 1012 1158 1055 singula

402 1072 435 1105 in
455 1073 574 1106 eisdem
595 1072 696 1106 literis
716 1075 879 1109 contenta,
909 1068 969 1101 sub
993 1066 1159 1099 modifica-

404 1125 487 1160 tione
508 1126 727 1169 infrascripta,
750 1122 940 1157 auctoritate
962 1118 1156 1164 apostoliea,

404 1186 514 1214 tenore
535 1179 766 1224 praesentium,
789 1175 1008 1220 approbamus
1024 1178 1054 1206 et
1069 1172 1160 1205 inno-

403 1245 526 1273 vamus,
548 1238 579 1266 et
599 1236 755 1277 perpetua
774 1229 900 1269 roboris
922 1226 1070 1260 firmitate
1087 1225 1159 1258 sub-

404 1288 533 1325 sistere,
569 1298 605 1320 ae
632 1287 763 1330 plenum
796 1284 945 1317 effectum
975 1281 1094 1320 sortiri,
1130 1285 1158 1313 et

404 1342 540 1374 tirmiter
560 1345 729 1385 perpetuo,
762 1344 824 1371 tam
850 1348 909 1382 per
928 1336 1159 1380 gubernatores

405 1400 435 1428 et
470 1396 686 1427 loeatenentes
716 1404 752 1425 ae
773 1391 951 1431 auditores,
988 1389 1111 1421 iudices
1131 1394 1157 1419 et

406 1447 484 1480 alios
513 1447 686 1487 officiales,
717 1456 815 1488 quam
840 1455 898 1488 per
933 1443 1092 1487 praefatos
1132 1446 1158 1473 et

406 1501 495 1542 alios,
518 1512 599 1545 quos
618 1500 728 1533 literae
752 1498 837 1542 ipsae
864 1500 1078 1535 concernunt,
1100 1494 1160 1527 sub

407 1553 839 1588 excommunicationislatae
851 1549 1026 1584 sententiae
1045 1554 1075 1581 et
1090 1559 1162 1591 per-

408 1608 535 1641 ditionis
560 1609 855 1641 emolumentorum
883 1614 919 1637 ae
954 1600 1161 1635 inhabilitatis

408 1662 520 1706 poenis
562 1661 745 1706 praedietis,
791 1657 966 1702 respective
1000 1654 1161 1688 observari

408 1716 525 1750 debere
550 1715 767 1749 decernimus.

452 1771 467 1813 ᾖ
495 1770 547 1804 10.
585 1770 622 1802 Et
650 1767 864 1802 nihilominus
898 1763 1073 1808 praemissa
1106 1773 1163 1805 per

408 1824 529 1856 dictum
550 1823 667 1856 lulium
690 1821 985 1866 praedecessorem,
1012 1823 1048 1849 ut
1073 1827 1163 1860 prae-

409 1878 526 1916 fertur,
557 1880 672 1909 statuta
698 1880 728 1908 et
748 1873 906 1912 ordinata,
929 1872 967 1905 de
994 1881 1073 1903 novo
1099 1869 1161 1909 sic,

409 1930 495 1973 quod
527 1935 590 1962 tam
616 1928 849 1971 gubernatores
886 1936 922 1958 ac
958 1934 1071 1957 eorum
1107 1933 1162 1955 seu

411 1984 569 2016 dictorum
604 1983 785 2025 legatorum
806 1982 1023 2014 locatenentes
1043 1982 1095 2010 aut
1119 1977 1163 2008 vi-

410 2035 543 2078 eelegati
578 2035 698 2078 aliique
732 2033 951 2077 praesidentes
986 2029 1163 2075 provincia-

413 2100 498 2128 rum,
533 2088 712 2133 civitatum,
754 2093 913 2119 terrarum
949 2090 979 2118 et
1003 2085 1162 2122 locorum,

413 2141 504 2174 nobis
524 2147 554 2174 et
574 2141 676 2174 dictae
706 2141 868 2173 Romanae
902 2137 1062 2172 Ecclesiae
1092 2136 1166 2169 sub-

415 2195 570 2227 iectorum
591 2194 843 2237 praedictorum,
872 2195 1037 2236 presentes
1066 2194 1096 2222 et
1120 2190 1167 2221 l'n-

414 2248 491 2289 turi,
514 2248 607 2280 etiam
630 2246 850 2290 patriarchali,
881 2242 1164 2288 archiepiscopali,

415 2301 607 2345 episcopali,
668 2299 818 2333 abbatiali
867 2303 922 2331 aut
960 2296 1069 2342 quavis
1107 2295 1168 2328 alia

416 2354 632 2388 ecclesiastiea
661 2354 708 2386 vel
729 2352 886 2386 saeculari
925 2351 1098 2394 dignitate,
1134 2354 1169 2381 nt

418 2404 608 2447 praefertur,
632 2403 816 2445 fungentes,
839 2405 867 2433 et
889 2399 999 2444 quavis
1019 2399 1168 2431 facultate

418 2452 545 2492 muniti,
577 2462 673 2495 quam
704 2450 743 2483 ab
769 2449 887 2482 eisdem
919 2448 1030 2491 legatis
1059 2451 1089 2479 et
1112 2457 1170 2489 gu-

417 2501 644 2534 bernatoribus
678 2510 733 2532 seu
768 2508 881 2532 eorum
915 2495 1169 2529 locatenentibus

418 2555 474 2582 aut
493 2548 672 2592 vicelegatis
700 2553 730 2581 et
756 2546 1012 2592 praesidentibus
1041 2545 1073 2577 in
1098 2555 1170 2588 pro-

457 2618 467 2643 l
490 2616 546 2647 Hoc
571 2624 622 2642 non
645 2618 781 2647 servatur,
802 2612 847 2640 sed
869 2620 1007 2639 successor
1028 2611 1053 2638 in
1073 2610 1169 2643 officio,

419 2660 459 2684 est
476 2657 531 2684 loco
547 2656 731 2683 commissarii.

1002 266 1180 293 nerbilium
1206 265 1308 289 nolmx
1315 263 1356 288 ΕΜ

1196 315 1317 355 vinciis,
1349 313 1540 352 civitatibus,
1570 310 1662 344 terris
1690 315 1719 343 et
1744 308 1824 343 loeis
1858 318 1948 352 prae-

1197 368 1288 400 dietis
1310 379 1366 410 pro
1391 372 1534 411 tempore
1555 365 1697 409 deputati
1718 365 1946 401 locatenentes,

1198 420 1406 464 ipsorumque
1427 419 1599 459 auditores,
1624 417 1745 450 indices
1766 416 1859 449 etalii
1879 415 1949 458 qui-

1197 484 1337 516 cumque
1358 472 1509 505 officiales
1526 483 1582 515 pro
1601 477 1744 515 tempore
1766 470 1946 508 existentes,

1197 526 1221 559 si
1242 526 1372 558 annales
1394 525 1530 565 suerint,
1563 526 1671 557 t'uneto
1692 522 1862 556 cuiuslibet
1883 522 1950 554 olli-

1197 579 1236 612 eii
1266 584 1296 611 et
1317 577 1601 611 administrationis
1621 588 1733 610 eorum
1755 587 1851 609 anno:
1875 581 1902 608 et
1925 575 1949 607 si

1198 633 1279 666 ultra
1301 643 1421 664 annum
1438 643 1551 664 eorum
1568 632 1670 664 officia
1702 631 1732 663 in
1755 630 1861 672 aliqua
1880 641 1951 672 pro-

1197 686 1311 725 xincia,
1348 685 1470 717 eivitate
1501 685 1548 717 vel
1582 691 1665 717 terra
1691 683 1886 723 duraverint,
1919 683 1950 715 in

1200 740 1260 771 line
1282 738 1450 771 cuiuslibet
1470 738 1557 777 anni,
1581 738 1605 770 si
1627 748 1699 769 vero
1720 735 1857 768 breviori
1874 740 1952 767 tein-

1198 802 1274 835 pore
1296 802 1408 824 eorum
1429 791 1534 823 officia
1555 791 1682 830 durent,
1707 790 1738 822 in
1760 790 1821 821 fine
1839 799 1952 821 eorum

1198 845 1305 885 ossieii,
1335 845 1367 877 in
1393 844 1587 884 civitatibus,
1612 843 1703 877 terris
1734 848 1760 876 et
1792 842 1889 881 locis,
1921 841 1952 873 in

1198 897 1316 941 quibus
1337 897 1441 930 ollicia
1462 897 1681 936 exercuerint,
1711 906 1818 930 eoram
1841 905 1951 938 perso-

1198 950 1246 983 nis
1267 950 1466 993 dignioribus
1488 949 1661 989 civitatum,
1684 953 1845 981 terrarum
1862 952 1892 980 et
1906 947 1954 980 lo-

1199 1014 1312 1036 corum
1333 1004 1545 1043 eorumdem,
1579 1001 1724 1035 videlieet
1754 1012 1862 1034 coram
1889 1011 1954 1034 uno

1200 1057 1445 1097 commissario,
1482 1068 1540 1101 per
1573 1067 1631 1089 nos
1664 1061 1719 1088 aut
1752 1065 1955 1088 successores

1200 1116 1323 1143 nostros
1345 1111 1503 1153 praelatos
1523 1121 1559 1142 ex
1581 1109 1664 1142 dieta
1686 1109 1828 1140 Romana
1844 1106 1952 1147 Curia,

1201 1163 1372 1196 moderatis
1407 1162 1549 1206 ipsorum
1585 1161 1773 1194 officialium
1807 1171 1843 1193 ae
1877 1170 1953 1204 pro-

1201 1217 1376 1250 vinciarum
1407 1216 1453 1249 vel
1488 1216 1650 1249 civitatum
1686 1226 1741 1248 seu
1774 1220 1951 1254 temartun,

1201 1270 1246 1302 rel
1262 1269 1286 1302 si
1304 1270 1395 1303 nobis
1407 1275 1458 1302 aut
1471 1269 1713 1303 successoribus
1729 1266 1901 1311 praedictis
1911 1266 1955 1298 vi-

1201 1324 1340 1364 debitur,
1360 1335 1416 1367 pso
1432 1328 1521 1368 parte
1533 1323 1697 1363 Gamerae,
1718 1321 1954 1365 praedictarum

1201 1377 1358 1420 expensis,
1381 1376 1548 1416 mittendo,
1576 1375 1734 1408 adium-tis
1750 1385 1860 1408 seeum
1886 1375 1954 1420 epi-

1201 1441 1298 1474 seopo
1319 1431 1393 1471 loci,
1410 1431 1519 1471 veheo
1530 1430 1673 1470 absente,
1696 1429 1765 1462 eius
1785 1428 1901 1462 vicario
1923 1428 1956 1462 in

1201 1485 1422 1527 spiritualibus
1451 1484 1591 1527 generali
1620 1488 1646 1516 et
1678 1488 1888 1527 procuratore
1919 1483 1955 1516 fi-

1202 1536 1276 1569 scali
1308 1536 1407 1581 ipsius
1428 1537 1489 1570 loci
1522 1537 1570 1570 vel
1590 1536 1734 1576 cixitatis,
1756 1547 1814 1580 per
1838 1536 1957 1580 praesi-

1202 1591 1312 1623 dentes
1332 1591 1433 1623 dietae
1463 1591 1614 1624 Gamerae
1641 1601 1698 1633 pro
1727 1594 1871 1633 tempore
1901 1589 1955 1621 de-

1203 1650 1331 1689 putato,
1369 1650 1398 1677 et
1418 1644 1521 1688 capite
1547 1643 1642 1677 officii
1665 1655 1720 1676 seu
1755 1642 1957 1686 magistratus

1206 1699 1304 1744 ipsius
1333 1698 1466 1731 civitatis
1500 1698 1546 1730 vel
1567 1703 1690 1738 terrae,
1718 1695 1864 1729 videlicet
1883 1706 1959 1729 eon-

1205 1751 1360 1785 l'alonerio
1383 1752 1427 1783 vel
1449 1750 1645 1795 praeposito,
1667 1750 1722 1794 qui
1740 1761 1797 1794 pro
1813 1755 1958 1794 tempore

1205 1805 1310 1845 fuerit,
1329 1809 1381 1837 aut
1400 1814 1464 1837 uno
1480 1804 1611 1837 doctore
1624 1814 1681 1848 per
1697 1803 1781 1847 ipsas
1797 1803 1959 1845 digniores

1204 1869 1377 1903 personas,
1410 1857 1494 1890 ultra
1515 1857 1787 1890 'commissarium
1821 1868 1858 1889 ac
1893 1856 1960 1900 epi-

1205 1923 1338 1955 scopum
1373 1912 1420 1944 vel
1461 1910 1614 1943 vicarium
1646 1915 1674 1942 et
1714 1914 1958 1953 procuratorem

1206 1966 1344 1997 lisealem
1391 1964 1565 2008 praefatos,
1597 1962 1758 2004 eligendo,
1794 1970 1959 2005 gestorum

1206 2024 1232 2051 et
1255 2017 1549 2051 administratoriim
1581 2027 1638 2059 per
1659 2026 1724 2055 eos,
1754 2015 1832 2048 alias
1875 2014 1961 2048 iuxta

1206 2077 1349 2105 tenorem
1385 2071 1550 2103 literarum
1592 2069 1664 2101 lulii
1704 2068 1961 2113 praedecessoris

1208 2125 1404 2163 buiusnnzuli,
1433 2124 1587 2156 rationem
1603 2122 1748 2163 reddere,
1772 2129 1799 2155 et
1820 2122 1961 2166 querelis

1207 2190 1242 2211 ae
1276 2177 1534 2211 accusationibus
1569 2180 1679 2208 eontra
1709 2186 1764 2208 eos
1790 2175 1962 2220 propositis

1208 2233 1245 2265 de
1281 2231 1375 2275 gestis
1408 2242 1464 2264 seu
1496 2230 1621 2263 omissis
1643 2230 1673 2262 in
1695 2241 1807 2262 eorum
1833 2229 1959 2271 officiis,

1209 2285 1332 2318 sublato
1360 2284 1471 2328 qiutu'is
1499 2283 1652 2323 diffugio,
1690 2283 1885 2327 respondere
1914 2288 1961 2316 te-

1209 2343 1356 2371 neantur.

1253 2394 1267 2434 ς·
1288 2391 1300 2423 ‘l
1316 2391 1339 2423 l.
1365 2391 1406 2423 Ae
1428 2390 1668 2423 commissarius
1689 2388 1874 2429 mittendus,
1892 2388 1961 2432 epi-

1210 2456 1326 2489 seopus
1351 2444 1396 2477 vel
1416 2443 1552 2476 vicarius
1572 2449 1602 2476 et
1618 2447 1809 2487 procurator
1830 2441 1958 2482 fiscalis,

1210 2492 1447 2526 confalonerius
1478 2503 1533 2525 seu
1563 2491 1765 2536 praepositus
1791 2496 1822 2524 et
1850 2490 1962 2523 doctor

1210 2541 1376 2584 eligendus
1409 2540 1542 2585 praefati
1572 2540 1727 2573 rationem
1761 2538 1962 2572 administra-

1211 2590 1306 2623 tionis
1333 2589 1537 2626 buiusmodi,
1571 2600 1644 2622 eum
1666 2588 1753 2622 omni
1773 2587 1963 2621 summarie-

1211 2643 1290 2680 tate‚
1322 2637 1547 2681 integritatem
1578 2637 1740 2670 severitate
1773 2636 1915 2677 audiant,
1933 2642 1964 2670 et

1962 252 2012 281 An.
2029 252 2057 279 C.
2079 250 2144 280 1528

2008 2398 2161 2427 syndicuore·

1976 2431 2088 2452 summai-le
2110 2437 2163 2458 ρῐοε

1977 2463 2052 2483 cedant
2068 2465 2108 2483 etc.
