2227 3001
475 275 541 311 434

429 351 533 384 neque
553 340 687 384 polleret
708 342 740 371 ut
762 336 826 371 suis
847 335 985 380 propriis
1003 334 1175 379 peculiari—

427 393 488 427 bus
503 393 609 436 regnis
624 403 660 425 ac
675 390 908 436 principatibus
922 387 1086 431 religionis
1106 398 1178 420 cau-

427 457 494 479 sam
528 445 691 490 suscipere
724 455 759 477 ac
795 442 874 476 tucri
890 469 897 482 ,
928 442 1022 475 etiam
1044 441 1177 474 irruenti

427 499 606 532 Turcarum
633 503 765 541 tyranno
793 507 859 530 sese
884 506 1061 540 opponere,
1083 500 1177 539 atque

428 551 585 596 pestiferis
605 551 672 584 eius
692 550 860 583 conatibus
879 550 1003 583 obviam
1024 550 1082 590 ire,
1104 549 1177 582 nni-

427 615 614 648 versamque
635 603 841 637 christianam
868 602 1100 648 rempublicam
1122 603 1177 636 de-

428 658 556 690 fendere
580 668 616 690 ac
640 667 858 702 propugnare,
879 667 1005 690 necnon
1030 657 1179 690 haereses

428 710 466 742 de
491 720 571 742 novo
596 715 720 742 exortas
740 715 768 742 et
790 710 821 742 in
842 709 909 743 dies
927 710 1022 742 latius
1046 721 1177 754 serpen-

427 769 474 797 tes
494 764 636 796 funditus
656 764 813 808 extirpare
835 769 863 795 et
884 763 1012 796 abolere
1033 769 1148 807 posset.

472 818 487 861 ἓ
506 818 536 851 4.
560 818 649 851 Unde
664 818 796 851 Carolus
811 828 865 850 rex
881 817 1053 862 praefatus,
1065 818 1103 850 ad
1119 818 1178 850 lio-

231 873 353 925 „1¹'l‘2“‡'.'i.i
370 874 414 923 3¹3:
428 881 541 904 norem
570 871 600 903 S.
629 871 665 904 R.
694 871 729 903 E.
752 876 781 903 et
813 870 893 903 sacri
914 870 1040 914 imperii
1067 871 1177 910 decus,

231 913 284 961 „Eli
303 936 354 961 pem
374 934 413 954 ea-
428 925 612 958 unctionem
638 930 666 958 et
692 924 859 968 imperiale
883 924 1028 957 diadema
1048 925 1087 957 ab
1112 925 1179 969 ipsa

231 965 295 987 '⁰¹⁰⁵'
427 977 568 1011 Ecclesia
588 983 808 1022 suscepturus,
827 982 936 1010 nostro
948 988 979 1010 se
993 978 1179 1021 conspectui

428 1031 650 1072 praesentavit,
673 1035 703 1063 et
736 1031 789 1063 illa
823 1041 880 1075 per
913 1041 1027 1063 manns
1056 1028 1179 1064 nostras

427 1082 486 1116 sibi
507 1083 649 1127 impendi
669 1084 836 1116 humiliter
858 1083 1059 1128 supplicavit.

471 1137 485 1177 ,Q
505 1136 536 1169 5.
554 1136 616 1169 Nos
636 1136 742 1180 igitur,
762 1136 830 1169 eius
842 1136 920 1169 votis
939 1147 1003 1169 non
1019 1136 1179 1170 immerito

265 1192 311 1211 m*
343 1189 602 1232 ³*==1¹-0he111'gn111n
639 1190 839 1222 conferentes
877 1190 1044 1231 auditum,
1073 1190 1201 1234 ipsum⁴¹

231 1224 351 1242 electiotien
363 1228 415 1241 ron·
430 1242 435 1247 .
1199 1219 1201 1234 t

232 1252 412 1277 :‚.-.....tciem‹=n÷‚
427 1248 572 1276 internae
597 1243 759 1276 charitatis
779 1248 809 1275 et
829 1243 925 1276 debiti
950 1243 1083 1278 lionoris
1102 1255 1178 1277 con-
1200 1277 1201 1290 ἶ

231 1288 414 1342 ἶξζζᾞι“ῗζ“ξ,ῗξζ“ζ
428 1297 619 1340 stringentes
638 1297 850 1341 amplexibus,
870 1298 1018 1330 eumdem
1028 1298 1177 1331 Carolum
1199 1299 1202 1315 '

232 1347 298 1373 sm*
428 1355 574 1383 nostrum
595 1349 830 1387 charissimum,
849 1361 923 1382 cum
946 1351 1181 1384 venerabilibus
1200 1368 1201 1384 t

426 1404 579 1437 fratribus
612 1404 728 1437 nostris
756 1404 785 1437 S.
817 1405 853 1437 ll.
889 1405 922 1437 E.
965 1405 1181 1438 cardinalibus

428 1456 571 1499 diligenti
596 1463 627 1490 et
650 1462 774 1490 matura
796 1457 1024 1504 deliberatione
1044 1458 1180 1501 praelia-

427 1510 504 1550 bita,
534 1511 573 1543 de
594 1520 707 1543 eorum
729 1510 863 1543 consilio
884 1515 914 1543 et
937 1510 1081 1543 unanimi
1103 1521 1180 1544 con-

429 1573 536 1603 sensu,
572 1563 610 1595 ad
645 1563 779 1605 gloriam
819 1563 1046 1607 omnipotentis
1065 1564 1120 1597 Dei
1152 1569 1182 1597 et

429 1616 587 1659 gloriosae
613 1626 741 1659 semper
759 1615 889 1658 xire-inis
913 1615 1029 1649 Mariae
1053 1627 1091 1649 ac
1109 1617 1182 1650 bea·
1201 1610 1204 1637 ἕ

429 1674 535 1703 torum
557 1670 777 1713 apostolorum
803 1669 885 1702 Petri
906 1675 933 1702 et
950 1669 1051 1710 Pauli,
1070 1671 1183 1703 exalta-

429 1722 549 1755 tionem
577 1733 707 1766 quoque
734 1727 765 1755 et
792 1723 947 1756 honorem
973 1728 1099 1757 sanctae
1119 1723 1182 1757 Ro-

431 1786 545 1808 manae
565 1775 724 1809 Ecclesiae
750 1781 778 1808 et
797 1776 877 1808 sacri
898 1775 1037 1820 imperii,
1053 1776 1183 1810 electio·
1204 1791 1205 1800 ¹

434 1839 507 1861 nem
528 1829 566 1861 de
588 1829 655 1871 ipso
672 1828 785 1861 Carolo
804 1840 862 1872 per
882 1830 1010 1862 eosdem
1031 1830 1185 1863 electores
1204 1838 1206 1846 ’

434 1881 468 1913 in
501 1892 609 1923 regem
642 1881 860 1914 Romanorum
895 1888 925 1915 et
957 1882 1184 1927 imperatorem

435 1935 494 1967 rite
523 1935 727 1980 legitimeque
748 1937 875 1975 tactam,
897 1937 1086 1970 anctoritate
1105 1947 1185 1982 apo-

436 1988 557 2028 stolica,
580 1994 690 2022 tenore
715 1989 931 2032 praesentium
957 1989 1186 2023 confirmamus
1207 2008 1209 2016 =

231 286 281 313 An.
299 285 328 314 C.
350 286 414 314 ter-29
1023 280 1201 305 nrtmmrn

436 2047 466 2074 et
489 2043 719 2086 approbamus;
748 2054 784 2075 ea
812 2043 944 2087 insuper
971 2044 1210 2078 coronationis·

437 2096 610 2136 solemnia,
645 2096 762 2139 quibus
789 2097 821 2128 in
856 2096 978 2130 civitate
1014 2097 1189 2141 superioris

439 2149 637 2190 Germaniae,
661 2149 754 2192 vulgo
770 2148 968 2192 Aquisgrana
989 2157 1186 2196 nuncupata,

438 2207 588 2243 argentea
613 2212 744 2242 corona,
764 2202 817 2234 illa
838 2202 1032 2246 scilicetqua
1043 2203 1187 2244 Carolus,

440 2261 652 2296 cognomento
677 2255 818 2298 Magnus,
837 2266 914 2288 usus
930 2256 1129 2299 perhibetur,
1151 2258 1190 2290 ab

440 2307 684 2351 archiepiscopo
708 2308 889 2341 Coloniensi
917 2310 1085 2353 insignitus
1113 2310 1189 2351 suit,

441 2361 537 2394 etiam
565 2362 801 2406 approbamus,
831 2363 954 2406 riteque
983 2364 1063 2397 sacta
1095 2364 1214 2398 fuisse·

442 2414 656 2448 declaramus.
1211 2412 1215 2466 ᾗ

486 2466 500 2504 ,ξ
520 2463 551 2496 6.
574 2463 767 2508 Supplentes
791 2475 902 2498 omnes
921 2472 951 2498 et
971 2466 1113 2509 singulos
1137 2466 1192 2499 de·
1212 2481 1215 2485 ·

282 2514 388 2555 ¹·e‘¹·*·}³>⁴·
413 2513 429 2555 ᾖ·
442 2513 556 2552 sectus,
575 2513 628 2556 qui
646 2519 700 2545 ant
716 2513 839 2546 ratione
855 2514 976 2547 formae
992 2519 1048 2547 aut
1071 2515 1193 2548 ratione

248 2552 601 2605 ffissiiffln'w*personae
626 2572 703 2595 suae
729 2567 784 2595 aut
810 2573 1022 2606 personarum
1063 2574 1194 2597 eorum-

445 2612 519 2645 dem
549 2612 725 2644 electorum
765 2621 821 2644 seu
847 2612 956 2655 quavis
984 2612 1046 2645 alia
1073 2612 1194 2645 ratione

1210 2280 1213 2298 t

445 2661 492 2695 vel
521 2671 615 2695 causa
643 2661 674 2695 in
701 2661 886 2695 huiusmodi
907 2661 1062 2696 electione
1089 2662 1219 2711 forsan]

1222 279 1372 304 Romami
1984 274 2035 301 An.
2052 273 2081 301 C.
2103 270 2166 300 t529

1220 332 1444 365 intervenerint
1478 329 1588 376 quovis
1613 328 1728 371 modo,
1764 334 1793 363 et
1819 340 1855 362 ex
1883 333 1969 362 certa

1219 385 1349 417 scientia
1376 390 1406 418 et
1432 384 1625 429 apostolicae
1650 383 1813 428 potestatis
1832 381 1969 427 plenitu-

1220 438 1304 471 dine.

1263 491 1333 534 §T
1369 492 1541 535 Ipsumque
1574 490 1722 524 Carolum
1759 489 1895 522 electum
1930 488 1968 520 ad
2010 498 2058 518 eum
2073 503 2099 519 20
2120 498 2167 518 uts-

1219 544 1459 587 suscipiendum
1476 544 1651 588 imperialis
1666 543 1826 586 dignitatis
1841 542 1969 575 culmen
1983 529 2104 580 flf¹¹⁵2²ua²⁶
2119 528 2167 580 ἓξὲξ

1220 596 1351 640 dignum
1377 603 1406 630 et
1432 597 1583 630 idoneum
1605 597 1671 630 sore
1691 594 1969 635 ctesse,anctori-
1984 588 2168 647 {ffffifflff'ssffi

1220 656 1294 691 tate,
1316 651 1460 691 scientia,
1478 655 1631 694 potestate
1648 656 1677 683 et
1693 656 1802 683 tenore
1820 648 1971 693 praemis-
1984 652 2165 680 renuerepossa.

1221 703 1273 741 sis,
1284 704 1497 743 (leclaramus3
1509 714 1544 736 ac
1554 714 1627 736 cum
1637 703 1748 736 eodem
1758 701 1883 742 Carolo,
1895 712 1934 734 cu
1941 712 1970 733 m

1220 768 1284 800 quo
1304 757 1381 790 alias
1402 757 1503 790 felicis
1521 756 1753 790 recordationis
1768 756 1829 788 Leo
1838 754 1967 798 Paan,

1221 811 1397 844 secundum
1419 821 1547 844 carnem
1558 811 1655 843 frater
1670 809 1822 854 patruelis
1837 813 1865 841 et
1881 819 1971 851 prae-

1220 863 1369 897 decessor
1389 870 1508 903 noster,
1521 870 1555 896 ut
1570 874 1703 906 regnum
1724 861 1969 905 Neapolitanum

1222 927 1284 949 una
1318 928 1391 949 cum
1430 917 1565 960 imperio
1604 916 1740 948 retinere
1776 919 1881 958 posset
1912 924 1971 958 per

1222 981 1294 1003 snas
1321 971 1428 1004 literas
1447 970 1650 1013 dispensavit,
1674 980 1731 1013 pro
1753 968 1868 1012 potiori
1892 979 1969 1001 cau-

1221 1024 1294 1065 tela,
1330 1029 1365 1057 ut
1398 1034 1532 1067 regnum
1568 1023 1672 1067 ipsum
1703 1021 1966 1066 Neapolitanum,

1222 1088 1284 1110 una
1305 1088 1378 1110 cum
1401 1076 1548 1120 imperio,
1575 1076 1680 1119 quoad
1701 1074 1970 1114 vixerit,retinere

1222 1130 1319 1163 libere
1341 1135 1370 1162 et
1389 1130 1473 1163 licite
1499 1130 1614 1169 valeat,
1637 1129 1675 1162 de
1696 1127 1883 1161 eorumdem
1911 1127 1972 1160 fra-

1223 1188 1305 1216 trum
1317 1184 1462 1225 consilio,
1474 1183 1675 1220 auctoritate,
1698 1182 1829 1215 scientia
1844 1186 1874 1214 et
1882 1186 1970 1226 pote-

1222 1237 1308 1269 statis
1328 1236 1526 1280 plenitudine
1544 1236 1714 1275 similibus,
1733 1235 1967 1278 dispensamus.

1265 1290 1280 1331 ᾗ
1314 1289 1344 1323 8.
1382 1290 1449 1323 Non
1485 1289 1684 1322 obstantibus
1719 1287 1901 1331 praemissis
1934 1298 1971 1320 ac
2010 1297 2167 1334 ogregiam-

1223 1342 1503 1376 constitutionibus
1538 1348 1568 1375 et
1601 1340 1858 1375 ordinationibus
1893 1351 1970 1384 apo·
1984 1332 2063 1350 ¹¹³⁰*

1200 1396 1352 1437 stolicis,
1381 1407 1506 1430 necnon
1534 1396 1657 1439 legibus
1690 1395 1909 1439 imperialibus
1935 1405 1972 1427 ac

1224 1449 1394 1492 privilegiis
1426 1449 1488 1482 illis
1522 1448 1715 1482 electoribus
1743 1453 1773 1480 et
1811 1447 1974 1491 quibusvis

1223 1503 1395 1544 concessis,
1417 1503 1546 1547 quibus,
1569 1503 1699 1535 illorum
1720 1501 1865 1535 omnium
1885 1506 1974 1535 teno-

1224 1566 1274 1588 res
1302 1556 1522 1599 praesentibus
1542 1566 1600 1599 pro
1626 1555 1782 1599 expressis
1805 1555 1972 1595 habentes,

1224 1608 1286 1641 illis
1320 1609 1397 1642 alias
1431 1609 1462 1642 in
1491 1620 1548 1642 suo
1584 1609 1700 1642 robore
1734 1607 1971 1652 permansuris,

1225 1662 1283 1694 bac
1307 1662 1373 1695 rice
1394 1663 1555 1695 dumtaxat
1577 1661 1757 1706 specialiter
1777 1666 1805 1693 et
1827 1671 1974 1705 expresse

1225 1714 1428 1758 derogamus,
1453 1715 1631 1757 ceterisque
1652 1714 1821 1748 contrariis
1839 1713 1974 1756 quibus-

1226 1780 1376 1812 cumque.

1270 1818 1353 1850 Nulli
1374 1829 1449 1861 ergo
1470 1823 1526 1851 etc.

1271 1866 1382 1899 Datum
1395 1866 1567 1907 Bononiae,
1581 1878 1665 1899 anno
1677 1866 1907 1899 lncarnationis
1917 1866 1976 1899 do-

1204 1914 1363 1948 ·minicae
1398 1915 1568 1949 millesimo
1601 1915 1858 1959 quingentesimo
1890 1916 1976 1959 vige-

1227 1963 1410 2003 simononO,
1420 1964 1563 1997 kalendis
1571 1963 1762 2003 decembris,
1772 1963 1981 2007 pontificatus

1207 2020 1209 2046 1
1228 2013 1327 2045 nostri
1348 2023 1433 2046 anno
1452 2023 1504 2045 vn.

1244 2066 1304 2095 Dat.
1322 2066 1367 2096 die
1388 2067 1398 2096 l
1419 2066 1584 2096 decembris
1601 2066 1687 2103 1529,
1707 2066 1808 2104 potitis.
1824 2075 1900 2096 anno
1916 2075 1964 2096 vn.

1537 2196 1668 2229 xxxin.

1234 2260 1464 2305 Inquisitorem
1490 2262 1668 2295 haereticae
1684 2264 1860 2305 prat-itatis
1878 2264 1981 2307 facul-

1278 2315 1326 2343 tas
1351 2310 1542 2353 procedendi
1574 2312 1723 2345 adt-ersus
1757 2323 1980 2357 quoscumque,

1277 2359 1376 2391 ctiam
1403 2359 1560 2402 rcyulares
1590 2361 1810 2405 cuiuscumque
1831 2361 1980 2402 Ordinis,

1279 2408 1312 2440 in
1331 2408 1434 2440 causis
1446 2408 1597 2444 haeresis.
1621 2410 1897 2453 iudedyentiasque
1912 2421 1985 2443 con-

1279 2456 1409 2489 cedendi
1436 2457 1653 2498 confratribus
1676 2459 1821 2491 societati
1848 2460 1983 2491 crucesi-

1278 2509 1467 2547 ynalornm,
1488 2517 1546 2548 pro
1570 2507 1698 2539 servitio
1724 2511 1853 2541 sanctae
1879 2507 1984 2551 inqui-

1279 2554 1417 2586 silionis.

1236 2616 1355 2645 clemens
1378 2617 1518 2654 episcopus
1538 2626 1633 2648 servus
1650 2626 1789 2649 servorum
1807 2619 1864 2653 Dei.
1883 2619 1985 2649 dilecto

1280 2665 1336 2694 filio
1355 2666 1434 2695 Paulo
1453 2667 1612 2704 Burgenae,
1634 2668 1721 2698 totius
1739 2669 1844 2698 ordinis
1863 2668 1986 2700 fratrum
