2227 3001
92 233 142 260 An.
159 232 187 258 C.
209 234 276 261 ¹550

90 981 205 1009 Exponam
222 982 263 1003 Pa-

76 1018 117 1040 pae
141 1015 195 1041 quod
227 1013 261 1034 lo-

78 1050 144 1066 annes
166 1043 219 1065 XXI!
242 1048 263 1066 et

78 1075 222 1097 Atemnderv
232 1077 262 1097 in-

77 1106 196 1132 dulgentius
210 1112 263 1127 con-

77 1141 190 1158 cesserunt
219 1138 256 1158 tn-

76 1168 162 1189 tnntib.
173 1168 259 1189 eontra-

75 1199 188 1220 ternitates
200 1200 259 1220 insti-

79 1232 134 1250 tut-1⁸
161 1230 183 1251 in
206 1230 260 1251 locis

77 1260 172 1286 ominis:

922 233 1062 258 CLEMENS
1080 232 1125 257 ΥΠ
1144 234 1189 257 FP.

288 297 377 327 rum,
399 288 458 320 sub
478 287 650 330 Religionis
670 286 745 330 iugo
771 292 801 320 et
824 286 962 330 regulari
984 297 1037 319 ca-

287 340 435 373 stimonia
467 340 602 374 Domino
623 340 847 378 militantium,
870 340 921 384 pia
941 340 1036 373 dero-

285 393 370 426 tione
400 393 567 436 provenire
601 393 801 436 dignoscitur
820 399 852 425 ut
874 394 1036 426 Romanus

284 445 444 485 Pontifex,
467 445 661 489 quandoque
689 456 748 489 per
774 446 1036 489 praedecessores

283 509 357 531 suos
377 498 536 531 Romanos
552 498 734 537 Pontifices,
749 509 806 541 pro
823 508 1035 541 personarum

282 551 468 584 earumdem
489 561 526 584 ac
546 551 676 584 illorum
697 551 844 583 locorum
865 550 948 584 felici
964 562 1035 584 suc-

282 614 373 637 cessu
403 609 433 637 et
465 604 572 648 quiete
613 615 650 637 ac
684 603 940 637 christifidelium
974 603 1034 648 piis

281 657 434 701 operibus
448 656 628 690 vacantium
645 657 826 690 animarum
836 658 949 694 salute,
961 668 1034 690 con-

280 720 367 743 cessa
400 710 558 754 approbet
590 715 620 743 et
653 710 792 749 innovet,
815 722 852 743 ac
886 710 1033 743 innovata

280 763 496 803 communiat,
520 768 551 796 et
574 763 635 796 alia
668 763 706 796 de
741 774 821 796 novo
856 763 1030 802 concedat,

278 821 374 860 prout
395 816 426 848 in
446 815 581 849 Domino
607 815 763 860 conspicit
788 816 959 849 salubriter
978 827 1031 847 ex-

278 869 400 914 pedire.

321 924 336 967 §
356 924 386 956 ’1.
416 923 517 963 Sane,
540 934 597 967 pro
626 928 713 966 parte
733 922 925 956 dilectorum
947 921 1030 955 filio-

276 987 349 1009 rum
370 976 491 1010 Nicolai
511 977 625 1016 Audet,
647 975 822 1019 generalis,
844 986 881 1008 ac
902 975 1030 1018 provin-

277 1029 406 1063 cialium
423 1035 453 1063 et
469 1029 614 1074 priorum
630 1030 801 1062 domorum
815 1027 941 1061 Ordinis
952 1029 1029 1061 Bea-

276 1087 325 1115 tae
350 1083 464 1115 Mariae
485 1082 619 1125 Virginis
653 1082 691 1115 de
725 1082 828 1114 Monte
862 1081 1028 1120 Carmelo,

276 1146 403 1168 necnon
431 1136 628 1169 confratrum
650 1134 818 1177 utriusque
838 1145 932 1167 sexus
951 1145 1029 1167 eon-

275 1187 510 1221 sraternitatum
531 1188 562 1220 in
583 1187 727 1221 eeclesiis
751 1188 922 1220 domorum
944 1186 1029 1220 eius-

275 1241 347 1274 dem
381 1241 507 1275 Ordinis
540 1241 758 1274 institutarum
771 1267 778 1276 ,
801 1241 893 1273 nobis
926 1251 1030 1284 nuper

274 1294 414 1328 exhibita
433 1294 544 1339 petitio
565 1294 749 1328 continebat
781 1294 869 1337 quod
889 1294 966 1327 alias
986 1294 1029 1326 sc-

273 1347 344 1381 licis
363 1347 596 1381 recordationis
616 1348 750 1380 Ioannes
764 1347 842 1379 xxti
854 1348 1029 1380 etAlexan-

273 1401 331 1434 der
354 1401 390 1441 V,
411 1401 546 1434 Romani
566 1400 737 1433 Pontifices
766 1400 1030 1444 praedecessores

273 1453 394 1494 nostri,
415 1453 570 1487 universis
596 1458 627 1486 et
654 1452 787 1496 singulis
812 1453 1028 1487 christifideli-

273 1507 353 1547 bus,
375 1507 431 1550 qui
451 1506 745 1540 confraternitatem
765 1506 804 1539 de
825 1507 928 1539 Monte
953 1507 1028 1540 Car-

274 1562 359 1594 melo
380 1560 516 1604 ingredi,
528 1571 584 1593 seu
600 1561 799 1593 contratrum
821 1560 1029 1593 confraterni-

274 1619 376 1648 tatum
396 1613 583 1647 huiusmodi
602 1623 740 1646 numero
752 1613 901 1654 adscribi,
916 1614 1029 1658 ipsius-

276 1678 338 1711 que
358 1666 484 1700 Ordinis
504 1672 618 1700 statuta
639 1667 869 1707 observare,ac
884 1667 1028 1700 habitum

276 1720 351 1754 dicti
371 1719 498 1754 Ordinis
517 1720 654 1760 deferre,
676 1730 774 1763 seque
794 1720 908 1753 fratres
928 1726 955 1753 et
977 1731 1028 1753 so-

276 1784 366 1807 rores
385 1773 460 1807 dicti
481 1773 606 1807 Ordinis
630 1773 812 1816 appellare,
835 1772 878 1806 ita
896 1774 984 1816 quod
1004 1774 1029 1807 si

276 1826 394 1860 mulier
411 1826 498 1870 virgo
523 1827 699 1860 castitatem
712 1852 720 1866 ,
742 1826 836 1859 vidua
855 1837 929 1860 vero
950 1838 1028 1860 con-

275 1879 461 1920 tinentiam,
490 1880 660 1922 coniugata
694 1884 799 1912 tamen
833 1879 1029 1912 matrimonii

275 1933 358 1974 iura,
370 1938 464 1976 prout
482 1938 589 1966 sancta
608 1932 748 1966 Ecclesia
768 1932 1028 1975 praecipit,tem-

275 1997 354 2030 pore
369 1997 480 2020 earum
497 1986 660 2031 ingressus
670 1985 895 2019 inviolabiliter
904 1997 1028 2019 servare

274 2040 354 2073 velle
374 2039 597 2085 promitterent
618 2045 648 2073 et
668 2040 884 2079 observarent,
902 2039 1027 2072 tertiam

275 2098 399 2137 partem
431 2104 565 2127 suorum
599 2098 806 2136 peccatorum
836 2092 868 2125 in
893 2093 1028 2126 Domino

274 2148 474 2187 relaxarunt3
497 2158 533 2180 ac
556 2147 624 2192 ipsa
649 2146 878 2189 gloriosissima
897 2146 952 2179 Dei
972 2157 1027 2190 ge-

274 2200 370 2234 nitrix
389 2211 516 2244 semper
534 2200 622 2244 virgo
642 2199 754 2240 Maria,
778 2199 923 2243 ipsorum
949 2210 1026 2233 con-

274 2254 410 2286 fratrum
426 2264 483 2286 seu
501 2253 725 2296 religiossaum
742 2264 778 2286 ac
795 2264 943 2286 sororum
960 2253 1027 2286 ani-

275 2316 355 2346 mas,
377 2311 448 2349 post
467 2317 579 2340 eorum
599 2306 780 2346 transitum,
792 2306 857 2339 suis
873 2305 1026 2340 interces-

275 2358 419 2392 sionibus
446 2359 606 2392 continuis
633 2359 694 2404 piis
721 2359 880 2402 suffragiis
904 2364 934 2391 et
954 2370 1026 2403 spe-

275 2408 347 2443 ciali
368 2409 567 2453 protectione
588 2409 758 2443 adiuvabit.
781 2409 936 2452 Quodque
954 2419 1028 2441 con-

274 2460 388 2492 fratres
405 2457 465 2502 ipsi
485 2458 660 2501 gratiarum
681 2458 869 2491 carumdem
890 2458 1026 2501 praede-

275 2517 440 2541 cessorum
469 2506 640 2550 participes
659 2506 728 2540 sieri
749 2508 908 2543 volentes,
933 2508 1027 2539 boras

274 2555 465 2595 canonicas,
488 2555 574 2588 iuxta
602 2556 738 2588 sormam
759 2556 797 2589 ab
818 2556 947 2589 Alberto
971 2566 1026 2599 pa-

273 2605 414 2638 triarcha
441 2604 525 2638 dicto
546 2604 656 2638 Ordini
683 2615 866 2638 concessam
888 2612 916 2638 ct
939 2604 1025 2637 ordi-

352 2658 427 2690 Bull.
449 2657 526 2688 Rom.
550 2657 603 2688 Vol.
625 2657 669 2689 VI.
870 2659 905 2688 19

1722 227 1786 261 145

1078 291 1198 327 natam,
1212 286 1359 327 recitare;
1371 286 1473 330 ignari
1484 297 1557 320 vero
1568 286 1733 321 literarum
1747 316 1753 328 ,
1765 290 1831 322 die-

1078 339 1148 376 bus,
1163 340 1281 383 quibus
1302 345 1410 373 sancta
1426 340 1566 373 Ecclesia
1588 341 1731 374 ieiunare
1749 353 1830 385 prse-

1077 391 1174 435 cipit,
1196 392 1358 433 ieiunare,
1385 404 1511 426 necnon
1542 399 1657 436 quarta
1690 394 1767 428 seria
1800 401 1831 428 et

1077 445 1206 478 sabbato
1228 450 1292 479 toto
1319 452 1463 489 tempore
1496 447 1576 479 vitae
1597 457 1723 488 corum,
1740 459 1830 491 prae-

1076 503 1222 540 terquam
1244 499 1294 531 die
1313 511 1377 542 qua
1404 500 1512 543 aliqua
1532 510 1569 533 ex
1595 499 1681 533 feriis
1700 501 1829 544 praedi-

1076 552 1133 584 ctis
1152 552 1349 585 Nativitatem
1370 552 1496 586 Domini
1517 552 1615 585 nostri
1633 553 1702 586 Iesu
1713 553 1829 587 Christi

1075 615 1249 638 occurrere
1269 605 1478 648 contigerit,a
1498 606 1650 640 carnibus
1669 607 1828 641 abstinere

1075 657 1238 690 deberent.

1118 711 1132 753 ξ
1157 711 1187 743 ⁶2.
1224 712 1267 744 Ac
1297 712 1392 745 etiam
1426 713 1575 746 nonnulli
1609 713 1662 746 alii
1690 714 1827 748 Romani

1074 762 1262 801 Pontifices,
1285 764 1379 797 etiam
1410 766 1672 808 praedecessores
1698 768 1797 800 nostri
1816 795 1824 809 ,

1073 817 1266 860 quamplura
1288 824 1318 849 et
1337 817 1458 850 dix-ersa
1478 818 1653 862 privilegia,
1676 820 1827 854 immuni-

1072 874 1169 909 tates,
1192 870 1430 913 exemptiones,
1462 872 1648 913 praescrtim
1678 880 1825 916 quartam

1072 922 1267 955 funeralium
1298 924 1490 968 presbyteris
1516 926 1734 960 saecularibus
1761 938 1826 960 non

1072 974 1224 1015 solvendi,
1247 986 1283 1008 ac
1303 975 1444 1015 indulta,
1467 977 1681 1020 indulgentias
1701 984 1730 1012 et
1750 991 1825 1024 pec-

1071 1033 1217 1061 catorum
1238 1028 1443 1061 remissiones
1463 1040 1499 1062 ae
1517 1030 1636 1072 'gratias
1663 1031 1747 1065 dicto
1767 1033 1826 1066 Or-

1071 1080 1157 1121 dini,
1181 1081 1331 1124 illiusque
1353 1082 1524 1121 fratribus,
1547 1084 1751 1125 monialibus,
1774 1097 1823 1118 so-

1072 1133 1199 1166 roribus
1226 1140 1253 1167 et
1283 1134 1450 1178 utriusque
1485 1146 1578 1168 sexus
1610 1138 1755 1180 personis
1789 1150 1826 1172 ac

1071 1187 1274 1221 monasteriis
1294 1188 1484 1221 monialium
1506 1194 1535 1221 et
1555 1189 1705 1223 domibus
1735 1202 1825 1225 soro-

1071 1251 1144 1273 rum
1179 1252 1358 1285 eorumque
1379 1242 1523 1275 ecclesiis
1545 1248 1575 1275 et
1595 1243 1675 1276 locis
1695 1245 1826 1287 quibus-

1071 1304 1227 1337 cumque,
1250 1294 1345 1327 etiam
1380 1306 1438 1338 per
1471 1296 1603 1329 modum
1633 1297 1827 1332 extensionis

1070 1359 1125 1381 seu
1147 1349 1460 1389 communicationis,
1483 1361 1519 1383 ac
1552 1350 1630 1383 alias
1656 1361 1825 1385 concesse-

1070 1406 1164 1442 runt,
1186 1408 1283 1446 prout
1309 1402 1341 1434 in
1370 1401 1500 1435 diversis
1521 1404 1710 1436 eorumdem
1731 1415 1824 1447 prae-

1070 1455 1276 1488 decessorum
1310 1455 1411 1488 literis
1444 1455 1584 1499 desuper
1603 1457 1757 1491 confectis
1776 1458 1825 1490 di-

1070 1508 1154 1541 citur
1173 1508 1301 1552 plenius
1321 1508 1490 1541 contineri.

1113 1562 1127 1603 ξ
1143 1561 1173 1595 3.
1197 1561 1313 1601 Quare,
1332 1572 1390 1605 pro
1406 1566 1496 1605 parte
1506 1563 1675 1604 generalis,
1699 1564 1824 1606 provin-

1070 1614 1199 1647 cialium
1214 1641 1222 1656 ‚
1245 1614 1412 1658 priorum,
1435 1614 1603 1658 utriusque
1632 1626 1725 1649 sexus
1745 1627 1823 1650 eon-

1070 1668 1204 1700 sratrum
1226 1667 1479 1711 praedictorum,
1492 1668 1715 1709 asserentium,
1734 1670 1824 1703 resri-

1069 1726 1216 1765 gcscente
1237 1721 1269 1753 in
1285 1720 1506 1754 dicsfidelium
1517 1721 1696 1763 devotione,
1708 1723 1824 1757 domus

1070 1777 1204 1808 fratrum
1224 1780 1255 1807 et.
1275 1785 1423 1807 sororum
1445 1780 1474 1807 et
1495 1775 1689 1808 monasteria
1709 1776 1823 1810 huius-

1070 1829 1156 1861 modi
1183 1839 1248 1861 non
1275 1827 1402 1861 modica
1430 1827 1636 1870 reparatione
1656 1829 1821 1872 indigere,

1069 1887 1099 1915 ct
1118 1887 1289 1926 propterea
1314 1881 1424 1914 fideles
1451 1880 1538 1925 ipsos
1565 1881 1605 1914 ad
1634 1883 1824 1925 temporalia

1071 1936 1152 1967 bona
1180 1946 1238 1979 pro
1266 1934 1452 1968 huiusmodi
1478 1934 1681 1978 reparatione
1706 1946 1823 1970 conce-

1068 1989 1173 2021 denda
1188 1987 1408 2032 spiritualibus
1424 1987 1516 2020 donis
1530 1993 1560 2020 et
1572 1988 1680 2030 gratiis
1691 1988 1824 2023 invitare

1068 2047 1228 2086 oportere,
1252 2052 1288 2074 ac
1309 2042 1347 2074 ad
1368 2041 1400 2073 id
1420 2041 1574 2074 inducere
1595 2052 1724 2075 necesse
1740 2043 1820 2082 sore,

1068 2095 1160 2128 nobis
1180 2095 1239 2128 suit
1258 2094 1425 2127 humiliter
1450 2094 1669 2138 supplicatum
1694 2100 1730 2127 ut
1754 2097 1821 2139 pri-

1069 2147 1198 2191 vilegia,
1221 2148 1364 2187 indulta,
1385 2147 1621 2188 immunitates,
1644 2148 1821 2192 exemptio—

1068 2212 1124 2234 nes
1143 2206 1174 2234 et
1192 2201 1310 2244 gratias
1326 2212 1362 2234 ac
1378 2200 1441 2234 alia
1456 2200 1621 2244 praedicta
1640 2202 1821 2244 approbare

1067 2260 1098 2289 et
1130 2255 1300 2294 innovare,
1335 2259 1366 2287 et
1398 2253 1626 2287 inviolabiliter
1658 2255 1818 2288 observari

1068 2308 1237 2348 mandare,
1260 2307 1462 2351 illaque‚pro
1472 2306 1591 2352 potiori
1612 2308 1747 2349 cautela,
1763 2309 1819 2342 de-

1068 2373 1132 2395 nuo
1154 2361 1348 2401 concedere,
1370 2361 1409 2393 de
1429 2360 1626 2403 benignitate
1645 2361 1820 2405 apostolica

1068 2411 1287 2453 dignaremur.

1111 2459 1167 2503 {42
1190 2459 1252 2492 Nos
1268 2457 1366 2502 igitur
1379 2458 1455 2491 dicti
1471 2458 1610 2499 Ordinis,
1623 2469 1718 2501 quem
1742 2469 1819 2502 prae

1847 237 1895 263 An.
1914 237 1941 263 C.
1965 238 2030 263 13ῆῆ

1868 725 1969 752 Quodque
1992 725 2028 747 alit

1843 757 1904 777 etiam
1915 755 2028 776 Pontifices

1842 786 1942 807 tratribus
1956 790 1975 807 et
1992 792 2027 807 so-

1841 818 1924 838 roribus
1933 816 2026 838 dirtiOr-

1843 850 1897 870 dlnis
1913 850 1972 876 plura
1983 851 2026 876 pri-

1842 881 1919 906 vilegia
1960 881 2013 901 dede
2022 892 2027 896 ·

1842 914 1899 932 runt.

1866 1582 1995 1609 Supplicwit

1839 1612 1895 1633 Ordo
1917 1619 1953 1640 pro
1970 1619 2025 1634 con-

1839 1644 1958 1665 firmatione
1991 1645 2024 1665 di-

1840 1678 1921 1696 ctorum
1935 1676 2025 1702 privile—

1839 1707 1920 1733 giorum

1860 2484 1955 2513 ilici-‘leo
1966 2486 2021 2509 Pon.

1069 2509 1182 2542 ceteris
1214 2508 1246 2540 in
1278 2507 1455 2540 visceribus
1474 2507 1617 2550 gerimus
1637 2507 1816 2545 charitatis,
1835 2516 1885 2539 tifex
1901 2519 1937 2539 am
1955 2520 2019 2540 inuo-

1069 2567 1262 2601 prosperum
1282 2562 1313 2589 et
1333 2556 1543 2600 tranquillum
1561 2562 1677 2589 statum
1700 2567 1737 2590 ac
1752 2557 1820 2589 ani-

1070 2616 1194 2640 marum
1216 2606 1352 2640 salutem
1375 2610 1510 2649 paterno
1531 2606 1667 2637 zelantes
1687 2604 1835 2645 affectu„

1835 2551 1876 2571 vat.
1900 2552 1919 2569 et
1942 2549 2020 2571 obser-

1836 2580 1878 2600 vari
1894 2582 1985 2605 niaudau
