2227 3001
89 262 139 290 An.
160 263 189 290 C.
205 262 270 290 ¹552

104 1229 189 1252 Poenae>
209 1237 261 1251 eon-

77 1262 246 1283 travenientium.

923 258 1062 281 (ILEME‘VS
1083 259 1123 281 VH
1144 259 1190 281 PP.

285 314 389 347 nullas
397 317 529 346 annatas
538 311 688 344 Gamerae
698 314 753 343 aut
761 310 952 343 officialibus
960 321 1038 355 pra}-

284 365 375 399 dictis
402 364 511 398 deberi
536 364 746 403 declarantes,
768 374 804 395 ex
827 368 912 396 certa
928 368 1037 396 nostra

284 418 414 452 scientia
435 424 465 451 et
491 416 721 450 deliberatione
755 416 924 449 statuimus
950 417 1036 459 quod

283 472 321 504 de
341 476 460 511 cetero,
473 482 508 503 ex
525 469 689 514 quibusvis
709 468 918 512 pensionibus
933 479 1036 513 quan-

283 525 402 558 titatem
429 524 678 567 vigintiquatuor
703 522 896 555 ducatorum
922 522 1036 555 huius—

283 578 368 612 modi
380 589 443 612 non
452 576 692 616 excedentibus,
704 577 793 609 nulla
801 581 917 609 annata
925 576 1036 620 quovis

282 637 446 675 praetextu
466 631 622 674 exigatur,
645 641 705 663 nec
726 641 784 674 per
803 630 895 670 illos,
917 629 1036 674 quibus

282 686 452 729 pensiones
472 685 558 729 ipsae
581 684 759 727 resignatae
781 683 910 724 suerint,
933 684 1034 716 solva·

280 744 332 772 tur
352 750 456 783 neque
477 739 553 772 solvi
575 739 707 779 debeat,
745 737 789 770 sic
810 742 917 770 tamen
946 738 1033 780 quod

280 793 310 825 in
332 792 542 836 pensionibus
562 797 592 825 et
603 791 673 824 aliis
694 790 958 835 dispositionibus
976 791 1033 823 be-

279 845 482 886 neficiorum,
494 856 591 889 super
599 855 739 888 quorum
748 843 907 877 fructibus
915 843 1034 876 similes

278 899 449 942 pensiones
458 910 584 932 annuae
594 897 728 932 minoris
737 896 921 942 quantitatis
930 897 1032 940 vigin-

278 951 442 996 tiquatuor
453 953 645 985 ducatorum
662 956 693 985 et
702 950 912 995 quantitatem
931 950 1031 993 vigin-

277 1005 441 1048 tiquatuor
461 1005 653 1038 ducatorum
680 1003 835 1037 similium
855 1013 921 1036 non
942 1013 1031 1036 exce-

277 1059 387 1092 dentes
406 1059 583 1101 resignatae
605 1058 735 1098 suerint,
758 1069 795 1091 ex
814 1057 931 1090 talibus
951 1068 1029 1101 pen-

276 1111 421 1145 sionibus
440 1111 520 1144 nihil
540 1111 655 1144 deduci
676 1111 800 1144 debeat.

320 1165 376 1208 §2
390 1165 569 1198 Districtius
581 1164 763 1198 inhibentes
775 1164 926 1197 Gamerae
934 1175 1028 1209 prae-

276 1219 452 1252 sidentibus
472 1230 508 1251 ac
541 1219 610 1252 aliis
630 1218 821 1251 officialibus
843 1218 1025 1261 praedictis,

276 1272 335 1304 sub
355 1272 696 1305 excommunicationis
721 1277 751 1304 et
779 1283 796 1304 a
821 1272 1027 1315 perceptione

275 1325 571 1358 emolumentorum
582 1325 765 1358 officiorum
776 1336 908 1358 suorum
920 1326 958 1358 ad
967 1337 1025 1358 no-

274 1382 375 1411 strum
396 1384 426 1412 et
448 1378 649 1422 Apostolicae
675 1378 764 1411 Sedis
787 1379 1025 1423 beneplacitum

274 1432 491 1476 suspensionis
510 1432 542 1464 in
563 1443 676 1465 eorum
693 1432 836 1475 singulos
852 1433 932 1465 latae
952 1444 1025 1466 sen-

273 1484 390 1519 tentiae
401 1486 523 1529 poenis,
536 1496 576 1518 ne
586 1486 624 1519 de
644 1490 763 1526 cetero,
773 1485 896 1519 ratione
911 1486 1024 1519 huius-

274 1539 359 1572 modi
388 1539 581 1583 pensionum
602 1538 813 1583 quantitatem
833 1539 1023 1584 vigintiqua-

272 1593 545 1626 tuorducatorum
566 1603 629 1626 non
651 1592 884 1633 excedentium,
902 1594 1025 1638 aliquas

273 1651 405 1680 armatas
413 1647 525 1691 quovis
545 1652 709 1691 praetextu
723 1646 862 1689 exigere,
880 1658 935 1681 seu
947 1659 1024 1692 quo-

272 1704 380 1739 minus
398 1704 510 1738 literae
535 1704 757 1748 resignationis
777 1704 904 1738 illarum
927 1717 1023 1750 expe-

273 1763 402 1797 diantur
419 1763 576 1807 impedire
585 1763 632 1795 vel
650 1763 779 1796 differre
792 1765 1023 1810 quoquomodo

271 1827 491 1867 praesumant,
509 1820 652 1866 alioquin
673 1821 780 1854 literas
790 1821 875 1865 ipsas
893 1827 957 1855 tam
967 1834 1024 1866 per

272 1878 500 1914 Cancellariam
517 1890 614 1923 quam
631 1889 690 1922 per
701 1878 867 1912 Cameram
888 1880 1022 1923 Aposto-

271 1936 378 1979 licam,
392 1949 449 1983 per
458 1948 511 1971 eos
527 1937 565 1970 ad
585 1947 666 1981 quos
681 1936 848 1969 literarum
865 1938 1023 1981 expeditio

271 1995 428 2040 pertinet,
450 1995 570 2040 absque
591 2005 747 2028 manuum
769 1994 900 2027 illorum
922 2006 1023 2039 appo-

271 2053 385 2088 sitione
404 2054 505 2088 libere
525 2054 665 2099 expediri
691 2064 783 2098 posse
803 2053 1020 2095 decernimus,

271 2123 308 2146 ac
328 2113 367 2146 ad
386 2112 417 2145 id
437 2111 482 2145 eis
507 2112 640 2146 liberam
665 2111 849 2145 facultatem
870 2112 1023 2146 concedi-

271 2181 355 2204 mus.

316 2234 330 2278 ᾗ
349 2233 380 2267 3.
398 2233 468 2267 Non
484 2232 683 2266 obstantibus
698 2233 881 2276 praemissis
896 2245 932 2267 ae
948 2245 1024 2267 eon-

271 2291 489 2327 stitutionibus
503 2296 535 2325 et
553 2291 808 2325 ordinationibus
827 2292 1021 2336 apostolicis,

1723 254 1786 287 153

1125 311 1242 352 Placet,
1254 316 1283 343 et
1297 312 1339 345 ita
1349 318 1435 344 motu
1451 312 1580 355 proprio
1592 315 1790 347 mandamus.
1805 315 1825 347 l.

1278 365 1403 408 (Papae
1421 366 1576 408 subscrip!
1581 367 1609 398 1⁸0
1616 366 1635 400 ).

1124 418 1252 449 Lectum
1281 424 1310 450 et
1339 419 1537 462 publicatum
1567 419 1624 452 fuit
1651 421 1829 463 suprascri-

1078 475 1167 513 ptum
1179 471 1363 504 mandatum
1374 472 1492 504 Romae
1502 472 1534 504 in
1543 471 1739 506 Cancellaria
1749 474 1832 517 Apo·

1078 524 1200 564 stoliea,
1223 536 1305 558 anno
1326 526 1745 560 Incarnationisdominicae
1760 528 1830 560 mil-

1077 577 1189 610 lesimo
1210 579 1467 621 quingentesimo
1484 578 1647 623 trigesimo
1668 582 1826 620 secundo,

1077 630 1126 663 die
1140 631 1520 676 veromartis,trigesima
1540 633 1657 666 mensis
1678 633 1825 674 ianuarii,

1076 683 1281 728 pontificatus
1300 685 1359 717 DD.
1383 686 1566 726 Clementis,
1595 686 1698 720 divina
1722 688 1827 731 provi-

1075 736 1181 769 dentia
1200 737 1304 780 Papae
1324 738 1386 778 l'll,
1409 749 1493 772 anno
1513 749 1555 773 lx.

1155 790 1226 820 l'ub.
1251 791 1296 820 die
1320 791 1357 821 30
1380 792 1517 829 ianuarii,
1541 796 1616 831 pont.
1641 803 1686 824 an.
1711 803 1747 823 ix.

1403 911 1491 944 XLII.

1071 977 1118 1010 De
1142 978 1241 1020 officio
1261 978 1594 1012 moe-cancellariatus·
1612 981 1735 1023 Papae,
1755 992 1827 1013 cum,

1116 1031 1299 1063 omzfcrrv'one
1316 1042 1410 1063 curae
1431 1036 1459 1064 et
1485 1033 1573 1064 tituli
1595 1033 1630 1065 S.
1655 1034 1825 1067 Laurentii

1116 1084 1152 1115 in
1173 1084 1312 1116 Damaso
1332 1085 1369 1116 (le
1392 1085 1472 1117 [Vrbe
1500 1084 1523 1117 ¹.

1133 1155 1254 1183 Clemens
1273 1154 1414 1191 episcopus
1433 1162 1529 1184 servus
1548 1163 1687 1185 servorum
1705 1157 1760 1191 Dei,

1216 1211 1249 1237 ad
1263 1211 1426 1245 perpetuam
1446 1210 1487 1239 rei
1510 1212 1679 1240 memoriam.

1113 1272 1176 1305 Etsi
1197 1272 1234 1304 ad
1257 1273 1379 1315 singula
1402 1273 1564 1307 Romanae
1593 1274 1754 1308 Ecclesiae
1774 1276 1822 1309 os-

1069 1325 1140 1358 ficia
1161 1331 1191 1358 et
1218 1326 1523 1367 administrationes,
1547 1338 1604 1371 pro
1632 1328 1764 1362 illorum
1793 1336 1823 1363 et

1068 1379 1211 1412 eiusdem
1240 1379 1401 1413 Ecclesiae
1444 1392 1480 1413 ac
1512 1381 1675 1415 Romanae
1708 1382 1823 1416 Curiae

1067 1432 1217 1476 illiusque
1247 1433 1418 1466 curialium
1444 1438 1473 1465 et
1500 1433 1687 1467 officialium
1716 1435 1820 1475 felici,

1068 1485 1243 1530 tranquillo
1256 1491 1284 1519 et
1304 1497 1461 1530 prospero
1472 1498 1623 1520 successu
1640 1499 1676 1521 ac
1691 1489 1820 1530 decore,

1067 1539 1244 1577 intendere,
1263 1550 1299 1572 ex
1310 1539 1482 1573 commisso
1498 1540 1590 1573 nobis
1606 1542 1757 1584 pastorali
1773 1543 1820 1575 of-

1066 1593 1152 1633 ficio,
1175 1598 1353 1633 teneamur,
1372 1594 1411 1625 ad
1427 1594 1756 1628 vice-cancellariatus
1776 1601 1821 1629 ta-

1066 1657 1138 1679 men
1155 1646 1299 1679 osficium
1321 1646 1452 1679 oculum
1464 1652 1611 1680 nostrum
1622 1652 1653 1681 et
1668 1658 1727 1691 pro
1738 1653 1821 1682 tern-

1065 1710 1143 1743 pore
1158 1699 1319 1732 cxistentis
1328 1700 1463 1733 Romani
1478 1700 1642 1734 Pontifieis
1654 1703 1821 1737 dexterum

1066 1758 1192 1785 nostrae
1203 1753 1503 1797 circumspectionis
1513 1753 1664 1788 intuitum
1678 1767 1821 1801 propen-

1065 1802 1140 1835 siori
1161 1813 1239 1835 cura
1260 1808 1290 1835 et
1311 1803 1415 1835 studio
1426 1813 1484 1835 nos
1500 1803 1668 1847 providere
1688 1805 1819 1847 debere,

1066 1851 1235 1884 convenire
1263 1850 1477 1893 arbitramur,
1507 1859 1540 1885 ut
1562 1852 1649 1886 illius
1667 1854 1817 1897 regimini

1065 1900 1210 1933 minister
1236 1900 1390 1941 idoneus,
1423 1911 1482 1944 per
1515 1902 1607 1935 cuius
1633 1903 1817 1944 solertiam,

1066 1948 1322 1990 felicibus‚dante
1329 1949 1476 1990 Domino,
1486 1951 1632 1994 proficiat
1640 1951 1821 1986 ineremen-

1064 1998 1115 2037 tis,
1137 1998 1321 2042 deputetur,
1343 2003 1374 2031 et
1394 2009 1452 2042 pro
1472 2004 1617 2043 tempore
1634 2000 1818 2044 deputatus,

1065 2047 1219 2080 ecclesiae
1241 2047 1332 2080 titulo
1350 2052 1381 2080 et
1400 2048 1524 2081 honore
1545 2049 1705 2092 condigno
1720 2050 1819 2083 deco-

1064 2104 1166 2137 retur·,
1188 2097 1360 2141 ipsumque
1380 2096 1524 2130 officium
1542 2108 1616 2131 cum
1629 2098 1775 2132 decentia
1790 2104 1822 2133 et

1064 2147 1293 2191 tranquillitate
1314 2157 1351 2179 ae
1380 2147 1552 2179 curialium
1574 2152 1605 2180 et
1631 2147 1820 2182 officialium

1065 2195 1251 2230 eorumdem
1273 2194 1500 2228 commoditate
1521 2200 1552 2229 et
1571 2196 1707 2230 utilitate
1726 2208 1819 2231 exer-

1065 2251 1187 2284 ceatur,
1205 2249 1236 2277 et
1250 2254 1333 2288 quae
1352 2243 1439 2277 illius
1450 2244 1726 2289 perturbationem
1737 2257 1819 2290 quo-

1065 2294 1228 2339 quomodo
1240 2293 1402 2326 adducere
1411 2299 1552 2337 possent,
1575 2293 1614 2327 de
1630 2294 1736 2328 medio
1746 2295 1821 2328 sub-

1847 262 1864 288 Α
1872 270 1896 288 n.
1915 261 1943 288 C.
1963 261 2029 287 1:⁸5².-

1876 441 1999 463 putationum

1865 1283 1986 1307 Exordium-

100 2320 211 2342 clausulae
218 2318 257 2341 de—

74 2352 203 2379 rogatoriae.
1066 2348 1266 2377 moveantur.

1110 2398 1124 2441 ,ξ
1143 2398 1173 2430 t.
1203 2397 1284 2430 sane
1309 2397 1442 2430 ecclesia
1469 2396 1500 2430 S.
1523 2397 1685 2430 Laurentii
1706 2397 1737 2430 in
1758 2398 1817 2431 Da·
1858 2398 2029 2445 Coufflfflffl'

1067 2462 1153 2484 maso
1169 2451 1207 2483 de
1223 2449 1318 2490 Urbe,
1330 2461 1412 2494 quae
1428 2450 1539 2483 titulus
1555 2451 1729 2494 presbyteri
1746 2461 1817 2484 car·
1832 2452 2022 2511 ‹iainssffisswssl'

1065 2505 1179 2538 dinalis
1189 2503 1291 2537 existit
1311 2509 1338 2537 et
1361 2504 1413 2537 cui
1429 2504 1642 2548 praesidebat,
1662 2516 1698 2537 ac
1710 2504 1816 2538 officio
1831 2513 1896 2541 brien,

1103 2569 1112 2593 t
1133 2567 1188 2593 lloc
1204 2566 1319 2594 officium
1338 2567 1555 2602 antiquissimum
1575 2570 1624 2598 est;
1648 2567 1706 2593 vide
1726 2566 1817 2594 Marti-

1067 2611 1091 2638 ni
1111 2611 1133 2638 V
1149 2611 1364 2638 constitutionem
1386 2619 1424 2644 ιν,
1446 2612 1478 2638 ln
1494 2613 1668 2644 Apostolicae,
1690 2613 1753 2638 tom.
1776 2618 1816 2642 iv,

1066 2664 1126 2692 pag·
1154 2656 1217 2682 679.

272 2350 449 2394 ceterisque
471 2349 638 2383 contrariis
662 2349 932 2394 quibuscumque.

317 2408 372 2453 ἓίι.
384 2408 538 2441 Volumus
547 2412 654 2440 autem
670 2407 755 2451 quod
772 2417 923 2451 praesens
932 2418 1023 2440 man-

273 2459 383 2492 datum
394 2457 431 2490 ad
442 2457 504 2489 hoc
524 2456 610 2500 quod
631 2456 670 2489 ad
689 2456 817 2500 plenam
829 2461 859 2489 et
869 2455 1026 2489 indubita-

272 2505 491 2547 tamnotitiam
509 2504 671 2543 deveniat,
685 2505 717 2537 in
733 2505 928 2538 Cancellaria
944 2506 1026 2548 Apo-

275 2555 398 2596 stolica,
410 2565 499 2588 more
509 2553 613 2594 solito,
627 2553 822 2597 publicetur,
839 2558 870 2587 et
884 2553 915 2586 in
933 2553 1026 2598 quin-

274 2610 367 2639 terno
385 2603 613 2642 Cancellariae,
626 2603 665 2636 ad
677 2608 865 2648 perpetuam
886 2603 933 2636 rei
955 2614 1023 2636 me-

276 2653 424 2693 moriam,
434 2651 571 2686 describi
591 2651 714 2685 debeat.

355 2698 428 2731 Butl.
446 2696 522 2727 Rom.
547 2696 599 2727 Vol.
624 2695 667 2727 VI.

101 2484 169 2506 lunio
188 2482 259 2511 publi-

79 2516 149 2539 enndt.

866 2695 906 2726 ΞΟ
