2227 3001
72 260 122 288 An.
138 260 168 288 c.
188 258 255 286 ¹5⁵0
925 255 1028 280 leurs
1052 255 1086 279 111
1111 255 1159 279 Pr.
1710 242 1776 278 403

269 316 332 345 tate
349 311 529 355 fungentes,
539 309 662 343 iudices
677 314 708 343 et>
724 310 1025 353 personas,sublata
1044 314 1047 320 '
1067 308 1165 341 crevit
1179 307 1266 351 quod
1283 305 1470 340 earumdem
1496 305 1664 339 literarum
1681 306 1821 351 desuper

270 365 316 399 eis
335 370 366 398 et
389 375 503 398 eorum
528 363 661 397 cuilibet
686 364 797 407 quavis
822 364 915 397 aliter
940 363 1024 397 iudi-
1068 361 1344 395 conficiendarum
1361 359 1582 402 transumptis,
1597 360 1823 392 manunotarii

269 418 364 452 candi
383 424 415 451 et
433 417 667 462 interpretandi
691 417 842 450 facultate
862 422 893 450 et
912 422 1024 450 aucto·
1068 415 1189 459 publici
1209 414 1399 457 subscriptis
1419 419 1449 446 et
1472 413 1565 456 sigilli
1592 413 1730 445 alicuius
1750 425 1823 457 per-

270 473 380 511 ritate,
402 471 539 505 iudicari
559 476 590 504 et
617 470 821 515 interpretari
846 476 942 513 atque
969 471 1025 503 de·
1046 484 1047 507 t
1068 479 1164 501 sonae
1201 468 1233 500 in
1266 467 1418 510 dignitate
1453 466 1670 499 ecelesiastica
1704 467 1824 499 consti-

269 525 357 559 finiri
377 525 506 565 debere,
525 535 653 558 necnon
675 525 802 557 irritum
823 530 853 557 et
874 525 981 565 inane,
1000 525 1025 556 si
1046 511 1048 527 ³
1069 527 1155 554 tutae
1181 521 1391 564 impressione
1422 520 1571 559 munitis,
1595 520 1627 552 in
1656 520 1774 553 iudicio
1796 527 1826 553 et

270 590 363 612 secus
382 589 480 622 super
500 578 538 611 iis
557 589 575 611 a
595 588 772 621 quoquam,
792 578 902 621 quavis
916 583 1027 611 aucto-
1069 575 1157 612 alibi,
1176 575 1229 607 ubi
1251 585 1334 618 opus
1354 576 1446 613 soret,
1465 575 1576 607 eadem
1600 585 1732 617 prorsus
1748 575 1826 607 fides·

271 633 374 672 ritate,
397 631 535 665 scienter
561 632 611 665 vel
639 631 835 674 ignoranter,
857 632 1027 675 contigerit
1047 659 1049 665 ,
1069 629 1278 669 adhibeatur,
1297 640 1378 672 quae
1400 628 1608 661 adhiberetur
1627 628 1748 661 eisdem
1769 628 1825 660 dt·-

271 686 431 727 attentari,
445 685 593 719 similiter
620 685 761 719 decrevit
784 696 821 718 ac
841 685 1024 719 declaravit.
1069 693 1168 726 super
1188 681 1399 715 conficiendis
1420 682 1539 721 literis,
1565 682 1590 714 si
1613 682 1716 714 forent
1736 681 1825 714 exbi-

317 740 332 783 ἓ
351 740 383 773 6.
405 740 475 773 Non
495 739 696 772 obstantibus
713 738 897 783 praemissis
913 739 1028 782 etqui·
1070 736 1153 768 bitae
1174 737 1223 768 vel
1243 741 1400 769 ostensae.

99 797 256 832 ⁰⁰¹¹¹rf¹¹‘⁵'¹‘²¹¹¹¹
271 794 381 827 busvis
400 793 597 837 apostoliciS‚
615 804 652 826 ac
672 793 704 826 in
726 793 978 836 provincialibus
998 798 1029 825 ct
1115 790 1129 833 {i
1149 789 1179 822 8.
1203 790 1246 822 Ne
1267 795 1374 822 antem
1396 789 1434 822 de
1460 789 1692 834 approbatione
1705 817 1712 830 ,
1736 790 1826 823 inno·
1862 801 1944 822 Lumo
1957 805 2026 821 rw„

73 829 189 854 ‘'m‘ffl'
271 847 479 891 synodalibus
505 845 651 879 conciliis
683 845 794 885 editis,
823 846 1029 889 generalibus
1048 857 1051 903 Ι
1071 843 1212 882 vatione,
1242 843 1396 882 decretis,
1429 843 1718 883 declarationibus,
1747 832 2027 884 nova,Zffi'ssekl'ssssfffglss

271 901 320 934 vel
331 900 528 944 specialibus
547 899 834 933 constitutionibus
855 904 885 932 et
902 899 1029 932 ordina-
1049 917 1052 957 Ι
1071 896 1292 936 concessione,
1315 902 1445 935 statuto,
1468 897 1618 929 mandato
1652 902 1683 930 et
1713 897 1826 930 volun-
1841 896 1925 947 25⁶1}ss
1932 894 2025 945 ‘211‘ssquss

272 954 435 993 tionibus,
463 963 591 986 necnon
617 953 817 992 iuramento,
854 953 1028 985 confirma-
1049 962 1052 1017 b
1071 954 1133 981 tate
1154 949 1244 981 Pauli
1274 949 1532 993 praedecessoris
1555 950 1742 983 huiusmodi
1768 962 1827 995 pro
1842 957 1944 977 Pontihce
1961 959 2029 977 edun-

272 1007 360 1041 tione
379 1007 557 1051 apostoliea
580 1007 628 1040 vel
653 1006 764 1049 quavis
789 1006 939 1039 firmitate
967 1006 1029 1038 alia
1072 1013 1109 1035 eo
1129 1003 1215 1045 quod
1237 1012 1335 1045 super
1362 1003 1425 1035 illis
1449 1003 1550 1047 ipsius
1577 1004 1666 1036 Pauli
1696 1005 1829 1048 praede·
1842 991 1883 1013 '¹¹¹²

272 1060 433 1093 roboratis
461 1059 587 1092 statutis
614 1064 645 1092 et
669 1057 970 1097 consuetudinibus,
992 1069 1030 1091 ac
1072 1055 1220 1095 cessoris,
1238 1056 1308 1089 eius
1328 1057 1572 1099 superveniente
1593 1058 1695 1097 obitu,
1719 1059 1829 1091 literae

272 1114 413 1157 partium
426 1113 555 1146 illarum
571 1112 779 1156 pragmaticis
794 1111 1026 1151 sanctionibus,
1072 1110 1237 1142 consectae
1258 1120 1323 1142 non
1352 1110 1503 1149 suerunt,
1525 1111 1626 1143 valeat
1651 1112 1831 1154 quomodo-

275 1166 447 1210 privilegiis
467 1177 609 1209 quoque,
632 1165 766 1198 indultis
785 1170 815 1198 et
837 1165 939 1198 literis
954 1176 1031 1208 apo-
1071 1163 1150 1195 libet
1170 1163 1333 1203 liaesitari,
1352 1168 1380 1195 et
1404 1163 1436 1201 ii,
1455 1175 1594 1206 qnorum
1618 1165 1761 1206 interest,
1775 1171 1831 1197 aut

273 1219 410 1259 stolicis,
432 1219 600 1263 quibusvis
620 1218 784 1262 personis,
811 1218 871 1251 sub
895 1218 1030 1261 quibus-
1075 1216 1080 1221 ’

274 1283 415 1316 cumque
436 1272 602 1305 tenoribus
621 1277 652 1305 et
671 1272 795 1311 formis,
814 1282 850 1304 ac
866 1282 940 1304 curn
961 1271 1031 1314 qui·
1074 1280 1145 1301 rum
1179 1271 1376 1303 trustrentnr
1396 1270 1530 1307 effectu.
1558 1272 1707 1303 volumus
1733 1278 1763 1305 et
1792 1272 1833 1304 si-

274 1325 392 1366 busvis,
405 1326 500 1358 otiam
517 1324 1028 1368 derogatoriarumderogatoriis,
1074 1323 1193 1356 militer
1214 1324 1391 1367 apostolica
1411 1325 1601 1357 auctoritate
1627 1326 1833 1358 decernimus

274 1379 410 1422 aliisque
426 1379 675 1418 efficacioribus,
693 1378 925 1411 efficacissimis
941 1384 967 1411 et
986 1378 1032 1410 in-
1051 1395 1055 1431 ι
1074 1378 1160 1420 quod
1182 1378 1385 1421 approbatio,
1410 1378 1583 1418 intimatio,
1606 1379 1752 1417 ‹lt-creta,
1780 1380 1833 1410 dt·-

275 1431 377 1465 solitis
406 1432 578 1472 clausulis,
611 1432 877 1474 irritantibustpie
904 1438 932 1463 et
962 1432 1033 1464 aliis
1053 1438 1055 1445 ¹
1075 1431 1279 1470 clm-atianes,
1297 1431 1456 1471 voluntas,
1476 1442 1555 1464 nova
1577 1432 1754 1470 concessio,
1773 1438 1834 1464 sta-

275 1486 414 1519 decretis
438 1486 617 1526 concessis,
645 1485 850 1529 approbatis,
873 1496 910 1517 ac
937 1485 1031 1517 etiam
1077 1489 1179 1516 tutum
1209 1485 1462 1527 mandatumtpie
1489 1485 1577 1517 Pauli
1606 1485 1832 1528 praedecesso-

277 1539 398 1572 iteratis
410 1539 532 1572 vicibus
548 1538 717 1578 innovatis,
737 1538 855 1581 quibus
868 1537 1031 1574 omnibus,
1077 1537 1119 1570 ris
1139 1538 1325 1571 liuiusmodi
1348 1539 1481 1581 perinde
1506 1550 1523 1571 a
1549 1538 1630 1571 dicta
1661 1539 1712 1571 die
1741 1540 1833 1571 tertio

277 1593 372 1626 etiam
393 1593 431 1634 si,
465 1604 522 1636 pro
552 1593 682 1626 illorum
709 1591 879 1625 sufficienti
899 1592 1034 1634 deroga-
1053 1606 1057 1660 ἱ
1077 1602 1177 1623 nonas
1198 1592 1266 1624 iulii
1287 1603 1382 1624 suum
1404 1592 1580 1624 sortiantur
1604 1592 1774 1631 effectum,
1798 1604 1832 1625 ac

279 1647 385 1687 tione,
407 1647 446 1680 de
472 1647 535 1688 ill-is
561 1657 741 1690 eorumque
770 1646 844 1679 totis
868 1645 1035 1678 tenoribus
1054 1674 1057 1698 ¹
1077 1645 1102 1677 si
1124 1656 1222 1689 super
1243 1646 1306 1678 illis
1326 1645 1427 1689 ipsius
1448 1646 1703 1689 praedecessoris
1721 1647 1832 1679 literae

279 1701 439 1745 specialis,
458 1701 609 1745 specifica
630 1707 661 1734 et
679 1711 828 1744 expressa
843 1700 965 1733 mentio
982 1700 1035 1732 lia·
1055 1715 1057 1723 =
1077 1700 1136 1731 sub
1157 1700 1301 1733 eiusdem
1322 1700 1384 1733 diei
1405 1701 1476 1733 data
1501 1702 1664 1734 contectae
1686 1702 1831 1739 fuissent,

278 1754 395 1794 benda,
413 1759 469 1787 aut
487 1754 597 1797 aliqua
616 1754 679 1786 alia
698 1753 855 1798 exquisita
874 1753 977 1786 fornia
996 1753 1034 1786 ad
1054 1740 1057 1777 i
1078 1759 1174 1798 prout
1193 1755 1343 1797 superins
1364 1761 1545 1792 enarratur:
1567 1755 1719 1798 quodque
1741 1767 1834 1799 prae-

1835 254 1885 279 An.
1903 254 1931 279 C.
1952 251 2022 279 ¹5:20

1074 1217 1217 1249 intererit
1247 1217 1490 1260 quomodolibet
1512 1218 1544 1250 in
1566 1219 1711 1251 futurum
1726 1246 1733 1258 ,
1757 1219 1830 1251 illo-

1050 1185 1053 1224 Ι

1050 1241 1054 1287 l

127 2453 270 2483 Transumptis

89 2489 145 2511 credi
160 2488 228 2508 iussu,

280 1808 342 1841 hoc
361 1807 516 1840 servanda
535 1808 617 1840 soret
630 1835 637 1848 ,
657 1807 741 1840 idem
761 1807 880 1839 Paulus
900 1807 1034 1850 praede-

280 1871 398 1902 cessor,
417 1866 546 1894 tenores
561 1860 761 1900 huiusmodi,
779 1871 815 1892 ae
836 1860 861 1892 si
882 1860 920 1893 de
940 1860 1035 1893 verbo

279 1915 319 1948 ad
338 1914 472 1948 verbum
494 1914 603 1948 inserti
625 1916 741 1955 l'orent,
761 1925 820 1957 pro
840 1914 1037 1947 sufficienter

279 1969 437 2012 expressis
457 1975 485 2003 ct
512 1969 640 2002 insertis
660 1969 799 2007 liabens,
819 1968 882 2001 illis
905 1969 982 2002 alias
1005 1969 1036 2001 iu

280 2033 338 2056 suo
348 2023 465 2056 robore
477 2024 711 2067 permansuris,
725 2034 762 2055 ea
778 2023 844 2055 rice
859 2024 1034 2063 dumtaxat,

280 2077 462 2120 specialiter
482 2083 513 2110 et
542 2088 690 2121 expresse
711 2077 893 2119 derogavit,
918 2077 1037 2120 illaque

281 2131 433 2164 adversus
461 2132 638 2175 praemissa
665 2132 849 2164 nullatenus
869 2130 1036 2173 suflragari

282 2195 374 2228 posse
389 2184 541 2224 decrevit3
554 2196 681 2218 necnon
698 2183 849 2217 omnibus
865 2183 938 2224 illis,
956 2194 1038 2226 (piare

281 2238 368 2270 idem
388 2237 493 2271 Sixtus
520 2239 750 2281 praedecessor
774 2238 805 2270 in
826 2237 920 2270 dictis
940 2237 1039 2271 literis

282 2292 382 2325 voluit
415 2303 480 2325 non
507 2292 646 2333 obstare,
669 2292 848 2335 ceterisque
869 2292 1039 2325 contrariis

283 2346 556 2390 quibuscumque.

328 2401 344 2444 ἓ
364 2400 395 2434 7.
417 2400 455 2433 Et
474 2400 617 2445 insuper,
640 2400 717 2444 quia
740 2400 870 2434 difficile
894 2401 977 2434 soret
1002 2401 1038 2433 li-

284 2459 369 2487 teras
378 2454 517 2498 desuper
526 2454 744 2488 conficiendas
757 2455 795 2487 ad
805 2454 931 2497 singula
946 2464 1041 2497 quae-

285 2514 349 2546 que
366 2504 449 2543 loca,
466 2504 499 2536 in
520 2503 638 2547 quibus
657 2503 695 2537 de
716 2504 761 2537 eis
781 2504 889 2536 forsan
905 2502 984 2535 fides
998 2502 1040 2534 fa-

287 2551 400 2585 cienda
420 2552 513 2591 soret,
537 2551 661 2586 deferre
676 2579 683 2592 ,
706 2552 790 2586 idem
811 2552 929 2584 Paulus
951 2562 1039 2594 prae-

286 2601 438 2634 decessor
455 2602 574 2640 voluit,
596 2613 632 2634 ac
653 2608 756 2641 motu,
779 2601 912 2635 scientia
933 2606 961 2633 et
982 2612 1039 2644 po>

1079 1813 1184 1840 sentes
1217 1807 1329 1841 literae
1355 1808 1393 1841 ad
1422 1809 1625 1852 probandum
1654 1810 1746 1852 plene
1780 1820 1835 1852 ap-

1079 1861 1316 1904 probationem,
1341 1861 1592 1902 innovationem,
1615 1862 1756 1901 decreta,
1779 1863 1834 1895 de-

1079 1914 1288 1953 clarationes,
1308 1925 1421 1947 novam
1451 1915 1692 1948 concessionem
1706 1943 1713 1955 ,
1735 1921 1835 1948 statu-

1079 1972 1161 2007 tum,
1181 1968 1366 1999 mandatum
1384 1973 1410 1999 et
1431 1968 1626 2000 voluntatem
1638 1968 1835 2012 Pauliprae-

1080 2022 1256 2054 decessoris
1268 2022 1454 2054 huiusmtuli
1465 2022 1585 2065 ubique
1596 2023 1766 2060 sulliciant,
1778 2033 1836 2054 nec

1080 2074 1119 2106 ad
1140 2074 1171 2106 id
1202 2075 1400 2117 probationis
1434 2075 1566 2107 alterius
1600 2075 1835 2108 adminiculum

1080 2129 1276 2171 requiratur.

1125 2184 1139 2225 ζ
1160 2183 1191 2215 (t).
1215 2183 1373 2221 Quocirca
1398 2183 1555 2216 universis
1580 2189 1607 2216 el
1635 2184 1769 2226 siugulis
1790 2196 1837 2216 vc·
1862 2194 2036 2221 fluentemque

1851 2227 1987 2254 depuhnuffi

1081 2237 1279 2269 ine-rabilibus
1290 2238 1443 2271 fratribus
1458 2238 1837 2282 nostrisarchiepiscopis

1082 2296 1111 2323 et
1131 2291 1290 2335 episcopis
1309 2303 1344 2324 ac
1365 2292 1490 2325 dilectis
1516 2292 1590 2324 tiliis
1611 2292 1780 2325 abbatibus
1808 2298 1838 2325 et

1082 2344 1151 2377 aliis
1185 2346 1331 2389 personis
1362 2346 1393 2378 in
1428 2346 1581 2389 dignitate
1619 2346 1837 2379 ecclesiastica

1083 2399 1278 2439 constitutis,
1302 2410 1430 2433 necnon
1458 2401 1781 2444 metropolitanarum
1808 2406 1839 2433 ct

1082 2453 1220 2485 aliarum
1245 2453 1478 2487 cathedralium
1509 2455 1720 2487 ecclesiarum
1743 2465 1838 2487 cano-

1084 2502 1175 2542 nicis,
1193 2513 1230 2536 ac
1248 2503 1412 2536 modernis
1428 2509 1456 2536 et
1474 2515 1532 2547 pro
1549 2509 1693 2547 tempore
1705 2503 1837 2536 existen-

1083 2552 1168 2585 tibus
1188 2563 1357 2585 causarum
1379 2552 1531 2586 Gamerae
1557 2553 1759 2596 Apostolieae
1779 2564 1837 2584 au-

1083 2601 1178 2633 ditori
1199 2606 1226 2634 et
1248 2607 1359 2633 nostro
1381 2602 1410 2633 in
1432 2602 1517 2634 alma
1538 2602 1621 2634 t‘rtw
1641 2607 1669 2633 et
1692 2601 1777 2634 illius
1794 2602 1838 2633 di-

287 2651 407 2684 testatis
429 2651 625 2695 plenitudiue
648 2651 831 2694 praemissis
851 2650 970 2695 pariter
986 2651 1040 2683 dc-
1058 2663 1064 2685 5
1086 2650 1194 2683 sti-ictu
1215 2650 1345 2693 vicario,
1364 2662 1399 2685 ac
1416 2652 1603 2685 corti-rutheni
1622 2651 1836 2697 archicpisco-
