2227 3001
206 261 255 287 An.
278 260 306 287 C.
324 261 384 288 {55¹

449 251 513 285 450

996 255 1175 280 ntiLLAtttUM
1201 254 1351 278 ROMANUM

404 313 620 357 regis,regina
631 323 805 355 regnorum
815 309 1001 343 huiusmodi
1013 319 1071 352 pro
1080 313 1158 340 tcm—
1201 310 1261 341 ret:
1279 317 1315 339 ac
1331 316 1426 338 omne
1443 306 1492 339 ius
1508 311 1538 339 et
1553 304 1657 339 omnis
1669 303 1843 338 auctoritas
1858 309 1888 336 et
1901 314 1953 347 po-

403 377 483 411 pore
499 366 607 406 fuerit,
619 371 650 399 et
661 365 861 408 singularum
878 362 1066 395 militiarum
1078 371 1158 405 prae-
1203 364 1296 392 testas
1317 359 1446 392 militias
1466 365 1496 392 et
1521 359 1723 403 magistratus
1748 357 1952 407 huiusmodi,

403 420 562 454 dictarum
580 424 610 452 et
624 419 752 451 illarum
769 416 1026 454 maeistratuum,
1039 414 1159 456 absque
1202 418 1264 445 tam
1286 412 1317 445 in
1343 412 1564 456 spiritualibus
1583 423 1680 456 quam
1708 412 1740 444 in
1767 410 1955 455 temporali-

404 473 467 507 alio
488 473 567 507 iuris
592 478 646 505 aut
666 471 749 515 pacti
766 469 959 509 ministerio,
983 473 1160 513 perpetuus

404 528 644 562 administrator
663 530 714 557 aut
737 523 984 556 administratrix
997 522 1033 554 sit
1047 527 1077 554 et
1092 532 1160 554 esse

405 585 586 619 censeatur,
609 589 645 611 ac
683 577 929 620 magistratuum
969 575 1157 608 eorumdem

403 633 637 680 possessionem
664 633 795 675 propria
832 629 1022 663 auctoritate
1060 629 1159 661 libere

403 686 647 732 apprehendere
680 691 711 718 et.
738 689 895 728 perpetuo
922 683 1080 723 retinere,
1103 693 1158 715 seu

403 742 511 781 etiam,
533 740 654 784 absque
670 739 731 772 alia
748 737 960 782 possessionis
975 737 1158 781 apprehen-

403 795 503 834 sione,
526 792 656 827 militias
676 792 761 836 ipsas
781 797 809 825 et
831 802 942 824 earum
957 791 1160 833 magistratus

401 858 513 891 regere
523 853 554 880 et
564 845 802 883 administrare,
814 854 941 877 necnon
954 843 1084 876 illorum
1098 843 1160 876 sru-

402 908 484 941 ctus,
503 900 660 939 redditus,
682 905 868 943 proventus,
891 898 975 937 iura,
998 896 1160 930 obventio-

401 965 458 989 nes
477 960 508 988 et
531 953 751 987 emolumenta
777 963 813 984 ac
842 951 904 984 alia
929 949 1104 994 praemissa
1128 949 1158 982 in

401 1019 477 1042 suos
496 1012 527 1041 et
546 1006 790 1050 magistratuum
821 1003 1060 1048 praedictorum
1082 1013 1160 1035 usus

401 1068 432 1096 et
461 1056 629 1094 utilitatem
658 1064 861 1099 convertere,
893 1057 1157 1090 dioecesanorum

402 1118 549 1150 locorum
568 1114 616 1147 vel
646 1112 833 1157 quorumvis
862 1112 1002 1145 aliorum
1031 1110 1158 1143 licentia

400 1170 448 1204 vel
478 1179 636 1203 consensu
671 1167 812 1211 desuper
845 1166 977 1199 minime
1008 1164 1159 1208 requisita

345 1252 350 1257 .
400 1224 447 1256 vel
463 1222 631 1266 requisito,
642 1231 768 1254 necnon
784 1218 1041 1265 praeceptorias,
1058 1217 1159 1260 digni-

226 1875 351 1896 Omntmoda
364 1877 384 1896 in

200 1909 319 1933 praecept„
351 1907 385 1927 mi-

200 1938 263 1962 lites,
300 1937 385 1964 tratres,

200 1974 304 1995 personas
317 1984 323 1994 ‚
348 1975 386 1995 op-

199 2000 255 2026 pida,
274 2003 344 2020 castra
363 2005 387 2020 nc

200 2030 256 2051 bona
299 2030 386 2051 militiae

200 2061 263 2082 huius
306 2062 386 2082 eisdem

200 2093 286 2118 regibus
305 2093 388 2114 iurisdi-

200 2124 243 2145 ctio
259 2125 365 2145 tribuitur.

400 1281 490 1317 tates,
511 1274 637 1319 aliaque
657 1273 815 1307 beneficia
841 1278 871 1305 et
896 1271 1000 1305 officia
1031 1270 1157 1303 militia-

401 1340 474 1363 rum
494 1327 694 1367 huiusmodi,
717 1337 753 1359 ac
777 1326 840 1359 alia
867 1325 906 1358 ad
936 1324 1156 1362 collationem,

401 1382 636 1427 provisionem,
674 1378 985 1424 praesentationem,
1026 1376 1158 1410 electio—

400 1447 474 1471 nem
496 1446 552 1469 seu
567 1434 712 1478 quamvis
728 1433 822 1466 aliam
839 1431 1082 1476 dispositionem
1101 1440 1158 1474 pro

400 1497 546 1534 tempore
573 1487 776 1522 existentium
805 1486 995 1519 earumdem
1029 1484 1157 1517 militia-

401 1554 473 1578 rum
494 1542 693 1582 huiusmodi,
726 1552 762 1574 ac
783 1541 843 1573 alia
864 1541 903 1573 ad
929 1538 1135 1572 collationem
1149 1565 1156 1578 ,

400 1595 614 1641 provisionem
622 1622 629 1635 ,
641 1594 945 1639 praesentationem,
955 1592 1158 1631 electionem,

399 1662 456 1684 seu
472 1649 617 1695 quamvis
632 1649 728 1681 aliam
745 1647 989 1692 dispositionem
1006 1657 1065 1690 pro
1081 1652 1158 1679 tem-

399 1714 478 1748 pore
512 1702 715 1736 existentium
750 1700 938 1734 earumdem
968 1699 1157 1732 militiarum

399 1756 627 1799 magistrorum
657 1753 852 1798 spectantia,
882 1757 945 1785 tam
981 1751 1157 1785 saecularia

398 1820 495 1854 quam
517 1808 679 1852 regularia
699 1806 857 1840 beneficia
874 1805 1021 1850 personis
1036 1805 1159 1838 idoneis

400 1863 546 1922 confirm
568 1867 598 1920 ei
626 1861 808 1904 aggignarff’
830 1870 957 1892 necnon
983 1869 1159 1918 psaemfsssi
1179 1889 1180 1920 l
1201 1897 1309 1925 restem
1336 1898 1391 1919 seu
1424 1888 1567 1920 reo-inam
1594 1888 1679 1921 circa
1701 1889 1882 1932 spiritualia
1903 1890 1958 1923 de-

400 1928 508 1951 omnia
523 1922 554 1949 et
573 1916 711 1958 Singula,
734 1920 761 1948 et
785 1920 993 1972 cetera-quae
1017 1918 1158 1955 magistri
1202 1920 1353 1984 lufiandis
1384 1914 1492 1974 omnssa
1522 1948 1549 1974 0¹
1577 1942 1704 1976 simula
1730 1954 1959 1988 quaecumque

401 1970 587 2003 mimarum
618 1968 805 2002 hUiUSmOdl
822 1995 829 2007 ’
852 1979 907 2011 qm
928 1978 987 2011 pro
1013 1972 1158 2010 tempore
1179 1967 1181 2027 i
1201 1996 1403 2033 sineularum
1415 1995 1602 2029 militiarum
1616 1970 1883 2041 heuiusmodhqui
1900 2008 1959 2041 pro

401 2025 552 2063 suerunt,
575 2023 606 2055 in
629 2022 853 2066 spiritualibus
872 2026 903 2054 et
926 2020 1159 2064 temporalibus

401 2079 525 2117 facere,
547 2088 680 2121 gerere,
704 2086 854 2109 exercere
883 2081 913 2108 et
933 2075 1159 2107 administrare

402 2136 636 2165 consueverunt
673 2141 728 2163 seu
758 2134 934 2173 potuerunt
962 2134 1017 2161 aut
1041 2128 1160 2161 debue-

402 2190 489 2224 runt,
502 2185 619 2223 facere,
637 2194 749 2226 gerere
765 2188 796 2215 et
810 2193 959 2215 exercere
976 2188 1003 2214 et
1022 2181 1159 2215 admini-

401 2243 515 2277 strare,
539 2247 665 2270 necnon
686 2235 942 2268 iurisdictionem
960 2241 988 2268 et
1012 2235 1159 2278 superio-

401 2290 526 2324 ritatem
548 2301 584 2323 ac
612 2289 842 2332 quodcumque
867 2288 954 2321 aliud
980 2288 1159 2321 dominium

401 2346 433 2378 in
453 2348 679 2389 praeceptores
700 2349 730 2376 et
750 2343 866 2375 milites
894 2348 922 2375 et
948 2343 1027 2376 alios
1048 2344 1160 2375 fratres

401 2403 431 2432 et
450 2407 616 2442 personas,
639 2407 765 2429 necnon
783 2396 912 2440 oppida,
926 2402 1028 2429 terras
1044 2402 1074 2429 et
1090 2397 1160 2428 loca

401 2463 438 2486 ac
458 2452 541 2485 bona
569 2456 599 2483 et
618 2461 669 2483 res
692 2450 878 2483 militiarum
900 2451 1086 2484 huiusmodi
1104 2461 1161 2494 per

402 2511 514 2534 earum
536 2499 705 2542 magistros
725 2500 866 2532 exerceri
888 2500 990 2539 solita,
1010 2511 1160 2533 exercere

402 2549 502 2583 libere
531 2553 561 2582 et
580 2548 665 2581 licite
696 2548 793 2592 possit
814 2548 845 2580 in
876 2549 1026 2582 omnibus
1052 2555 1079 2581 et
1102 2560 1161 2593 per

404 2599 523 2639 omnia,
542 2598 674 2642 perinde
700 2608 736 2631 ac
758 2598 780 2629 si
808 2597 1010 2640 singularum
1033 2598 1160 2631 militia-

406 2659 477 2682 rum
500 2647 736 2693 praedictarum
758 2657 851 2681 verus
877 2647 1027 2689 magister
1051 2647 1161 2680 existe-

1203 466 1273 505 bus,
1292 466 1423 508 regendi
1453 471 1483 498 et
1511 466 1766 505 administrandi3
1791 476 1827 498 ac
1852 464 1957 498 omnis

1202 519 1262 551 ali-t
1285 518 1462 551 iurisdictio
1483 524 1511 551 et
1533 518 1777 559 administratio,
1796 518 1835 551 ad
1851 518 1957 561 singu-

1203 573 1249 604 los
1283 571 1452 615 magistros
1481 571 1669 604 militiarum
1703 571 1889 605 huiusmodi
1918 571 1957 604 de

1202 624 1272 657 iure
1293 625 1340 657 vel
1368 624 1600 657 consuetudine
1630 630 1685 657 aut
1718 624 1795 657 alias
1824 634 1958 668 quomo-

1202 678 1322 711 dolibet
1343 678 1516 721 pertinens,
1530 685 1560 711 et
1575 689 1657 721 quae
1672 678 1704 711 in
1721 678 1865 711 futurum
1887 688 1957 722 per-

1202 733 1303 764 tinere
1324 732 1450 776 poterit,
1472 743 1546 766 cum
1568 732 1675 775 regnis
1694 732 1880 766 huiusmodi
1908 731 1957 765 in-

1202 791 1394 829 corporetur
1413 791 1443 818 et
1469 785 1697 819 consolidetur.

1247 839 1261 881 g
1286 838 1316 872 6.
1340 838 1391 871 Sic
1413 844 1533 879 tamen,
1551 838 1638 882 quod
1659 849 1717 882 pro
1735 844 1880 883 tempore
1896 838 1959 871 exi-

1202 898 1288 925 stens
1308 892 1515 935 Portugalliae
1536 897 1565 925 et
1585 892 1811 934 Algarhiorum
1826 902 1880 925 rex
1900 902 1957 926 seu

1202 945 1325 989 regina,
1348 956 1385 979 ea
1405 956 1488 990 quae
1514 945 1694 989 spiritualia
1723 956 1782 989 pro
1811 951 1959 989 tempore

1202 1004 1412 1039 concernent‚
1431 1010 1489 1043 per
1500 998 1632 1032 idoneas
1644 1009 1798 1043 personas
1813 999 1958 1043 ipsarum

1203 1052 1401 1092 militiarum,
1424 1063 1578 1096 personas
1594 1052 1772 1095 religiosas,
1790 1053 1828 1085 ad
1850 1053 1881 1086 id
1901 1063 1960 1097 per

1202 1117 1260 1150 per
1280 1117 1354 1139 cum
1376 1106 1588 1150 deputandas,
1616 1111 1646 1139 et
1670 1106 1709 1139 ad
1730 1106 1800 1139 eius
1819 1106 1958 1140 liberum

1202 1166 1317 1193 nutum
1338 1165 1368 1193 et
1388 1160 1558 1193 arbitrium
1584 1160 1784 1201 amovibiles,
1806 1160 1908 1204 probe
1929 1165 1959 1194 et

1202 1214 1408 1247 laudabiliter
1429 1214 1573 1247 exerceri
1598 1214 1705 1247 facere
1726 1213 1841 1247 debeat
1861 1218 1892 1247 et
1911 1219 1958 1248 te-

1202 1273 1328 1308 neatur,
1364 1268 1541 1312 apostolica
1567 1268 1760 1301 auctoritate
1780 1267 1956 1312 praedicta,

1202 1326 1312 1354 tenore
1326 1321 1558 1365 praesentium,
1572 1326 1732 1366 perpetuo
1749 1321 1959 1355 concedimus

1201 1380 1232 1408 ct
1252 1375 1482 1408 committimus
1503 1381 1533 1408 et
1553 1375 1767 1418 assignamus,
1784 1375 1958 1419 ipsumque

1200 1427 1353 1461 Ioannem
1374 1433 1404 1461 et
1424 1439 1483 1472 pro
1509 1434 1654 1473 tempore
1675 1428 1863 1462 existentem
1883 1429 1959 1462 Por-

1202 1482 1353 1524 tugalliae
1373 1487 1403 1515 et
1423 1483 1651 1525 Algarbiorum
1672 1493 1781 1525 regem
1798 1493 1856 1516 seu
1876 1483 1959 1526 regi-

1201 1541 1287 1570 nam,
1300 1530 1437 1570 etiamsi,
1452 1536 1484 1563 ut
1503 1531 1697 1574 praefertur,
1712 1531 1821 1564 minor
1836 1531 1958 1573 existat,

1201 1584 1396 1623 perpetuum
1422 1585 1453 1613 et
1479 1579 1724 1613 irrevocabilem
1755 1580 1957 1623 singularum

1201 1627 1391 1661 militiarum
1419 1633 1449 1661 et
1469 1639 1583 1662 earum
1611 1629 1878 1671 magistratuum,
1907 1630 1959 1663 iu-

1201 1676 1354 1720 riumque
1375 1683 1406 1711 et
1427 1678 1697 1721 pertinentiarum
1718 1678 1959 1722 praedictorum

1201 1730 1232 1763 in
1262 1730 1486 1775 spiritualibus
1507 1737 1537 1765 et
1557 1732 1792 1776 temporalibus
1821 1732 1959 1766 admini-

1201 1779 1380 1813 stratricem
1402 1781 1629 1814 constituimus
1650 1785 1681 1813 et
1700 1781 1908 1825 deputamus3
1930 1787 1960 1815 et

1202 1833 1349 1876 personis
1376 1845 1432 1877 per
1453 1839 1483 1867 et
1508 1845 1566 1878 pro
1598 1840 1744 1878 tempore
1770 1835 1958 1869 existentem

1201 2049 1349 2088 tempore
1375 2045 1518 2085 suerunt,
1546 2046 1577 2079 in
1598 2046 1874 2079 concernentibus
1893 2046 1958 2091 spi-

1202 2094 1343 2134 ritualia,
1363 2106 1420 2138 per
1441 2106 1472 2128 se
1492 2096 1540 2128 vel
1561 2095 1653 2135 alios,
1668 2095 1832 2136 ordinare,
1848 2094 1957 2140 dispo-

1202 2154 1297 2182 nere,
1320 2143 1474 2176 mandare
1500 2149 1528 2176 et
1551 2144 1656 2177 facere
1677 2144 1715 2177 de
1736 2144 1807 2178 iure
1828 2149 1859 2177 et
1878 2155 1957 2178 cou-

1203 2193 1373 2225 suetudine
1395 2198 1447 2225 aut
1476 2193 1554 2225 alias
1579 2194 1824 2237 quomodolibet
1847 2199 1958 2238 potue-

1202 2247 1278 2274 runt.
1307 2252 1363 2274 seu
1393 2242 1593 2281 debuerunt,
1630 2242 1814 2283 ordinandi,
1850 2242 1958 2288 dispo-

1203 2291 1317 2330 nendi,
1359 2291 1531 2323 mandandi
1571 2297 1601 2324 et
1639 2291 1776 2325 faciendi
1814 2293 1956 2336 plenam,

1202 2340 1336 2373 liberam
1379 2345 1405 2373 et
1449 2340 1669 2374 omnimodam
1710 2342 1893 2375 facultatem
1929 2348 1957 2375 et

1203 2395 1393 2433 potestatem
1424 2390 1644 2423 concedimus.

1247 2440 1261 2482 ᾗ
1290 2440 1319 2472 7.
1344 2440 1377 2472 Et
1399 2451 1436 2471 ne
1465 2439 1496 2471 in
1517 2440 1673 2473 iudicium
1698 2441 1956 2482 ¹concessionis,

1203 2488 1452 2527 commissionis,
1470 2488 1705 2531 assignationis,
1722 2490 1959 2525 constitutionis

1203 2543 1232 2570 rt
1254 2537 1471 2581 deputationis
1499 2543 1682 2571 nostrarum
1705 2539 1955 2583 praedictarum,

1205 2594 1431 2631 praeceptores
1452 2598 1506 2621 seu
1531 2588 1646 2622 milites
1665 2589 1713 2622 vel
1734 2589 1847 2623 fratres
1874 2589 1956 2623 mili-

1242 2657 1248 2681 t
1272 2656 1395 2691 Legimus
1412 2659 1607 2689 prariudirium
1624 2656 1662 2692 (u.
1681 2658 1730 2686 TA.

1973 246 2018 273 an.
2036 247 2063 273 C.
2085 247 2146 274 155(

1984 847 2100 868 Concessio
2110 852 2155 868 enm

1971 877 2072 898 tacutiate
2081 877 2158 898 substi—

1973 910 2044 930 tuendi
2066 914 2103 935 pro
2124 915 2157 930 re—

1973 941 2047 967 gendis
2094 939 2157 961 rebus

1972 971 2124 999 spiritualibus.

1973 2451 2111 2478 Praeceptor,
2122 2453 2158 2473 mi-

1973 2484 2086 2511 litibusque
2125 2485 2158 2506 iu·

1973 2516 2066 2541 magistri
2077 2514 2156 2542 eligen-

1973 2547 1991 2567 di
2001 2547 2104 2567 adimitur.
