2227 3001
33 287 81 316 An.
99 287 128 315 C.
150 284 216 313 1533

33 350 114 371 acuet
133 349 181 383 ideo
197 349 217 368 in
233 336 445 372 solicitudinis
478 338 633 368 vocentur
673 338 707 365 ut
748 341 806 377 pro
838 332 1004 375 tcmporel

32 380 218 435 52i221,2⁹1⁵'sd0²⁵¹:
233 391 378 425 existenti
403 390 547 422 Romano
576 386 722 420 Pontifici
748 385 911 423 assistant,
935 385 982 427 ip-
1003 420 1004 434 ἶ

32 444 107 464 dentes
132 442 217 469 praete-

33 478 106 496 runtur
121 474 218 494 absenti·
941 492 945 496 Ι
1003 483 1004 491 ,

32 506 70 526 hus
84 506 104 542 {u
124 505 217 531 ortioni-
232 498 354 542 agenda
373 497 532 541 disponat,
554 501 583 528 et
604 495 699 527 iidem
725 493 903 527 cardinales
923 497 984 524 sint
1003 496 1004 507 ³

32 536 217 590 iiiiffliiiffuii
233 563 306 597 pars
325 551 472 595 corporis
497 555 527 582 et
555 549 699 582 membra
729 548 829 591 ipsius

31 599 190 621 cathedralium.

72 1586 111 1608 Hic
126 1585 222 1607 Pontitex

37 1622 132 1645 tempore
160 1623 224 1638 crea—

38 1650 102 1670 tionis
124 1652 169 1670 erat
185 1650 223 1669 de-

38 1687 103 1701 canus
123 1680 223 1700 cardina-

38 1711 96 1737 lium,
112 1714 133 1732 et
145 1711 222 1731 deiude

38 1743 131 1764 decanus
153 1742 223 1762 cardi-

37 1774 114 1795 natium
127 1773 223 1800 Bettayus

39 1806 63 1826 ab
85 1811 111 1826 eo
126 1805 224 1826 ‹lectan-

39 1840 72 1858 tut
85 1836 130 1858 tuit.

876 276 992 301 PAULt's
1017 275 1047 299 IV
1071 274 1117 299 Pr,

233 455 330 488 seque
354 445 518 477 Romanus
537 442 679 474 Pontifex
709 449 821 473 eorum
850 438 983 471 consilio
1003 436 1004 445 ¹

849 546 982 579 Romani
1003 534 1006 573 l

232 605 407 643 Pontificis‚
429 615 465 637 ac
482 603 613 636 diversis
629 603 731 634 almae
748 601 842 634 L'rbis
858 605 984 632 nostrae
1004 580 1007 652 l

233 658 472 705 parochialibus
492 657 635 690 ecclesiis
656 667 713 699 pro
739 666 852 688 eorum
881 654 983 686 cardi-

232 714 357 747 nalatus
377 713 470 752 titulo
501 722 555 744 seu
586 709 847 743 denominatione
869 708 984 752 praesi-
1005 702 1007 738 l

232 768 370 807 ciuntur,
393 772 423 799 et
443 767 474 798 in
491 766 536 799 eis
555 764 772 809 episcopalem
790 762 985 795 iurisdictio-
1006 802 1007 807 1

232 832 305 855 nem
335 821 485 860 habeant,
514 825 543 852 et
568 823 738 863 propterea
774 818 804 849 iu
844 813 1008 872 Romana¹

231 876 327 909 Curia
346 875 487 908 residere
507 873 661 913 debeant;
684 876 934 915 praesentesque
955 870 985 902 in
1006 877 1008 900 ῑ

233 930 316 963 dicta
335 928 431 962 Curia
448 928 548 970 magis
568 927 655 970 digni
672 932 701 959 et
720 925 908 969 privilegiati
925 924 987 957 exi·
1008 923 1009 928 ’

233 989 316 1017 stant
334 993 430 1027 quam
453 983 611 1020 absentes,
634 986 664 1013 et
684 981 715 1012 in
736 979 923 1023 optionibus
949 978 986 1010 ti·
1007 991 1010 1046 ι

234 1039 378 1071 tulorum
400 1048 436 1070 ac
453 1035 725 1070 sexecclesiarum
737 1033 986 1071 cathedralium,

233 1091 352 1135 quihus
376 1090 572 1129 cardinales,
606 1099 663 1132 pro
699 1097 812 1120 eorum
839 1086 985 1119 cardina·
1008 1089 1010 1127 ζ

233 1146 316 1179 latus
347 1146 460 1185 titulo,
491 1142 622 1188 praefici
644 1142 767 1180 solent,
790 1140 986 1181 absentibus,
1009 1141 1011 1182 ζ

233 1199 328 1234 etiam
354 1205 426 1233 ante
450 1198 557 1232 cosin
583 1195 761 1229 cardinales
794 1194 987 1238 assumptis,

234 1254 477 1298 praeferantur·,
495 1258 524 1286 et
550 1251 575 1284 si
595 1251 651 1283 uni
672 1261 710 1283 ex
729 1249 821 1282 dictis
846 1249 990 1282 ecclesiis

234 1307 471 1341 cathedralibus
504 1304 657 1349 praefecti
691 1303 819 1343 suerint,
846 1313 881 1336 ex
920 1308 989 1346 post
1010 1340 1011 1351 γ

234 1371 362 1405 semper
377 1360 457 1393 alios
472 1369 536 1392 non
565 1358 735 1403 episcopos
756 1357 936 1391 cardinales
958 1357 990 1390 in
1010 1354 1012 1371 ³

233 1414 399 1459 quibusvis
423 1413 547 1446 actibus
579 1417 609 1446 et
640 1410 837 1445 sessionibus
858 1421 989 1454 praece-

237 1470 323 1503 dant.

280 1523 296 1567 ‘g
314 1523 346 1556 ⁶2.
369 1523 443 1563 Nos,
466 1533 503 1555 ex
523 1520 709 1565 praemissis
725 1524 755 1553 et
770 1519 902 1553 diversis
923 1520 992 1553 aliis

237 1577 342 1611 causis
377 1577 522 1610 animum
551 1580 698 1608 nostrum
721 1573 922 1607 moventibus
948 1580 989 1615 et,
1011 1592 1014 1619 ι

237 1631 322 1664 inter
336 1636 452 1670 cetera,
462 1634 497 1663 ut
510 1629 638 1662 eosdem
652 1628 831 1662 cardinales
847 1628 993 1662 absentes
1012 1620 1014 1643 ³

237 1685 276 1719 ad
296 1684 502 1719 residendum
520 1684 552 1717 in
570 1683 666 1717 Curia
682 1683 845 1726 aliquibus
865 1682 993 1716 uberio-

236 1739 326 1773 ribus
345 1738 507 1772 favoribus
534 1744 563 1771 et
590 1737 819 1781 praerogativis
846 1736 992 1770 allicere-

238 1803 326 1832 mus,
361 1791 518 1825 decanatu
544 1790 670 1833 collegii
697 1790 911 1823 cardinalium
931 1790 993 1823 hu-

238 1846 388 1887 iusmodi,
400 1856 497 1889 quem
507 1856 575 1885 nos,
585 1845 661 1878 dum
673 1844 704 1877 in
723 1844 904 1877 minoribus
915 1855 992 1877 con-

238 1900 337 1936 stituti
358 1911 512 1940 essemus,
529 1899 765 1939 obtinebamus,
781 1904 811 1932 et
826 1899 865 1932 ad
882 1909 992 1942 quem,
1013 1918 1015 1927 ε

237 1959 371 1999 propter
379 1959 522 1987 nostram
535 1953 722 1987 continuam
735 1953 767 1985 in
777 1953 889 1986 eadem
899 1952 995 1987 Curia

236 2007 456 2048 residentiam,
470 2013 543 2041 ante
559 2007 638 2040 alios
654 2006 833 2040 cardinales
851 2007 944 2040 nobis
962 2007 994 2040 in
1013 1977 1016 2024 Ι

238 2062 440 2096 cardinalatu
455 2062 666 2106 antiquiores,
676 2066 753 2095 tunc
765 2062 804 2094 ab
819 2061 886 2106 ipsa
898 2061 994 2096 Curia

238 2116 397 2157 absentes,
419 2126 682 2161 perveneramus,
704 2127 764 2160 per
788 2121 931 2148 nostram
955 2116 994 2149 ad

239 2169 993 2214 summiapostolatusfastigiumassumptionem

237 2223 602 2268 vacante,habitasuper
612 2223 662 2256 his
677 2234 751 2256 cum
764 2223 916 2256 fratribus
935 2234 994 2256 no-

239 2277 312 2311 stris
330 2277 364 2310 in
378 2276 568 2310 consistorio
581 2282 690 2310 nostro
705 2281 827 2309 secreto
839 2276 996 2310 delibera-

240 2331 325 2364 tione
335 2335 473 2372 matura,
484 2330 523 2364 de
534 2341 648 2364 eorum
661 2330 796 2364 consilio
808 2330 993 2367 etunanimi

239 2384 598 2425 assensu,venerabilem
609 2384 739 2418 fratrem
750 2389 896 2417 nostrum
906 2384 995 2417 Ioan-

240 2449 314 2472 nem
324 2438 515 2482 episcopum
539 2437 729 2478 Ostiensem,
747 2438 779 2471 S.
798 2437 834 2470 R.
864 2438 898 2471 E.
923 2449 994 2470 car-

240 2493 381 2526 dinalem
391 2492 429 2526 de
439 2492 566 2536 Bellayo
575 2492 846 2537 nuncupatum,et
855 2492 893 2526 de
905 2493 996 2526 nohis

241 2546 273 2574 et
291 2541 373 2575 Sede
392 2541 575 2585 Apostolica
600 2542 721 2586 optime
747 2542 911 2583 meritum,
939 2542 995 2576 de-

242 2601 361 2624 canum
381 2591 508 2634 collegii
535 2591 723 2625 huiusmodi
748 2591 994 2632 declaravimus,

242 2650 384 2684 eumque
409 2640 511 2684 ipsius
537 2639 663 2684 collegii
687 2640 846 2674 decanum
871 2640 995 2673 vocavi-

239 2698 323 2730 muS‚
334 2694 365 2722 et
371 2689 564 2723 decanatum
579 2689 686 2734 ipsum
695 2689 755 2723 sibi
765 2689 994 2731 concessimus,
1011 2707 1019 2738 ,v

1014 2632 1017 2642 t

1026 333 1119 372 prout
1146 326 1241 360 etiam
1262 334 1319 369 per
1339 327 1522 368 praesentes
1550 322 1752 355 declaramus
1767 349 1775 362 ,

1026 391 1175 415 vocamus
1196 386 1225 413 et
1246 379 1465 412 concedimus.

1069 436 1134 478 53.
1158 435 1193 468 Et
1214 435 1347 477 insuper
1372 444 1411 465 ne
1438 433 1469 464 iu
1496 436 1660 475 posterum
1686 431 1777 462 deca·
1809 444 1980 464 intueamu-

1796 480 1825 496 rat
1842 478 1865 495 .=1
1882 482 1942 502 quem
1959 476 1978 494 iu

1026 496 1119 522 uatus
1139 488 1335 533 praedictus,
1355 486 1441 519 illius
1470 489 1660 518 occari-«nte
1686 494 1777 516 vaca·
1804 515 1831 527 υ,

1026 545 1124 583 tione,
1148 544 1178 575 iu
1207 543 1345 585 aliquem
1376 540 1585 575 cardinalem,
1613 550 1649 571 ex
1669 539 1780 571 volun-
1796 539 1815 558 ¹¹³

1027 605 1034 630 t
1049 604 1088 631 ue
1106 608 1163 630 sua
1179 602 1209 629 et
1221 606 1284 629 non
1301 607 1337 627 ex
1355 605 1449 627 causa
1461 593 1589 637 publica
1601 593 1777 631 absentem,

1004 654 1056 684 'rt
1087 657 1219 695 propter
1248 649 1424 681 absentiam
1460 658 1550 679 suam
1595 646 1780 679 huiusmodi

1027 705 1222 747 quandoque
1243 703 1281 734 de
1300 702 1434 745 negotiis
1450 701 1552 733 dictae
1569 700 1659 734 Sedis
1676 700 1783 732 minus

1029 759 1255 795 informatum,
1280 757 1310 789 in
1333 755 1482 789 iniuriam
1518 755 1656 787 aliorum
1677 754 1783 787 cardi-

1028 813 1151 846 nalium
1168 817 1243 844 tunc
1261 810 1479 856 praesentium
1491 815 1521 842 et
1542 809 1686 841 Romano
1702 809 1783 842 Pon-

1029 864 1105 901 tilici
1131 866 1360 904 assistentium,
1379 874 1414 896 ac
1432 870 1602 908 propterea
1627 862 1665 896 de
1685 873 1783 906 nego-

1030 922 1080 954 tiis
1105 920 1277 965 praedictis
1307 919 1424 952 melius
1453 919 1702 951 infortiuttorum
1728 918 1784 951 ‹le-

1031 975 1211 1015 veniauaut
1230 984 1328 1017 super
1343 973 1457 1006 eodem
1479 972 1637 1005 decanatu
1657 971 1784 1015 aliquae

1031 1029 1265 1063 controversiae
1294 1039 1350 1062 seu
1385 1027 1599 1061 dissensiones
1625 1026 1710 1059 inter
1735 1026 1784 1070 ip-

1030 1095 1081 1118 sas
1096 1083 1274 1117 cardinales
1300 1083 1458 1122 oriantur,
1485 1081 1651 1125 providere
1677 1081 1785 1114 volen-

1031 1146 1088 1177 tes,
1102 1143 1193 1171 motu
1208 1137 1341 1181 proprio
1359 1141 1390 1169 et
1405 1147 1441 1169 ex
1458 1141 1544 1169 certa
1560 1141 1669 1168 nostra
1685 1135 1787 1168 scien-

1009 1194 1011 1205 ¹
1032 1194 1084 1234 tia,
1105 1203 1141 1226 ac
1171 1192 1208 1224 de
1234 1191 1429 1236 apostolicae
1458 1190 1622 1233 potestatis
1644 1189 1785 1234 plenitu-

1033 1247 1118 1285 dine,
1137 1247 1195 1279 bac
1217 1250 1326 1278 nostra
1346 1250 1504 1289 perpetuo
1521 1243 1655 1276 valitura
1671 1244 1787 1277 consti—

1033 1301 1167 1341 tutione,
1191 1299 1353 1333 sancimus
1372 1299 1459 1343 quod
1479 1298 1653 1331 decanatus
1676 1298 1788 1331 huius-

1033 1355 1119 1388 modi
1139 1354 1177 1388 de
1199 1360 1318 1393 cetero,
1337 1352 1502 1397 perpetuis
1518 1351 1635 1384 futuris
1661 1357 1787 1396 tempo-

1033 1410 1134 1450 ribus,
1162 1408 1289 1443 nonnisi
1315 1408 1353 1441 ad
1375 1407 1563 1452 episcopum
1591 1406 1788 1440 cardinalem

1033 1464 1249 1508 antiquiorem
1270 1463 1303 1496 in
1322 1462 1418 1496 Curia
1438 1465 1654 1505 praesentem,
1677 1465 1733 1494 aut
1753 1471 1789 1494 ex

1034 1528 1131 1551 causa
1151 1517 1281 1561 publica
1310 1516 1475 1549 absentem
1501 1520 1531 1548 et
1551 1520 1639 1548 extra
1658 1514 1788 1548 Curiam

1036 1584 1092 1617 per
1111 1572 1293 1604 Romanurn
1308 1570 1497 1603 Pontificem
1514 1569 1720 1610 destinatum,
1732 1569 1788 1603 de-

1035 1626 1141 1660 venire
1168 1625 1276 1668 possit.

1079 1681 1093 1723 ξ
1112 1680 1143 1712 4.
1166 1680 1204 1712 Et
1224 1679 1310 1723 quod
1328 1679 1500 1723 episcopus
1521 1678 1693 1712 cardinalis
1710 1678 1790 1711 anti-

1036 1735 1130 1779 quior
1146 1734 1178 1767 in
1187 1733 1282 1767 Curia
1292 1744 1455 1778 praesens,
1468 1738 1535 1773 aut,
1548 1737 1583 1766 ut
1592 1733 1786 1778 praefertur,

1036 1789 1149 1821 absens
1167 1793 1197 1821 et
1217 1793 1305 1820 extra
1324 1787 1453 1821 Curiam
1480 1786 1674 1826 destinatus,
1699 1792 1788 1831 post-

1035 1853 1132 1886 quam
1154 1842 1328 1875 decanatus
1355 1840 1544 1874 huiusmodi
1569 1841 1608 1874 ad
1638 1851 1713 1874 eum
1736 1840 1790 1874 de-

1036 1896 1176 1936 venerit,
1205 1905 1318 1928 omnes
1349 1894 1428 1928 alios
1462 1894 1664 1935 cardinales,
1695 1894 1789 1928 etiam

1036 1949 1254 1994 antiquiores,
1277 1959 1405 1993 semper
1429 1949 1462 1982 in
1489 1949 1655 1993 quibusvis
1675 1949 1790 1982 sessio-

1036 2004 1131 2037 nibus
1155 2009 1185 2037 et
1205 2003 1276 2037 aliis
1296 2003 1421 2037 actibus
1446 2002 1584 2048 publicis
1605 2003 1789 2048 praecedat,

1036 2069 1095 2091 nec
1120 2068 1179 2102 per
1193 2057 1272 2091 alios
1291 2057 1462 2102 episcopos
1481 2056 1673 2099 cardinales,
1695 2057 1791 2090 etiam

1035 2111 1246 2156 antiquiores,
1268 2116 1346 2144 tunc
1370 2110 1528 2152 absentes,
1541 2110 1637 2144 etiarn
1658 2110 1683 2145 si
1707 2117 1792 2156 post-

1037 2167 1170 2201 modum
1199 2165 1413 2199 incontinenti
1434 2165 1473 2198 ad
1493 2165 1641 2199 eamdem
1661 2165 1791 2199 Curiam

1014 2246 1015 2263 2
1036 2232 1069 2254 sc
1089 2221 1257 2255 conserant
1278 2225 1309 2253 et
1328 2220 1361 2253 in
1381 2231 1418 2253 ea
1439 2220 1594 2254 continuo
1614 2219 1789 2260 resideant,

1037 2286 1135 2319 super
1159 2276 1228 2319 ipso
1253 2275 1411 2309 decanatu
1445 2280 1500 2309 aut
1527 2275 1613 2308 illius
1646 2274 1793 2309 sessioni-

1037 2330 1096 2363 bus
1120 2330 1169 2363 vel
1189 2329 1259 2362 aliis
1276 2330 1399 2363 actibus
1419 2341 1475 2363 seu
1499 2329 1634 2373 negotiis
1650 2329 1688 2362 ad
1717 2340 1790 2363 eum

1038 2383 1274 2428 pertinentibus
1294 2383 1445 2428 impediri
1473 2388 1527 2416 aut
1557 2383 1720 2417 molestari
1743 2394 1792 2416 va-

1037 2439 1110 2471 leat.

1081 2491 1096 2535 ἓ
1116 2491 1147 2525 5.
1170 2492 1385 2525 Decernentes
1409 2492 1453 2525 sic
1483 2497 1511 2525 et
1543 2502 1606 2525 non
1627 2491 1732 2533 aliter,
1760 2492 1791 2525 in

1038 2542 1222 2586 praemissis
1242 2542 1393 2575 omnibus
1409 2548 1439 2575 et
1455 2541 1601 2585 singulis,
1624 2552 1682 2586 per
1697 2553 1792 2586 quos-

1038 2602 1178 2635 cumque
1210 2590 1353 2632 iudices,
1376 2591 1631 2631 commissarios,
1667 2591 1789 2634 quavis,

1038 2641 1132 2674 etiam
1158 2641 1344 2686 apostolica,
1380 2641 1570 2674 auctoritate
1603 2640 1788 2683 fungentes,

1038 2690 1132 2724 etiam
1167 2701 1338 2724 causarum
1365 2690 1476 2725 Palatii
1501 2689 1676 2734 Apostolici
1696 2689 1788 2724 audi-

1715 256 1777 291 502
1796 268 1832 293 ,in
1862 264 1890 291 c.
1910 264 1976 291 1555

1834 514 1884 526 irim
1914 508 1979 526 dexe-

1820 544 1840 558 ic
1858 539 1931 562 debet,

1818 1691 1882 1720 Eique
1901 1697 1991 1719 praeee-

1805 1724 1897 1744 dentiam
1913 1729 1990 1745 ronce-

1819 2506 1929 2528 Clausulac
1945 2508 1992 2529 sub-

1807 2539 1894 2559 lativae.
