2227 3001
459 240 524 277 334

415 306 555 350 desuper
574 311 755 351 opportune
771 305 937 350 providere
961 306 999 339 de
1021 307 1165 350 benigni·
1185 305 1187 357 l
1208 306 1264 346 eis,
1287 306 1500 351 dicticollegii
1516 306 1659 348 nomine,
1678 306 1917 342 commissarios
1932 313 1964 343 et

414 365 477 392 tate
510 360 686 404 apostolica
718 359 936 402 dignaremur.
972 360 1034 393 Nos
1055 360 1163 403 igitur,
1186 374 1187 402 i
1208 360 1360 393 officiales
1371 361 1466 393 etiam
1481 361 1651 405 deputatos
1668 367 1767 404 gesta,
1785 362 1962 396 dummodo

415 413 542 455 quibus,
555 413 586 446 in
603 424 690 446 sacra
712 412 796 445 beati
820 412 903 445 Petri
924 412 1022 450 Sede,
1045 414 1166 447 meritis
1186 406 1188 460 J
1208 413 1420 446 commissarii
1431 419 1460 446 et
1470 415 1622 449 officiales
1638 415 1806 455 hactenus,
1820 420 1855 449 ut.
1870 426 1963 460 prae-

414 477 611 510 quamquam
623 465 1166 507 insufficientibus,collocatis,con-
1186 464 1188 511 J
1208 468 1321 505 fertur,
1343 467 1487 510 deputati
1508 469 1663 510 praedicti
1684 469 1821 502 formam
1852 474 1882 503 et
1909 480 1963 502 or-

413 520 497 552 venit
518 531 613 563 opem
641 525 670 552 et
697 530 830 561 operam
852 520 1038 563 impendere
1057 521 1165 554 effica—
1186 512 1188 531 ³
1208 519 1316 552 dinem
1333 518 1389 559 eis,
1408 530 1466 563 per
1483 531 1595 553 eorum
1616 522 1724 554 literas
1744 528 1889 566 patentes
1904 523 1964 555 hu-

415 583 467 605 ces
487 578 521 605 ut
541 572 685 605 eiusdem
713 573 797 607 beati
824 573 909 606 Petri
933 573 1099 606 basilicam
1130 585 1165 607 ac
1186 563 1188 580 ,
1208 572 1348 605 iusmodi
1368 572 1430 606 sive
1445 574 1585 618 capitula
1597 575 1679 608 inter
1695 586 1749 609 eos
1765 575 1854 616 inita,
1868 576 1881 604 1
1896 587 1963 609 ser-

414 625 501 657 illius
521 625 661 658 fabricae
682 632 823 659 rectores
844 632 874 659 et
895 626 1070 664 ministros,
1089 637 1165 660 nee-
1208 625 1359 666 vaverint,
1378 627 1596 670 approbamus
1616 633 1645 661 et
1663 628 1906 670 confirmamus,
1928 639 1964 662 ac

412 688 478 710 non
499 678 683 721 privilegia,
706 680 872 713 facultates
906 686 934 713 et
969 680 1093 714 indulta
1122 681 1167 714 eis
1187 698 1188 732 J
1209 685 1385 723 perpetuae
1418 680 1577 714 firmitatis
1611 682 1711 715 robur
1735 682 1880 716 obtinere
1908 683 1963 715 de-

218 251 270 280 An.
287 252 315 280 C.
335 249 401 280 15119.
1012 254 1189 278 1111111111111
1215 254 1367 278 aestimat

1979 254 2029 283 An.
2048 255 2077 284 C.
2095 252 2161 284 ¹511&

413 741 576 771 concessa,
600 732 709 765 illaesa
734 743 938 776 praeservare
959 734 1164 769 studeamus:

412 784 652 817 considerantes
667 785 865 828 diligentiam
886 797 983 830 quani
1000 787 1105 829 primo
1122 787 1167 819 di·
1186 779 1189 834 ,J

412 836 453 869 cti
487 837 677 870 Franciscus
707 844 737 871 et
769 839 823 871 alii
856 839 999 882 deputati
1028 840 1059 872 in
1085 850 1167 883 opus

412 890 515 924 dictae
532 891 684 931 fabricae,
698 892 784 935 qnod
794 892 868 924 dicti
888 893 1163 935 praedecessores,

412 948 447 976 ut
467 944 676 987 praedicitur,
700 945 856 988 perficere
876 956 941 978 non
969 952 1143 989 potuerunt

411 996 497 1029 iuxta
518 1002 659 1030 mentem
682 1003 825 1031 nostram
850 1000 1092 1041 reassumendo,
1113 1000 1167 1032 ad-

410 1049 603 1087 hibuerunt,
626 1050 771 1094 illudque
792 1052 880 1084 omni
906 1058 1023 1085 conatu
1044 1058 1071 1085 et
1093 1052 1167 1085 totis

410 1102 530 1135 viribus
546 1103 671 1136 assidue
688 1110 941 1147 proscspiuntur.
960 1105 1116 1149 Quodque
1128 1106 1166 1138 ad

411 1155 498 1189 illius
526 1157 734 1190 commodum
762 1163 792 1190 et
823 1157 1008 1194 utilitatem,
1037 1159 1166 1202 privile-

410 1208 468 1251 giis
482 1236 489 1249 ,
520 1210 725 1243 facultatibus
758 1216 786 1245 et
821 1211 954 1244 indultis
987 1223 1022 1244 ac
1057 1213 1167 1255 gratiis

411 1262 597 1296 huiusmodi
618 1264 649 1296 in
667 1265 805 1297 favorem
823 1265 926 1298 dictae
943 1265 1083 1299 fabricae
1099 1272 1166 1298 tan·

411 1317 578 1349 tummodo
599 1323 755 1353 utunturz
777 1324 805 1351 et
823 1329 863 1351 ne
884 1318 1108 1352 christifideles
1128 1320 1166 1352 ab
1187 1319 1188 1357 i

410 1369 599 1411 elargitione
633 1375 661 1403 et
690 1371 839 1403 subsidiis
863 1372 1085 1409 retrahantur,
1113 1369 1189 1420 sedJ

1187 982 1189 1004 1

1187 733 1188 767 f
1209 733 1385 766 cernimus.

1253 786 1267 829 ἕ
1291 785 1344 819 46.
1373 786 1408 819 Ε1
1434 792 1469 819 111
1497 787 1582 820 circa
1616 788 1668 820 illa
1696 798 1792 821 omne
1827 788 1964 821 dubium

1188 871 1189 889 J
1209 845 1236 872 et
1254 839 1446 883 ambiguitas
1462 841 1493 873 in
1510 841 1656 874 futurum
1673 852 1797 875 cessare
1813 842 1961 883 debeant,

1208 893 1334 936 ipsique
1355 893 1498 938 deputati
1520 905 1602 938 opus
1621 895 1760 928 fabricae
1776 895 1963 929 huiusmodi

1157 975 1163 985 ,
1187 950 1188 953 ’
1209 946 1394 989 diligentius
1418 948 1569 991 prosequi
1603 948 1741 991 possint,
1770 946 1847 992 ipsis
1877 949 1964 982 aliis-

1187 1022 1188 1046 1
1209 1010 1271 1042 que
1299 999 1401 1032 dictae
1435 999 1575 1033 fabricae
1609 1011 1668 1044 pro
1690 1005 1837 1045 tempore
1861 1001 1964 1046 depu-

1208 1052 1298 1091 tatis,
1326 1053 1412 1096 quod
1445 1053 1596 1086 omnibus
1617 1059 1645 1086 et
1670 1053 1805 1097 singulis
1831 1055 1961 1098 privile-

1208 1105 1286 1148 giis,
1308 1106 1556 1149 praerogativis,
1578 1106 1804 1146 facultatibus,
1834 1107 1964 1140 iurisdi-

1209 1159 1388 1197 ctionibus,
1412 1159 1521 1201 gratiis
1555 1165 1583 1192 et
1617 1159 1767 1199 indultis,
1788 1165 1854 1193 tam
1875 1171 1964 1194 com-

1187 1226 1188 1251 1
1210 1211 1363 1244 missariis
1383 1222 1441 1255 per
1468 1212 1585 1245 lulium
1607 1218 1635 1245 et
1656 1213 1809 1253 Leonem,
1836 1223 1873 1246 ac
1897 1213 1964 1246 col-

1209 1264 1291 1307 legio
1326 1265 1475 1308 praefatis
1508 1276 1567 1308 per
1594 1266 1804 1307 Clementem,
1827 1266 1964 1310 praede-

1209 1327 1352 1350 cessores
1386 1318 1588 1361 praedictos‚
1625 1319 1664 1351 ad
1698 1319 1906 1352 commodum
1935 1324 1963 1352 et

1209 1369 1376 1403 utilitatem
1394 1371 1495 1404 dictae
1513 1372 1664 1412 fabricae,
1683 1383 1780 1415 quam
1793 1372 1888 1404 etiam
1907 1382 1966 1416 per

411 1427 443 1454 ut
465 1422 504 1454 ad
526 1422 605 1454 illud
636 1423 853 1466 promptiores
885 1424 1074 1462 reddantur„
1102 1436 1166 1468 quo
1187 1448 1188 1458 i
1209 1433 1279 1462 nos,
1303 1434 1361 1466 per
1380 1424 1522 1466 singulas
1538 1424 1645 1457 literas
1660 1425 1856 1468 praedictas,
1875 1435 1965 1458 com-

411 1474 536 1517 singula
561 1475 726 1518 privilegia
745 1504 752 1517 ‚
776 1477 960 1516 facultates,
984 1478 1165 1511 concessio-
1209 1476 1428 1520 missariisque
1449 1483 1477 1509 et
1504 1477 1638 1516 collegio
1655 1477 1805 1520 praefatis
1824 1488 1884 1521 per
1898 1488 1966 1511 eos-

411 1538 467 1561 nes
487 1533 516 1560 et
541 1528 664 1561 indulta
686 1529 847 1572 praedicta
867 1530 1013 1563 noverint
1034 1530 1166 1563 inviola-
1185 1530 1188 1559 ἒ
1209 1529 1281 1561 dem
1303 1530 1568 1572 praedecessores
1583 1542 1620 1563 ac
1640 1541 1710 1571 nos,
1734 1535 1767 1563 ut
1787 1530 1965 1574 praemitti-

411 1580 519 1613 biliter
539 1581 722 1618 observari,
746 1582 934 1615 huiusmodi
956 1583 1166 1627 supplicatio-
1186 1567 1189 1631 J
1208 1586 1280 1621 tur,
1303 1583 1460 1616 hactenus
1494 1583 1669 1626 respective
1704 1583 1884 1624 concessis,
1907 1583 1966 1616 suh

411 1634 506 1667 nitius
541 1634 705 1674 inclinati,
728 1647 764 1668 ex
793 1642 879 1669 certa
908 1637 1042 1669 scientia
1070 1642 1097 1669 et
1128 1637 1166 1669 de
1209 1631 1340 1664 nominc
1362 1632 1488 1675 collegii
1508 1632 1661 1675 praefati,
1684 1632 1729 1666 uti
1753 1638 1781 1665 et
1800 1633 1854 1666 illa
1875 1644 1965 1666 exer-

410 1688 790 1731 potestatisplenitudine
811 1689 989 1728 similibus,
1013 1691 1121 1723 onmia
1138 1697 1164 1723 et
1210 1691 1282 1713 Cffl'e
1298 1682 1434 1735 Vastan&
1457 1681 1577 1736 eisc-{effi
1598 1681 1787 1715 (ΉῙΟῙΟΓῙῙῖῑῑθ
1808 1687 1965 1736 θῖ,ῐθΠΟῙ’θ

411 1741 559 1784 singula,
582 1753 664 1785 quae
699 1754 758 1786 pm.
793 1743 1001 1776 franciscum
1027 1750 1055 1776 Οἱ
1089 1745 1167 1778 3Ῑίοέ-
1187 1731 1417 1763 1-00111ῖο111111115
1451 1735 1480 1763 et
1514 1731 1740 1773 indulgemus,
1762 1742 1799 1764 ac
1824 1732 1966 1774 Singulas

412 1795 583 1839 deputatos
604 1797 786 1839 praedictos
807 1808 863 1830 seu
885 1808 997 1830 eorum
1028 1798 1164 1841 aliquos.

413 1849 544 1882 nomine
564 1849 641 1881 dicti
663 1850 788 1892 collegii
814 1861 851 1883 ae
870 1850 979 1892 vigore
999 1851 1165 1884 literarum
1187 1851 1188 1877 1

412 1902 610 1944 patentium,
634 1903 679 1936 eis
698 1914 757 1946 per
776 1904 877 1936 dictos
897 1904 1067 1947 deputatos
1088 1916 1165 1938 con-
1187 1893 1189 1947 J

413 1965 589 1996 cessarum,
617 1956 800 1999 deputatos,
823 1957 1061 1990 commissarios
1078 1963 1105 1990 et
1123 1960 1167 1991 of-
1187 1956 1188 1961 ’

411 2008 549 2049 ficiales,
572 2009 657 2042 dicto
678 2010 819 2050 nomine,
845 2011 1033 2043 earumdem
1058 2011 1166 2044 litera·
1187 2008 1189 2036 1

412 2067 484 2089 rum
506 2058 683 2100 patentium
700 2064 729 2091 et
746 2059 964 2102 capitulorum
986 2060 1087 2092 forma
1103 2070 1167 2092 ser·
1188 2085 1189 2110 J

410 2112 497 2146 vata,
520 2112 628 2148 gesta,
664 2108 744 2140 sacta
779 2114 807 2141 et
843 2115 975 2142 executa
1009 2110 1138 2141 fuerunt
1158 2136 1164 2145 ,
1188 2114 1189 2129 ¹

411 2159 508 2192 fuisse
529 2165 558 2192 et
575 2171 642 2193 esse
663 2160 804 2203 legitime
821 2162 913 2201 sacta,
935 2174 970 2195 ac
992 2162 1016 2195 si
1038 2162 1166 2205 privile·
1188 2161 1189 2184 ³

411 2211 461 2253 gia
474 2240 481 2253 ,
504 2213 673 2246 facultates
689 2218 717 2246 et
735 2213 870 2249 indulta,
893 2215 962 2248 aliis
979 2215 1166 2248 commissa·
1188 2223 1189 2230 ¹

410 2265 467 2298 riis
496 2277 553 2309 per
585 2267 701 2299 Iulium
723 2273 750 2299 et
778 2268 937 2309 Leonem,
966 2280 1002 2301 ac
1031 2269 1166 2311 collegio

411 2319 561 2362 praefatis
589 2330 646 2363 per
665 2320 881 2358 Clementem,
903 2322 1167 2365 praedecessores
1188 2350 1189 2353 ,

411 2373 605 2416 praedictos,
626 2375 801 2417 respective
823 2387 974 2409 concessa
992 2382 1020 2409 et
1037 2388 1095 2420 per
1110 2387 1168 2410 nos
1188 2401 1189 2422 ἢ

412 2426 600 2459 confirmata
618 2432 647 2459 et
666 2427 827 2464 innovata,
846 2429 987 2472 ipsismet
1009 2430 1168 2473 deputatis
1188 2454 1189 2470 2

412 2484 564 2507 concessa
586 2476 719 2508 fuissent
733 2503 740 2512 ,
762 2478 952 2511 auctoritate
977 2479 1164 2522 apostolica,
1188 2504 1189 2508 ,

412 2528 522 2556 tenore
556 2524 775 2566 praesentium
803 2526 1018 2559 declaramus.
1050 2527 1084 2559 Et
1116 2527 1190 2575 111-1

1209 1786 1333 1812 nostras
1351 1785 1380 1813 et
1401 1780 1689 1824 praedecessorum
1710 1786 1896 1814 nostrorum
1926 1780 1964 1813 li-

1209 1835 1291 1861 teras
1312 1829 1498 1861 huiusmodi
1519 1829 1558 1862 ad
1579 1829 1680 1863 dictos
1696 1830 1791 1863 etiam
1807 1841 1866 1873 pro
1882 1835 1964 1862 tem-

1209 1886 1286 1920 pore
1307 1878 1476 1920 deputatos
1501 1879 1585 1911 etad
1605 1878 1769 1912 universas
1784 1878 1964 1922 provincias

1209 1924 1240 1957 in
1261 1926 1394 1969 singulis
1414 1926 1514 1959 literis
1534 1927 1705 1970 praedictis
1725 1937 1890 1971 expressas
1909 1938 1963 1960 ex-

1210 1975 1371 2007 tendimus
1387 1980 1415 2007 et
1437 1976 1643 2018 ampliamus.

1253 2023 1267 2065 ξ
1286 2023 1339 2056 47.
1363 2024 1495 2056 Necnon
1514 2030 1699 2067 praesentes
1719 2024 1826 2057 literas
1847 2024 1887 2057 ad
1907 2035 1963 2057 no-

1209 2076 1311 2103 strum
1337 2077 1365 2104 ct
1386 2083 1610 2106 successorum
1639 2078 1824 2105 nostrorum
1844 2073 1962 2107 Roma—

1209 2130 1326 2152 norum
1360 2121 1552 2153 Pontificum
1587 2121 1742 2154 canonice
1774 2121 1961 2155 intrantium

1208 2169 1448 2212 heneplacitum
1483 2171 1610 2203 durare.
1646 2172 1690 2203 Ac
1722 2170 1960 2214 beneplacitum

1209 2218 1395 2251 huiusmodi
1417 2224 1447 2252 et
1462 2225 1645 2262 praesentes
1664 2220 1772 2252 literas
1792 2230 1851 2262 per
1869 2230 1962 2263 gene-

1209 2268 1310 2299 ralem
1331 2268 1566 2301 revocationem
1584 2279 1639 2301 seu
1654 2268 1871 2301 Cancellariae
1880 2269 1964 2313 Apo-

1209 2317 1339 2349 stolicae
1373 2318 1516 2359 regulas,
1544 2317 1638 2350 etiam
1671 2329 1729 2361 per
1762 2328 1964 2352 successores

1188 2370 1189 2382 ³
1209 2370 1336 2397 nostros
1356 2365 1536 2409 praedictos
1561 2377 1619 2409 pro
1639 2372 1785 2410 tempore
1806 2367 1960 2405 edendas,

1210 2420 1264 2446 aut
1284 2414 1361 2446 alias
1382 2414 1489 2455 etiam,
1512 2415 1571 2454 11151
1593 2426 1650 2458 per
1670 2415 1747 2448 alias
1762 2421 1887 2449 nostras
1902 2417 1962 2449 suh

1209 2463 1342 2506 plumbo
1357 2490 1364 2503 ,
1389 2474 1462 2496 cum
1492 2464 1709 2507 praesentium
1738 2465 1777 2498 de
1804 2465 1902 2498 verbo
1922 2465 1962 2498 ad

1208 2512 1342 2544 verbum
1364 2512 1549 2550 insertione,
1572 2513 1692 2553 literas,
1714 2514 1846 2546 minime
1868 2524 1960 2547 revo-

412 2571 588 2605 hilominus
608 2573 715 2606 omnia
737 2579 764 2606 et
786 2574 911 2617 singula
932 2585 990 2617 per
1010 2575 1167 2618 primodi-
1210 2571 1275 2593 Cam
1295 2571 1408 2604 posse,
1437 2561 1490 2593 sed
1509 2568 1636 2605 quoties
1668 2562 1772 2602 alstffi'r
1801 2573 1899 2606 quam
1927 2568 1963 2595 m

412 2628 479 2656 ctos
499 2623 668 2668 deputatos
684 2628 740 2655 aut
756 2633 870 2656 eorum
893 2623 1029 2666 aliquos,
1053 2634 1108 2657 scu
1128 2624 1168 2657 ab

1247 2633 1256 2657 l
1278 2633 1357 2658 Deest
1373 2632 1460 2658 forsan
1475 2635 1654 2666 praescriptos
1671 2633 1708 2668 (a.
1725 2633 1776 2670 τ.).

1992 800 2072 827 lllaque
2093 800 2162 821 eidem

1979 831 2070 857 collegio
2085 832 2162 852 iterato

1979 864 2086 889 coiicedi15

1991 2046 2015 2067 Et
2026 2047 2050 2066 ad
2063 2045 2164 2072 benepla-

1979 2080 2042 2098 citum
2061 2077 2122 2097 Sedis
2133 2077 2163 2097 A-

1979 2108 2097 2135 postoticae
2142 2111 2164 2128 et

1979 2139 2015 2159 sub
2041 2140 2164 2160 revoc-itio—

1979 2170 2040 2190 nibus
2061 2172 2099 2190 etc.
2120 2174 2162 2190 non

1979 2201 2117 2227 (enipi-eben.
2129 2200 2163 2221 de·

1979 2234 2056 2258 cerum
