2227 3001
129 263 178 292 An.
195 264 224 292 C.
245 262 311 292 ¹521!

155 906 274 928 Exordium.

149 1227 215 1248 Causa
243 1228 304 1249 huius

121 1260 286 1280 constitutionis.

115 2033 233 2056 nectamur,
244 2036 297 2062 quod

115 2066 183 2092 spotia
198 2073 299 2093 persona-

113 2098 299 2119 rumecclesiasti-

113 2133 184 2148 earum
205 2130 237 2155 (de
254 2130 300 2155 qui-

113 2160 150 2179 bus
165 2167 187 2180 m
204 2161 297 2187 rubrica)

113 2197 210 2218 spectant
226 2195 249 2214 ad
274 2194 296 2214 R.

113 2224 219 2246 cameram
240 2226 297 2252 Apo—

113 2256 216 2276 stottcam.

959 265 1075 289 Partus
1098 265 1131 289 111
1157 265 1203 289 PP-

621 316 765 351 XXXVIII
772 347 777 352 .

325 386 435 430 Spolia
454 387 736 419 ecclesiasticarum
756 398 985 430 personarum,
1007 388 1076 419 siim

370 444 557 473 testamento
578 444 634 472 aut
654 440 807 482 facultate
829 441 969 473 testandi
988 441 1074 473 dece-

367 493 525 533 dentium,
547 494 595 526 *vel
611 494 695 526 ultra
711 495 939 537 «pauitantem,
958 494 994 526 (Ie
1014 504 1076 536 qma

369 547 483 578 testari
502 551 653 589 possunt,
678 548 929 590 disponet<timu,
952 548 994 579 act
1013 547 1074 579 Re-

366 600 538 632 verendam
567 600 737 633 Camerata
763 601 980 644 Apostolicam
1006 611 1074 643 spc-

367 657 468 686 etant.

391 729 490 758 Paulus
509 731 650 766 episcopus
669 738 765 760 servus
785 738 924 760 servorum
939 731 996 763 Dei,

456 785 490 813 ad
517 787 678 821 perpetuam
706 787 745 814 rei
769 785 937 814 memoriam.

365 852 500 885 Romani
525 852 689 885 Pontificis
709 852 908 896 providentia
932 852 1072 885 circum-

320 911 428 950 specta
442 933 449 945 ,
471 905 580 945 dubia,
603 917 685 949 quae
706 906 808 939 litium
837 905 1003 949 dispendia
1028 906 1073 937 af-

321 960 404 992 ferre
424 965 569 1004 possent,
592 959 624 992 in
645 971 720 993 suae
743 959 968 992 declarationis
988 959 1072 991 arhi-

321 1013 381 1046 trio
402 1013 499 1053 tollit,
522 1025 557 1046 ac
583 1015 723 1058 desuper
747 1013 855 1046 statuit
874 1018 902 1045 et
924 1013 1070 1051 ordinat,

319 1072 427 1110 prout,
450 1078 559 1100 rerum
580 1068 732 1111 qualitate
747 1073 894 1111 pensata,
917 1067 1071 1110 conspicit

319 1120 351 1152 in
370 1121 506 1154 Domino
527 1121 698 1154 salubriter
717 1121 878 1164 expedire.

363 1175 377 1218 ἓ
398 1175 429 1208 l.
452 1174 531 1208 Cum
561 1175 686 1218 itaque,
716 1175 795 1207 sicut
826 1174 1031 1218 accepimus,
1055 1185 1072 1206 a

318 1229 483 1262 nonnullis
503 1228 639 1261 nimium
666 1228 817 1267 curiosis,
840 1228 894 1271 qui
924 1228 993 1261 iura
1013 1228 1071 1261 Ca-

319 1293 426 1315 merae
442 1282 642 1326 Apostolicae
663 1292 833 1325 usurpare,
852 1292 887 1313 ac
904 1282 1070 1314 Cameram

318 1337 493 1379 praefatam
513 1335 575 1368 illis
595 1335 785 1368 defraudare
805 1336 939 1373 vellent,
958 1335 989 1368 in
1011 1336 1070 1368 ‹lu-

317 1389 407 1423 bium
434 1390 600 1433 redigatur
628 1400 668 1422 an
701 1400 753 1422 res
780 1395 811 1422 et
836 1390 939 1428 bona,
969 1390 1071 1433 spolia

317 1448 514 1486 nuncupata,
532 1443 762 1486 praelatorum,
782 1443 877 1475 etiam
894 1443 1070 1486 pontificali

316 1497 365 1529 rel
384 1497 446 1529 alia
466 1497 580 1530 maiori
596 1495 748 1539 dignitate
764 1496 968 1539 fulgentium,
989 1502 1072 1529 cete-

317 1561 493 1595 rarumque
521 1561 734 1594 personarum
763 1550 1067 1587 ecclesiasticarum,

317 1603 531 1636 saecularium
544 1609 571 1636 et
584 1603 795 1646 regularium,
811 1609 954 1647 tempore
965 1603 1070 1636 obitus

317 1657 461 1701 ipsorum
478 1657 688 1693 remanentia,
707 1668 744 1690 ex
764 1668 801 1690 co
822 1658 908 1701 quod
925 1658 1069 1691 Romano

317 1710 462 1743 Pontifici
483 1721 541 1755 pro
562 1716 715 1754 tempore*
729 1711 873 1743 existenti
902 1717 932 1744 et
956 1711 1068 1744 Came-

317 1775 370 1797 rae
390 1766 551 1809 praefatae
571 1771 728 1797 reservata
749 1765 815 1797 fore
844 1765 951 1808 aliqua
976 1776 1070 1808 gene-

316 1818 374 1850 rali
401 1818 576 1862 apostolica
606 1818 832 1851 constitutione
868 1818 973 1851 forsan
1003 1830 1068 1852 11011

315 1877 482 1912 caveatur,
511 1873 549 1905 ad
570 1872 735 1905 Cameram
769 1873 966 1916 praedictam
998 1873 1067 1906 iure

313 1925 456 1967 legitimo
476 1932 621 1969 spectare
641 1932 669 1959 et
692 1926 852 1969 pertinere
873 1926 1019 1959 debeant.

357 1978 422 2022 5⁹2.
452 1979 534 2019 Nos,
569 1979 626 2012 etsi
653 1979 728 2012 satis
755 1979 918 2012 evidenter
945 1986 1067 2013 constet

313 2037 341 2064 et
377 2038 530 2076 appareat
563 2033 848 2076 praedecessorum
883 2038 1065 2066 nostrorum

313 2085 533 2118 Romanorum
564 2085 755 2119 Pontificum
783 2091 813 2119 ct
839 2091 981 2119 nostram
1017 2087 1065 2119 in-

313 2139 443 2171 dubiam
460 2139 669 2173 intentionenr
686 2146 713 2173 ct
726 2141 921 2173 voluntatem
939 2152 1067 2185 semper

313 2191 409 2225 fuisse
447 2198 482 2225 ut
514 2193 615 2237 spolia
651 2193 837 2227 huiusmodi
875 2194 913 2226 ad
948 2194 1063 2227 dictam

312 2244 478 2278 Cameram
505 2252 535 2279 et
560 2257 624 2280 non
656 2247 695 2280 ad
725 2248 804 2280 alios
829 2253 1009 2291 spectarent
1035 2255 1062 2281 et

312 2299 520 2342 pertinerent,
548 2306 578 2333 et
601 2301 687 2344 quod
708 2312 766 2345 pio
791 2302 903 2334 eadem
931 2302 1064 2335 Camera

312 2352 515 2396 exigerentur
530 2360 560 2387 et
577 2360 862 2398 recuperarentm‘,
881 2366 953 2388 cum
972 2367 1063 2400 prae-

311 2406 495 2440 decessores
510 2408 643 2452 praefati
659 2409 799 2442 diversos
815 2409 975 2442 dictorum
991 2422 1062 2454 spo-

310 2460 446 2501 liorum,
468 2466 503 2494 ut
522 2462 561 2494 ad
581 2461 747 2495 Cameram
776 2463 972 2506 praedictam
994 2475 1061 2507 spe-

309 2510 464 2543 ctantium
485 2515 515 2543 et
542 2511 792 2554 pertinentium,
815 2513 1004 2545 collectores
1031 2519 1059 2545 et

309 2566 473 2593 exactores
493 2560 525 2592 in
545 2560 638 2593 variis
665 2561 836 2605 provinciis
856 2567 886 2594 et
905 2562 984 2595 locis
1004 2562 1059 2594 de-

309 2608 487 2652 putaverint
501 2615 530 2641 et
551 2609 784 2651 constituerint,
805 2617 833 2644 et
854 2621 912 2644 nos
928 2611 1060 2655 deputa-

309 2657 447 2691 verimus
462 2663 492 2691 et
507 2659 786 2700 constitueriinus;
804 2659 907 2693 variae
928 2671 1058 2704 quoque

1119 318 1227 351 literae
1255 318 1293 351 ab
1322 318 1440 352 eisdem
1468 318 1769 364 praedecessoribus
1796 327 1826 354 et
1850 333 1867 354 a

1118 372 1210 405 nobis
1230 383 1327 416 super
1347 373 1510 406 exactione
1531 373 1714 416 aliquorum
1740 385 1868 407 eorum-

1117 426 1188 458 dem
1210 426 1407 469 spoliorum,
1432 426 1462 458 in
1483 427 1600 470 quibus
1625 427 1726 471 spolia
1754 428 1867 461 liuius-

1119 479 1203 511 modi
1225 480 1261 512 ad
1284 481 1458 523 praefatam
1475 479 1640 513 Cameram
1658 487 1800 524 spectare
1817 493 1868 515 ex-

1119 543 1224 576 presse
1237 533 1473 571 continebatur,
1490 534 1718 573 emanaverint,
1736 546 1772 567 ac
1789 546 1868 568 sern-

1118 597 1175 629 per
1194 587 1232 619 de
1254 586 1316 619 illis
1336 587 1411 620 dicti
1433 588 1696 631 praedecessores
1717 600 1774 632 per
1799 589 1866 633 ple-

1118 650 1232 683 rasque
1253 640 1329 672 alias
1345 641 1463 680 literas,
1482 647 1646 685 tamquam
1662 642 1700 674 de
1716 642 1813 675 rebus
1828 643 1866 675 ad

1117 692 1283 725 Cameram
1308 694 1504 738 praedictam
1533 695 1786 739 pertinentibus,
1808 696 1865 729 do-

1118 747 1222 779 nando
1242 748 1288 779 rel
1310 748 1530 791 transigendo,
1554 755 1608 782 aut
1636 749 1713 782 alias
1738 750 1866 783 diversi-

1117 800 1210 833 mode
1231 800 1458 844 disposuerint,
1479 807 1509 835 et.
1525 813 1583 836 nos
1598 803 1865 847 disposuerimus;

1116 864 1241 886 necnon
1255 866 1302 893 ea,
1320 856 1358 887 ab
1374 856 1596 898 antiquissimo
1614 862 1757 900 tempore
1774 857 1864 898 citra,

1116 907 1218 940 dictae
1239 908 1390 942 Gamerae
1411 915 1538 942 nostrae
1558 911 1689 943 nomine
1710 916 1816 944 exacta
1837 918 1866 945 et

1117 960 1199 994 inter
1225 962 1294 995 iura
1324 963 1424 1006 ipsius
1453 963 1604 997 Camerae
1635 971 1866 998 connumerata

1116 1014 1253 1047 fuerint:
1277 1027 1315 1049 ne
1351 1022 1456 1049 tamen
1485 1017 1735 1060 praemissorum
1752 1019 1866 1052 veritas

1115 1067 1263 1111 deprimi,
1286 1075 1315 1102 01
1336 1069 1540 1102 mendacium
1561 1070 1710 1115 desuper,
1724 1072 1754 1104 in
1772 1084 1865 1116 prae-

1116 1121 1195 1154 fatae
1216 1122 1367 1155 Gamerae
1396 1123 1648 1166 praeiudicium‚
1674 1125 1782 1157 locum
1807 1126 1865 1159 sibi

1114 1175 1275 1208 vindicare
1296 1177 1440 1217 valcant,
1468 1178 1666 1211 attendentes
1691 1180 1777 1222 quod
1804 1180 1864 1212 ini-

1115 1240 1216 1271 quum
1239 1235 1320 1262 esset
1338 1229 1374 1267 si,
1397 1240 1434 1262 ex
1453 1230 1654 1273 Apostolicae
1676 1232 1764 1265 Sedis
1778 1233 1865 1265 beni-

1113 1283 1231 1324 gnitate
1247 1283 1295 1315 vcl
1315 1283 1375 1315 alia
1401 1283 1582 1316 rationabili
1603 1295 1718 1325 causa,
1741 1286 1779 1318 ad
1799 1286 1864 1319 sin-

1113 1336 1188 1377 gula
1208 1346 1357 1379 quaeque
1377 1337 1447 1369 loca
1476 1337 1664 1371 collectores
1683 1349 1748 1371 non
1768 1339 1864 1373 desti-

1113 1394 1250 1429 nantur,
1280 1389 1350 1422 iura
1378 1389 1478 1433 ipsius
1511 1390 1662 1424 Gamerae
1695 1398 1866 1437 propterea

1113 1442 1303 1486 depereant,
1324 1443 1459 1475 dubium
1475 1443 1661 1477 huiusmodi
1681 1447 1863 1487 enucleare,

1113 1506 1148 1528 ac
1165 1496 1196 1527 in
1217 1496 1401 1540 praemissis
1421 1503 1603 1541 opportune
1624 1500 1791 1542 providere
1810 1512 1864 1534 vo-

1113 1549 1232 1586 lentes,
1255 1556 1342 1583 motu
1372 1552 1505 1595 proprio
1530 1557 1560 1584 et
1587 1563 1624 1585 ex
1651 1558 1737 1586 certa
1757 1560 1865 1588 nostra

1113 1603 1262 1643 scicntia,
1286 1615 1321 1636 ac
1342 1604 1380 1637 de
1401 1605 1595 1648 apostolicae
1616 1608 1780 1650 potestatis
1799 1609 1865 1652 ple-

1112 1656 1269 1697 nitudine,
1292 1658 1494 1691 declaramus
1523 1670 1573 1692 res
1593 1664 1623 1692 et
1646 1660 1730 1693 bona
1750 1661 1863 1694 liuius-

1113 1710 1210 1750 modi,
1229 1711 1342 1755 spolia,
1361 1718 1393 1744 ut
1411 1713 1812 1758 praefertur,nuncupata,
1831 1716 1863 1748 in

1111 1764 1274 1807 quibusvis
1304 1766 1410 1808 regnis
1437 1776 1473 1798 ac
1498 1766 1666 1808 dominiis,
1691 1773 1755 1800 tam
1785 1769 1863 1802 citra

1112 1829 1209 1860 quam
1230 1818 1313 1851 ultra
1334 1825 1458 1852 montes
1474 1825 1501 1852 et
1524 1820 1624 1853 maria
1645 1821 1860 1864 consistentia,

1110 1882 1191 1914 quae
1213 1883 1271 1915 pro
1292 1878 1452 1916 tempore,
1474 1880 1544 1917 post
1571 1874 1677 1908 obitus
1702 1876 1863 1919 praelato-

1110 1936 1182 1957 rum
1203 1932 1231 1958 et
1254 1937 1464 1969 personarum
1486 1928 1741 1971 praedictarum,
1763 1941 1864 1974 quan-

1109 1983 1321 2023 tumcumque
1342 1980 1449 2018 etiam,
1461 1986 1494 2013 ut
1512 1982 1704 2025 praefertur,
1722 1984 1768 2016 rel
1785 1984 1863 2017 alias

1109 2033 1354 2075 quomodolibet
1375 2035 1650 2078 qualificatarum,
1673 2038 1768 2070 etiam
1795 2049 1863 2071 car-

1109 2086 1267 2120 dinalatus
1301 2087 1424 2121 honore
1444 2089 1653 2131 fulgentium,
1680 2090 1747 2134 qui,
1771 2092 1862 2124 nullo

1109 2140 1237 2174 condito
1255 2146 1456 2182 testamento,
1474 2143 1522 2175 vel
1544 2143 1665 2187 absque
1690 2145 1860 2178 sufficienti

1109 2194 1256 2227 facultate
1271 2222 1278 2235 ,
1301 2202 1353 2228 aut
1375 2197 1458 2229 ultra
1486 2198 1714 2240 ‹⁷111antitateni,
1738 2199 1776 2232 de
1796 2211 1860 2243 qua

1108 2248 1291 2280 facultatem
1316 2249 1505 2291 habuerint,
1535 2251 1683 2292 condito,
1712 2252 1858 2286 decesse-

1107 2306 1199 2338 runt,
1227 2302 1399 2343 decedent,
1422 2311 1662 2347 remanserunt,
1691 2312 1859 2339 remanent

1106 2360 1136 2387 ct
1155 2357 1386 2397 remanebunt,
1409 2358 1503 2391 etiam
1524 2360 1610 2402 quod
1631 2360 1670 2392 ad
1690 2360 1744 2393 illa
1764 2372 1857 2394 recu-

1106 2410 1285 2452 perandum
1304 2411 1403 2454 aliqui
1424 2413 1612 2446 collectores
1631 2414 1772 2458 deputati
1794 2426 1856 2449 non

1105 2463 1242 2503 fuerint,
1260 2464 1299 2496 ad
1319 2464 1485 2498 Camerani
1506 2467 1721 2510 Apostolicani
1742 2473 1771 2501 et
1791 2480 1855 2502 non

1103 2512 1141 2543 ad
1162 2512 1251 2553 alios,
1270 2514 1364 2546 etiam
1381 2515 1413 2547 in
1425 2516 1589 2559 quibusvis
1605 2517 1852 2559 cathedralibus,

1103 2562 1196 2594 etiam
1214 2564 1480 2608 metropolitanis,
1499 2572 1529 2599 et
1545 2567 1719 2609 collegiatis
1730 2578 1766 2600 ac
1783 2568 1852 2602 aliis

1102 2612 1262 2654 ecclesiis,
1285 2615 1503 2656 monasteriis,
1527 2616 1705 2660 ceterisque
1731 2617 1850 2650 benefi-

1102 2661 1157 2693 ciis
1177 2662 1412 2704 ecclesiasticis,
1431 2675 1504 2697 cum
1526 2676 1603 2698 cura
1619 2671 1648 2698 et
1667 2666 1734 2699 sine
1757 2677 1846 2708 tura,

1881 265 1929 292 An.
1949 265 1975 292 C.
1997 264 2062 292 ¹3th
