2227 3001
938 261 1036 283 inoffi
1061 261 1169 285 nemun
1727 255 1791 289 585

366 310 599 351 definitionem,
633 312 710 345 ibid.
738 312 767 344 b.
794 312 889 345 Bonis
921 314 1116 346 monasterio
1142 313 1310 357 applicatis
1339 313 1468 345 alantur
1498 313 1627 346 illarum
1654 315 1730 355 tilii,
1754 318 1830 350 ibid.

365 363 473 397 Curati
494 364 705 397 ecclesiarum
737 365 820 397 hane
850 365 970 398 bullam
1002 366 1179 410 publicent,
1202 365 1227 399 si
1248 366 1368 398 suerint.
1383 365 1547 409 requisiti,
1570 366 1612 400 95
1639 378 1671 399 a.
1695 368 1834 402 Notariis

364 417 565 462 praecipitur
585 419 725 451 revelare
751 418 979 461 dispositiones
1004 420 1258 453 testamentarius
1280 419 1456 452 mulierum
1476 418 1728 462 iumudicarum,
1752 423 1829 455 ibid.

363 471 465 504 Dubia
490 482 589 515 super
614 471 798 516 praemissis
818 472 1019 505 definiuntur
1038 484 1055 505 a
1075 473 1239 506 iudicibus
1260 472 1431 517 deputatis,
1456 474 1533 506 ibid.

275 523 436 568 Martyres,
459 524 564 557 Iesum
584 524 746 557 Christum
769 524 950 565 imitantes,
974 526 1204 569 sempiternam
1225 526 1274 559 sui
1298 525 1487 558 memoriam
1519 530 1549 559 et
1569 527 1754 571 exemplum
1781 539 1831 562 re—

362 577 506 611 nerabile
527 577 675 610 militanti
697 578 857 611 Ecclesiae
878 578 1094 621 reliquerunt,
1113 578 1155 612 48
1176 590 1205 611 [ι.

272 630 474 664 Matrimonia
503 631 652 664 nonnulli
685 631 879 663 contrahunt
910 631 941 663 in
962 631 1115 673 gradibus
1135 631 1327 676 prohibitis,
1351 643 1406 675 spe
1430 632 1685 676 dispensationes
1705 633 1832 666 facilius

362 684 527 718 obtinendi
549 690 620 728 post
640 683 882 717 matrimonium
905 685 1217 721 contractum-507
1237 695 1269 718 a.
1293 685 1410 717 Paulus
1439 685 1475 717 lv
1496 685 1750 729 dispensationes
1774 686 1833 720 hu-

360 737 500 771 iusmodi
520 748 552 770 se
573 742 766 780 negaturum
787 738 935 781 spondet,
953 738 1031 770 ibid.
1056 738 1084 770 b.
1748 742 1752 745 '

272 789 509 825 Mechliniensis
530 791 677 824 ecelesia.
708 790 740 823 V.
764 790 1016 824 Cameracensis.

272 844 400 879 Medicis
421 845 500 889 (de)
520 844 713 888 Hippolytus
734 844 820 877 eard.
849 844 881 876 V.
906 843 1239 877 l'icccaneellariatus.

256 897 469 936 <Medicorum
492 897 665 939 collegium
686 897 718 930 in
741 897 822 930 Urbe
844 897 964 937 statuit,
989 897 1048 930 sub
1069 908 1174 941 poena
1193 907 1252 930 xxv
1273 897 1480 938 ducatorum,
1502 908 1544 932 ne
1564 898 1637 941 quis
1657 910 1770 932 curam
1786 900 1832 933 in-

362 952 532 985 firmorum
554 952 743 996 susciperet,
761 951 821 983 nisi
844 951 933 995 prius
950 951 1008 984 rite
1026 951 1179 994 probatus
1195 951 1234 984 ab
1251 951 1365 984 eodem
1382 951 1528 995 collegio,
1546 952 1609 985 148
1627 953 1656 985 b.
1675 952 1781 987 Sixtus
1796 955 1832 987 IV

360 1005 443 1038 hane
478 1006 580 1048 legem
622 1004 777 1045 firmavit,
804 1004 1082 1048 aromatariosque
1112 1004 1249 1037 examini
1280 1004 1436 1045 subiecit,
1469 1005 1532 1038 1149
1561 1017 1593 1039 a.
1630 1006 1765 1040 Easdem
1800 1013 1832 1040 et.

359 1059 532 1092 nonnullas
558 1058 635 1091 alias
670 1058 756 1101 logos
786 1070 801 1090 a
832 1057 963 1090 medicis
999 1057 1143 1090 conditas
1175 1058 1277 1090 sancit
1315 1057 1463 1091 Clemens
1490 1058 1558 1099 vlt,
1586 1058 1664 1091 ibid.
1703 1065 1733 1093 et
1764 1071 1827 1104 seq.

360 1111 538 1155 Collegium
560 1111 591 1144 in
617 1111 757 1155 antiquis
778 1110 951 1155 privilegiis
971 1110 1185 1143 confirmatur
1205 1122 1223 1143 a
1243 1110 1323 1144 Iulio
1340 1111 1389 1151 ΙΙΙ,
1405 1111 1465 1144 471
1491 1112 1519 1151 b;
1544 1112 1705 1155 privative,
1726 1114 1832 1157 quoad

361 1164 441 1198 alios
461 1175 697 1209 quoscumque,
718 1163 749 1196 in
766 1163 971 1207 philosophia
1002 1168 1031 1195 et
1056 1162 1218 1196 medicina
1247 1164 1285 1196 ad
1316 1164 1457 1197 doctoris
1484 1165 1620 1208 gradum
1653 1172 1830 1210 promovet,

360 1219 438 1252 ibid.
458 1219 485 1251 b.
510 1217 752 1252 Protomedicus
773 1217 923 1261 privative
946 1217 1235 1259 cognoscitomnes
1252 1228 1365 1251 causas
1376 1218 1570 1252 medicinam
1583 1226 1829 1259 concernentes.

356 1271 421 1304 472
439 1282 457 1304 a
479 1276 509 1305 et
530 1272 561 1304 b.

272 1326 476 1359 Mer-catores.
507 1324 541 1358 V.
564 1324 703 1368 Ripales.

273 1378 396 1412 Mianus
416 1378 643 1421 Hieronymus.
673 1378 706 1411 V.
734 1377 950 1421 Hieronymus
969 1377 1159 1411 Emilianus.

268 1431 383 1465 Milites
403 1431 435 1464 S.
463 1431 568 1464 Iacobi
593 1431 631 1463 de
659 1431 789 1474 Spatha,
817 1431 855 1463 de
875 1430 1038 1464 Calatrava
1063 1436 1094 1463 et
1124 1430 1292 1464 Alcantara
1313 1441 1441 1465 necnon
1465 1432 1599 1466 Carolus
1620 1433 1641 1465 V
1663 1443 1830 1467 commen-

359 1485 477 1518 dantur
498 1485 538 1517 ob
559 1495 672 1517 eorum
702 1484 851 1517 virtutem
875 1484 905 1516 in
935 1485 1171 1528 expugnatione
1199 1485 1344 1528 plurium
1374 1485 1536 1519 civitatum
1559 1491 1589 1520 et
1609 1487 1828 1521 dominiorum

358 1543 470 1571 contra
490 1538 628 1577 Mauros
661 1537 702 1570 113
727 1548 747 1570 a
778 1542 808 1571 ct
831 1548 892 1580 seq.
925 1538 1121 1571 Earumdein
1153 1538 1341 1571 militiarum
1370 1539 1605 1573 administratio
1635 1541 1832 1584 quandoquev

359 1590 490 1633 regibus
511 1596 541 1623 et
562 1591 706 1633 ipsorum
735 1590 958 1634 ltu-imogenitis
985 1591 1081 1628 data,
1112 1591 1154 1623 ‘lsi
1174 1592 1203 1624 b.
1233 1591 1354 1624 Causae
1385 1603 1443 1626 cur
1476 1598 1634 1636 perpetuo
1665 1594 1768 1626 danda
1793 1594 1833 1627 sit

360 1643 509 1685 regibus,
540 1644 618 1676 ibid.
642 1643 797 1677 Castellae
818 1648 846 1676 ct
875 1644 1022 1686 Legionis
1051 1644 1181 1687 regibus
1208 1645 1342 1688 eiusque
1367 1645 1610 1678 successoribus
1630 1646 1830 1686 conceditur,

356 1696 399 1730 ‘15
419 1696 436 1728 b
453 1702 483 1729 et
507 1707 568 1740 seq.
598 1696 847 1729 Administrator
871 1697 984 1741 nequit
1008 1697 1149 1731 alienare
1168 1698 1251 1731 bona
1277 1697 1455 1731 immobilia
1481 1704 1532 1731 aut
1560 1699 1703 1740 mobilia,
1735 1699 1771 1733 17
1796 1700 1826 1739 b;

357 1754 529 1794 antequam
546 1750 857 1783 administrationem
875 1750 1036 1795 suscipiat,
1050 1752 1141 1785 solvit
1157 1752 1290 1785 Summo
1306 1752 1452 1785 Pontifici
1470 1751 1541 1785 Iura
1558 1758 1722 1794 consueta,
1735 1753 1828 1792 ibifl.;

360 1803 502 1836 officium
525 1803 652 1845 amittit,
675 1804 730 1836 ubi
752 1816 768 1837 a
790 1804 879 1837 Sedis
900 1805 1102 1848 Apostolicae
1124 1805 1291 1838 devotione
1313 1817 1344 1838 se
1366 1806 1544 1845 subtrahat,
1569 1806 1647 1839 ibid.

266 1855 444 1890 Minoribus
465 1858 732 1891 conventualilnis
749 1859 812 1901 (ex)
834 1859 1002 1899 nonnulli,
1026 1859 1223 1892 concedente
1244 1859 1432 1903 provinciali
1449 1859 1619 1900 Marrhiae,
1642 1860 1736 1893 vitam
1758 1871 1829 1894 ere-

359 1910 510 1944 meticam
532 1911 787 1955 amplectuntur,
803 1917 831 1945 et
844 1911 998 1945 Clementi
1025 1913 1073 1945 Vll
1100 1913 1283 1957 supplicant
1306 1923 1363 1955 pro
1391 1923 1489 1946 novae
1516 1914 1647 1956 regulae
1668 1914 1828 1958 approba-

356 1963 454 2005 tione,
478 1964 542 1998 1113
558 1965 585 1997 b.
605 1965 748 1999 Pontifex
770 1965 895 2005 annuit,
919 1965 1030 2009 eisque
1046 1966 1194 1999 concedit
1214 1977 1286 1998 cum
1308 1966 1421 1999 habitu
1444 1966 1599 2009 peculiari
1619 1967 1752 2000 barbam
1774 1967 1827 2001 de-

356 2018 452 2059 ferre,
476 2018 579 2052 socios
600 2019 758 2063 recipere,
781 2025 811 2052 et
831 2019 1014 2052 eremitoria
1035 2019 1154 2053 habere
1176 2021 1252 2053 ibid.
1278 2031 1320 2057 α,·
1349 2031 1476 2053 necnon
1506 2020 1670 2064 privilegia
1689 2021 1825 2054 fratrum

357 2071 517 2105 Minorum
539 2077 566 2105 et
589 2072 897 2113 Camaldulensium‚
923 2073 999 2105 ibid.

267 2125 359 2158 Missa
380 2125 536 2158 celebrari
558 2125 707 2169 congruit
728 2136 792 2158 non
813 2125 916 2159 noctis
937 2126 1088 2166 tenebris,
1112 2126 1165 2159 sed
1188 2126 1219 2159 in
1241 2126 1326 2166 luce,
1350 2126 1413 2159 ν,297
1435 2138 1467 2160 ιι.

268 2177 495 2212 Monasterium
510 2189 567 2222 pro
582 2179 704 2222 impud.
719 2179 910 2212 mulieribus
922 2180 1095 2213 conversis.
1117 2180 1149 2213 Γ.
1165 2180 1280 2213 Mariae
1292 2180 1495 2223 Magdalenae
1506 2180 1825 2223 (B.)monasterium.

265 2231 378 2265 Montis
398 2231 543 2265 Coronae
574 2232 744 2266 Eremitae.
776 2233 809 2265 V.
833 2233 1096 2266 Camalsluleuses
1115 2233 1287 2266 Eremitae.

262 2284 410 2318 Mulieres
445 2296 462 2317 a
489 2285 576 2330 turpi
606 2285 667 2318 vita
697 2296 880 2319 conversae.
916 2285 949 2319 V.
981 2286 1195 2329 Hieronymus
1225 2286 1404 2319 Emilianus
1424 2291 1453 2319 et
1480 2286 1595 2319 Mariae
1623 2286 1826 2330 Magdalenae

354 2339 436 2381 (Β.)
457 2339 702 2373 monasterium.

1018 2446 1055 2483 ‚N

258 2550 390 2587 Nardini
412 2550 540 2595 collegii
561 2554 677 2584 statuta
702 2550 861 2594 quaedam
883 2555 911 2583 et
929 2549 1026 2591 vices,
1051 2549 1114 2584 458
1135 2550 1151 2583 b
1176 2554 1207 2584 et
1230 2561 1288 2594 seq.

257 2606 378 2640 Nautae
395 2604 517 2638 Tiberis
537 2610 567 2639 et
586 2604 727 2638 Anienis.
754 2605 787 2637 V.
811 2603 988 2638 Consulum
1009 2603 1085 2638 artis
1106 2609 1278 2638 nautarum
1302 2605 1334 2638 in
1355 2604 1439 2640 Urbe
1461 2604 1649 2639 iurisdictio.

257 2659 424 2705 Neophyti.
456 2660 489 2693 V.
512 2659 828 2693 Cathecumenorum
851 2666 881 2693 et
901 2660 1137 2704 neophytorum
1154 2659 1325 2704 hospitale.

378 2713 452 2744 Ball.
477 2713 554 2744 Rom.
585 2713 636 2743 Vol.
665 2713 707 2744 VI.
913 2714 949 2744 74
