2227 3001
84 223 134 250 An.
152 224 182 251 C.
201 223 267 250 1557

94 652 207 678 privilegia
230 657 266 673 re-

80 683 207 704 ferendariis
242 690 266 703 a-

80 715 193 742 postolicis
213 720 266 735 con—

80 752 143 767 cessa
167 749 189 767 et
212 751 265 766 cou-

81 777 190 801 cedenda,
221 777 265 797 eis-

81 809 265 829 demat-iditoribus

81 841 221 860 communicat
232 847 237 864 3

79 1617 209 1638 Executores
230 1618 268 1638 ‹lc-

80 1651 146 1675 putai;

920 223 1036 246 PAVLL'S
1062 224 1093 247 ΙΙΙ
1121 225 1167 247 Pr.

282 277 313 305 et
332 282 391 316 per
410 271 536 311 omnia,
559 272 749 306 auctoritate
776 275 970 318 apostolica,
994 282 1037 309 te-

281 337 360 359 nore
381 325 600 370 praesentium
621 327 854 361 confirmamus
882 335 908 361 et
946 330 1037 362 inno-

281 389 402 419 vamus,
425 378 544 422 illaque
564 379 623 411 sibi
644 384 674 412 et
694 390 808 413 corum
835 382 984 423 cuilibet,
1007 388 1034 415 ‹·t

280 438 378 478 prout
397 432 472 465 dicti
494 443 530 466 ac
551 433 604 465 alii
624 434 888 477 praedecessores
909 447 1038 469 conces-

281 492 404 526 serunt,
419 486 457 518 de
475 496 569 526 nOVO,
593 497 651 530 pro
672 486 791 530 potiori
812 489 949 529 cautela,
964 500 1038 522 con-

281 538 428 572 cedimus
447 544 478 572 et
498 539 715 581 indulgemus.

324 593 339 636 ἓ
359 592 389 626 3.
419 593 464 626 Ac
488 592 654 637 privilegia
674 599 702 626 et
723 594 841 636 gratias
861 595 984 628 dilectis
1004 597 1038 628 ti-

281 645 331 678 liis
355 645 581 679 referendariis
606 646 723 679 nostris
748 659 803 680 seu
831 658 944 680 eorum
973 649 1038 681 col-

280 699 364 742 legio
376 709 529 733 concessa
540 700 619 733 acin
632 706 798 744 posterum
817 702 1035 738 concedenda,

280 753 335 786 illa
364 764 422 797 pro
452 754 650 788 sufficienter
679 754 837 798 expressis
861 755 1035 791 habentes,

280 817 354 840 cum
371 807 490 840 eisdem
510 808 712 841 auditoribus
733 812 763 841 et
782 808 1039 841 locatenentibus

279 872 316 894 ac
341 871 455 894 eorum
484 862 620 905 collegio
635 889 642 902 ,
665 862 856 895 auctoritate
876 867 907 894 et
926 866 1037 895 tenore

278 915 471 959 praemissis,
482 916 772 956 communicamus,
781 926 838 949 seu
847 914 901 947 illa
911 915 949 948 de
956 926 1037 948 noxe

278 968 324 1001 eis
339 968 560 1009 concedimus,
574 980 611 1002 ac
623 973 807 1012 praesentes
827 968 935 1001 literas
956 974 986 1000 et
1006 968 1037 1000 in

279 1021 324 1055 eis
344 1027 495 1055 contenta
522 1033 767 1066 quaecumque,
787 1021 845 1054 sub
864 1021 1004 1054 cuiusvis
1026 1022 1035 1044 ¹

279 1076 558 1120 suspensionibus,
572 1075 835 1118 derogationibus
851 1086 887 1108 ac
908 1086 1038 1109 revoca-

279 1129 422 1163 tionibus
441 1130 473 1162 in
493 1129 693 1162 contrarium
715 1129 806 1162 sactis
825 1134 855 1162 et¹
870 1129 1035 1167 faciendis,

280 1182 413 1216 minime
434 1183 666 1227 comprehendi
687 1194 791 1227 neque
812 1182 875 1215 illis
890 1183 1037 1225 derogari

280 1246 384 1281 posse,
407 1236 467 1269 nisi
488 1236 678 1269 eorumdem
699 1236 884 1269 auditorum
902 1246 938 1269 ac
954 1236 1039 1268 loca-

280 1289 457 1323 tenentium
487 1291 525 1323 ad
553 1290 584 1322 id
610 1301 780 1333 expressus
799 1289 969 1323 accesserit
991 1301 1039 1322 as-

280 1353 405 1384 sensus;
432 1353 469 1376 ac
491 1342 618 1376 irritum
640 1347 669 1376 et.
689 1342 784 1375 inane
814 1342 972 1387 quidquid
989 1353 1038 1375 se-

281 1407 338 1430 cus
358 1407 456 1441 super
476 1396 513 1430 iis
533 1408 550 1430 a
571 1408 749 1441 quoquam,
772 1397 883 1440 quavis
903 1396 1040 1429 auctori-

279 1454 354 1490 tate,
377 1450 515 1483 scienter
525 1451 574 1483 vel
595 1450 793 1493 ignoranter,
810 1449 980 1492 contigerit
995 1455 1039 1482 at-

279 1503 413 1544 tentari,
436 1504 652 1537 decernimus.

325 1558 340 1601 ἓ
359 1557 390 1590 4.
414 1557 571 1597 Quocirca
592 1569 651 1602 pro
667 1564 813 1601 tempore
830 1557 1039 1590 existentibus

281 1616 409 1644 sanctae
429 1611 593 1644 Romanae
620 1610 782 1644 Ecclesiae
811 1611 989 1643 camerario
1011 1616 1041 1643 et

281 1665 395 1698 Curiae
411 1676 583 1698 causarum
599 1665 751 1698 Gamerae
768 1665 968 1708 Apostolicae
985 1675 1039 1707 ‹ge-

280 1714 382 1747 nerali
398 1714 537 1747 auditori
558 1724 594 1747 ac
620 1714 652 1746 in
669 1714 752 1746 Urbe
769 1713 800 1745 in
817 1713 1039 1757 spiritualibus

281 1762 412 1803 vicario,
425 1774 484 1807 per
501 1769 697 1807 praesentes,
717 1768 805 1795 motu
827 1762 937 1802 simili,
952 1773 1040 1795 man-

282 1812 396 1845 damus
415 1817 576 1856 quatenus
596 1812 656 1855 ipsi
676 1812 723 1844 xel
744 1812 809 1844 duo
827 1816 881 1844 aut
894 1822 978 1844 unus
988 1823 1040 1844 eo-

280 1871 366 1902 rum,
381 1871 439 1904 per
453 1872 486 1894 se
505 1862 554 1894 vel
574 1861 673 1894 alium
695 1872 751 1893 seu
772 1861 863 1901 alios,
886 1871 1039 1904 praesen-

282 1915 328 1943 tes
355 1909 464 1943 literas
497 1922 533 1944 ac
567 1911 599 1943 in
629 1912 674 1944 eis
695 1916 846 1944 contenta
867 1921 1040 1954 quaecum-

281 1970 356 2002 que,
379 1959 435 1993 ubi
462 1965 493 1992 et
526 1960 657 2004 quando
678 1971 760 2004 opus
780 1960 888 2000 suerit,
911 1965 938 1992 et
961 1971 1038 2004 quo-

279 2010 339 2043 ties
354 2021 413 2053 pro
429 2016 520 2054 parte
537 2010 699 2044 dictorum
713 2010 899 2043 auditorum
913 2015 941 2043 et
957 2010 1040 2043 loea-

280 2059 460 2092 tenentium
495 2070 552 2092 seu
585 2059 723 2093 alicuius
751 2070 865 2093 eorum
899 2060 1040 2103 desuper

280 2108 400 2142 suerint
420 2108 578 2152 requisiti,
601 2109 788 2142 solemniter
813 2109 1016 2153 publicantes
1030 2137 1037 2149 ,

280 2157 391 2202 eisque
410 2157 443 2190 in
464 2158 648 2201 praemissis
682 2158 820 2191 efficacis
845 2158 1040 2192 defensionis

280 2207 440 2252 praesidio
468 2207 667 2248 assistentes,
690 2207 824 2248 saciant,
848 2208 1038 2242 auctoritate

279 2262 407 2297 nostra,
439 2268 493 2290 eos
513 2262 544 2290 et
570 2268 683 2291 eorum
711 2257 887 2301 quemlibet
922 2259 1039 2291 contir-

280 2305 441 2346 matione,
472 2305 699 2347 innovatione,
731 2307 956 2349 concessione,
993 2308 1040 2340 in-

280 2357 384 2396 dulto,
407 2355 701 2390 communicatione
722 2362 751 2390 et
771 2357 901 2390 decreto
917 2368 954 2390 ac
969 2358 1039 2390 aliis

281 2405 465 2450 praemissis
499 2405 633 2449 pacifice
653 2406 716 2439 srui
737 2412 768 2440 et
791 2406 950 2450 gaudere,
974 2418 1037 2440 non

281 2455 502 2498 permittentes
517 2466 572 2488 eos
587 2456 727 2499 desuper
742 2467 800 2500 per
815 2467 1039 2500 quoscumque

281 2503 527 2549 quomodolibet
547 2504 687 2538 indebite
707 2506 891 2546 molestari,
914 2511 1039 2539 contra-

286 2553 427 2587 dictores
447 2553 605 2596 quoslibet
636 2559 667 2587 et
693 2554 829 2588 rebelles
848 2565 907 2598 per
926 2565 1040 2588 censu-

320 2620 330 2647 1
349 2621 500 2656 ραίϋαευίε,
521 2619 651 2647 Berninus
668 2620 685 2647 l.
703 2628 726 2648 s.
743 2628 766 2648 c.
784 2621 823 2657 (a.
845 2623 893 2657 T.).

1727 220 1791 253 255

1080 288 1130 309 ras
1150 277 1385 311 ecclesiasticas
1414 289 1451 312 ac
1479 279 1539 312 alia
1566 279 1645 313 iuris
1669 282 1832 322 remedia,

1078 331 1292 374 appellatione
1313 332 1501 376 postposita,
1525 334 1771 375 compescendo,
1790 335 1836 366 in-

1079 390 1189 417 vocato
1206 385 1301 417 etiam
1323 385 1360 417 ad
1379 386 1439 418 boc
1455 413 1461 425 ‚
1485 385 1509 418 si
1522 396 1603 429 opus
1619 386 1727 426 suerit,
1745 387 1835 420 auxi-

1078 438 1121 470 lio
1143 438 1266 471 brachii
1292 440 1476 472 saecularis.

1124 492 1188 533 ξῦ.
1221 493 1289 525 Non
1324 493 1524 527 obstantibus
1553 494 1837 528 constitutionibus

1080 550 1107 576 ct
1119 545 1376 578 oidinationibus
1388 547 1572 590 apostolicis
1583 547 1676 581 editis
1692 559 1728 580 ac
1744 548 1838 581 eden-

1080 597 1144 637 dis,
1169 598 1262 630 etiam
1285 600 1468 643 p‹:·1·petuis,
1491 600 1666 644 privilegiis
1693 611 1835 644 quoque,

1080 652 1213 684 indultis
1247 659 1274 685 et
1303 653 1403 686 literis
1433 654 1635 697 apostolicis,
1658 654 1768 697 gratiis
1802 666 1839 687 ac

1081 706 1345 739 concessionibus
1361 719 1419 750 per
1435 719 1660 751 quoscumque
1678 708 1840 740 Romanos

1081 759 1252 792 Pontifices
1277 761 1541 803 praedecessores
1566 768 1693 794 nostros
1718 773 1755 795 ac
1782 773 1839 795 nos

1081 813 1108 839 et
1144 808 1258 841 Sedent
1285 809 1452 850 eamdem,
1488 811 1547 843 sub
1577 810 1840 854 quibuscumque

1080 856 1248 889 tenoribus
1282 863 1309 889 ct
1341 858 1472 897 formis,
1502 869 1538 891 ac
1573 869 1647 891 cum
1675 859 1840 902 quibusvis

1081 906 1234 939 clausulis
1245 907 1434 946 emet-retis,
1454 907 1549 940 etiam
1566 907 1686 940 iteratis
1702 908 1837 948 vicibus,

1081 955 1355 998 quilmscumque,
1379 967 1588 1000 quocumque
1609 956 1738 989 nomine
1755 967 1840 990 nun-

1081 1009 1243 1046 cupentur
1259 1010 1287 1036 et
1310 1004 1462 1047 dignitate
1479 1016 1535 1037 scu
1552 1005 1732 1037 maioritate
1750 1016 1841 1048 prae-

1081 1052 1235 1095 fulgeant,
1259 1053 1290 1085 in
1311 1064 1428 1096 genere
1448 1054 1497 1086 vel
1518 1053 1550 1086 in
1576 1054 1695 1097 specie,
1717 1054 1762 1087 eis
1783 1065 1839 1087 seu

1081 1111 1194 1133 eorum
1221 1101 1384 1145 collegiis,
1403 1103 1563 1135 concessis
1576 1130 1583 1143 ,
1606 1103 1792 1147 approbatis
1812 1109 1839 1136 et

1082 1150 1256 1190 innovatis,
1287 1162 1321 1183 ac
1350 1152 1380 1183 in
1407 1157 1574 1195 posterum
1604 1151 1838 1192 concedendis,

1082 1199 1299 1243 approbandis
1320 1205 1348 1233 et
1370 1201 1571 1233 innovandis.
1595 1200 1718 1239 Quibus
1739 1202 1841 1234 omni-

1080 1247 1161 1288 bus,
1185 1249 1279 1281 etiam
1301 1251 1338 1289 si,
1362 1261 1420 1293 pro
1442 1250 1571 1282 illorum
1593 1250 1764 1282 sufficienti
1785 1250 1841 1283 de-

1081 1297 1267 1339 rogatione,
1291 1299 1330 1331 de
1364 1299 1426 1332 illis
1454 1309 1634 1342 eorumque
1655 1299 1729 1331 totis
1749 1304 1840 1331 teno-

1081 1346 1171 1378 ribus
1215 1347 1382 1390 spccialis,
1427 1348 1578 1392 specifica
1620 1353 1646 1380 et
1693 1358 1841 1391 expressa

1082 1395 1202 1428 mentio
1223 1396 1370 1429 habenda
1400 1403 1453 1430 aut
1485 1397 1639 1441 exquisita
1658 1398 1761 1430 forma
1777 1408 1842 1430 ser-

1080 1445 1181 1477 vanda
1209 1445 1288 1477 soret
1304 1472 1311 1486 ,
1335 1457 1370 1478 ac
1392 1447 1424 1479 in
1454 1447 1499 1479 eis
1525 1452 1674 1479 caveatur
1694 1457 1841 1490 expresse

1082 1494 1168 1536 quod
1190 1493 1252 1526 illis
1271 1495 1457 1528 nullatenus
1479 1495 1627 1538 derogari
1644 1495 1755 1539 possit,
1774 1495 1842 1528 illo-

1082 1553 1221 1586 rumque
1247 1544 1394 1576 omnium
1416 1550 1544 1577 tenores
1565 1555 1622 1587 pro
1643 1544 1842 1577 sufficienter

1082 1592 1239 1634 expressis
1268 1604 1304 1625 ac
1334 1593 1460 1626 insertis
1491 1593 1665 1633 babentes,
1688 1593 1749 1625 hac
1772 1592 1841 1626 vice

1082 1641 1265 1681 dumtaxat,
1288 1642 1349 1673 illis
1383 1642 1461 1675 alias
1492 1642 1523 1674 in
1549 1652 1607 1674 suo
1628 1642 1745 1674 robore
1765 1652 1840 1685 per-

1083 1690 1262 1730 mansuris,
1285 1691 1401 1723 barum
1423 1690 1521 1731 serie,
1540 1696 1630 1723 motu
1651 1701 1687 1723 ac
1708 1690 1841 1723 scientia

1083 1738 1262 1779 similibus,
1286 1740 1499 1782 (lei·‹··gamus;
1526 1750 1654 1772 necnon
1689 1739 1841 1773 omnibus

1082 1787 1156 1828 illis,
1175 1799 1268 1832 quae,
1290 1789 1321 1821 in
1334 1789 1436 1822 literis
1452 1789 1571 1821 eisdem
1594 1787 1797 1820 auditoribus
1813 1794 1841 1821 et

1082 1837 1337 1871 locatenentibus
1370 1850 1427 1871 seu
1463 1848 1576 1871 eorum
1605 1837 1741 1880 collegio
1767 1848 1842 1870 con-

1083 1897 1182 1923 cessa,
1200 1889 1369 1921 voluerunt
1393 1887 1467 1921 dieti
1489 1888 1755 1931 praedecessores
1776 1897 1842 1919 non

1082 1938 1220 1978 obstare,
1238 1949 1320 1982 quae
1341 1949 1400 1982 pro
1421 1937 1564 1981 repetitis
1579 1937 1771 1977 habeantur,
1791 1947 1842 1969 ce-

1082 1988 1223 2030 terisque
1241 1987 1410 2020 contrariis
1430 1987 1704 2031 quibuscumque.

1127 2036 1141 2077 J<
1161 2036 1191 2069 [t.
1216 2036 1248 2069 Et
1267 2037 1342 2079 quia
1363 2036 1494 2069 difficile
1515 2036 1595 2069 foret
1616 2040 1672 2068 etc.

1125 2084 1239 2118 Datum
1262 2086 1382 2118 Itomae
1401 2085 1486 2128 apud
1507 2085 1662 2118 Sanctum
1683 2084 1838 2125 Marcum,

1082 2135 1141 2169 sub
1162 2136 1283 2168 annulo
1304 2134 1487 2175 Piscatoris,
1506 2135 1556 2167 die
1577 2133 1841 2178 decimaseptima

1082 2184 1228 2226 augusti,
1251 2183 1424 2217 millesimo
1453 2183 1712 2226 quingentesimo
1740 2183 1838 2226 trige-

1082 2233 1318 2276 sinmseptbno,
1342 2232 1549 2277 pontificatus
1564 2232 1665 2265 nostri
1686 2242 1771 2265 anno
1792 2242 1836 2266 ιιι.

1122 2286 1182 2316 ltat.
1200 2287 1245 2316 dic
1264 2287 1299 2316 17
1314 2287 1431 2324 augusti
1450 2286 1650 2326 1537,p0ntis.
1665 2295 1740 2316 anno
1757 2295 1799 2316 111.

1081 2368 1234 2412 Sequitur
1254 2368 1409 2401 concessio
1430 2368 1645 2411 exemptionis
1668 2378 1688 2401 α
1716 2367 1841 2411 flabella

1128 2434 1208 2454 t'ettl.

1183 2499 1282 2528 Paulus
1301 2500 1370 2536 Papa
1395 2499 1439 2533 ΙΙΙ,
1460 2501 1538 2528 motu
1553 2498 1664 2536 proprio
1684 2500 1738 2528 etc.

1126 2562 1333 2595 Attendentes
1367 2562 1539 2596 continuos
1572 2562 1698 2595 labores
1713 2588 1720 2602 ‚
1757 2572 1838 2606 quos

1083 2611 1190 2646 dilecti
1226 2611 1285 2646 filii
1319 2623 1490 2647 causarum
1524 2611 1636 2647 Palatii
1664 2611 1839 2656 Apostoli01

1851 229 1898 256 Αιι.
1918 229 1946 256 C.
1968 229 2033 256 ¹557

1867 511 1983 533 Contrariis
1999 513 2036 533 de-

1853 547 1920 569 ‘'VS-¹¹3

1856 2048 1962 2076 Exemplis
1980 2050 2041 2070 fidem

1857 2082 1936 2101 tribuit.

1867 2573 1934 2596 Cnusa
1952 2580 2040 2598 conces.

1853 2606 1926 2627 atonis.
