2227 3001
179 273 226 299 Aa.
247 274 274 298 C.
298 274 361 300 lats}

420 263 483 297 322)

377 329 424 360 vel
441 326 580 360 cuiusvis
596 325 733 364 Ordinis,
752 324 846 357 etiam
863 321 1126 362 Mendicantium‚

379 380 579 423 regularem,
606 378 674 422 qui,
702 386 815 410 eorum
837 375 1039 408 confessione
1060 374 1130 407 dili-

377 438 489 475 genter
508 432 634 471 audita,
671 440 729 473 pro
769 428 948 461 commissis
982 439 1040 472 per
1077 438 1131 460 eos

377 486 501 519 delictis
521 491 549 518 et
572 483 753 517 excessibus
775 493 812 514 ac
841 482 980 525 peccatis
1000 481 1131 525 quibus-

377 540 463 579 libet,
486 544 786 582 quanttimeumque
807 535 956 578 gravibus
980 540 1009 567 ct
1038 544 1132 567 enor-

379 593 499 629 mibus,
522 591 618 623 etiam
646 590 678 622 in
709 589 781 622 Sedi
810 588 995 632 praedictae
1024 598 1129 620 reser-

377 646 452 677 x-:ttis
480 644 618 681 casibus,
651 653 685 674 ac
709 641 854 674 censuris
883 639 1127 679 ecclesiasticis,

377 699 470 729 etiam
493 697 531 729 ab
552 696 682 729 bomine
710 695 758 727 vel
787 694 824 726 ad
854 693 990 726 alicuius
1011 693 1131 725 instan-

377 751 450 782 tixnn
479 750 566 789 latis,
593 750 631 781 tle
658 758 817 781 consensu
847 747 1005 790 partium,
1035 746 1129 779 etiam

377 804 498 835 tatione
512 802 671 835 interdicti
686 801 870 841 incursis,et
885 810 1023 844 quarum
1040 801 1130 832 abso-

377 857 454 889 lutio
475 856 577 888 «lictae
599 855 671 888 Setli
693 860 848 887 reservata
871 855 949 887 soret
971 854 1128 897 (praeter-

374 922 471 953 quam
494 909 739 942 machinationis
765 909 795 940 in
811 918 981 951 personam
1004 907 1128 940 Summi

377 963 549 1001 l‘ontiticis,
564 962 734 995 occisionis
744 962 971 1005 episcoporum
985 966 1040 993 aut
1052 961 1129 993 alio-

377 1028 446 1048 rum
480 1016 687 1059 superiorum
727 1016 959 1058 praelatorum,
989 1020 1019 1046 et
1046 1014 1127 1047 inie-

375 1070 488 1101 ctionis
517 1080 672 1101 manuum
693 1069 906 1101 violentarum
929 1067 960 1099 in
982 1067 1054 1099 illos
1074 1072 1128 1099 ant

375 1123 452 1154 :ulios
474 1123 644 1165 praelattjw,
664 1120 895 1153 falsificationis
915 1119 1078 1152 bullarum
1099 1124 1129 1152 et,

377 1177 540 1208 literarum
563 1174 842 1218 Apostolicarum,
874 1173 1042 1206 delationis
1076 1184 1127 1205 ar-

377 1240 501 1261 morum
520 1233 547 1261 ct
560 1227 697 1260 aliorum
714 1226 951 1270 prohibitorum
968 1226 1006 1258 ad
1024 1231 1129 1269 partes

376 1283 573 1322 infidelium,
596 1291 632 1313 ac
658 1279 891 1313 sententiarum
917 1284 947 1312 et
973 1289 1126 1311 censura-

376 1346 459 1371 1-11111,
483 1333 652 1367 occasione
673 1332 853 1365 aluminum
869 1332 1013 1374 Tulphae
1037 1342 1125 1370 suae,

374 1400 408 1419 ac
426 1388 464 1419 tle
480 1387 624 1430 partibus
638 1385 782 1418 fidelium
792 1385 831 1417 ad
844 1384 1002 1423 infideles,
1016 1390 1127 1417 contra

376 1440 625 1484 prohibitionem
639 1449 729 1472 suam
740 1439 920 1470 delatorum
937 1438 971 1479 l),
984 1438 1082 1470 semel
1096 1437 1127 1469 in

375 1495 446 1529 rita;
469 1499 497 1525 et
520 1493 550 1525 in
573 1503 636 1525 non
667 1492 834 1524 reservatis
859 1490 1004 1529 casibus,
1037 1491 1128 1523 toties

373 1546 540 1590 quotiesid
561 1545 738 1589 petiisseiit',
757 1550 783 1576 et
800 1544 831 1575 in
849 1544 960 1575 mortis
976 1543 1125 1583 articulo,

376 1600 550 1643 plenariam
568 1598 713 1631 omnium
734 1602 942 1641 peccatorum
960 1597 1129 1639 indulgen-

376 1653 449 1685 tiam
472 1658 500 1685 et
523 1651 744 1685 remissionem
766 1650 973 1694 impendere,
996 1660 1033 1682 ac
1055 1660 1129 1692 poe-

374 1705 539 1738 nitentiam
562 1705 734 1737 salutarem
756 1703 936 1744 iniungere,
958 1707 987 1735 et
1005 1702 1129 1735 Eucha-

375 1758 481 1790 ristiae
502 1762 753 1795 sacramentum,
778 1760 1004 1799 praeterquam
1026 1755 1057 1787 in
1078 1756 1128 1787 ‹lie

376 1806 536 1838 Pascbatis
556 1811 586 1838 et
606 1805 636 1837 in
660 1804 771 1837 mortis
792 1804 941 1841 articulo,
963 1803 1032 1835 aliis
1052 1803 1128 1835 anni

376 1854 574 1897 temporibus
601 1853 794 1885 ministrare.
818 1852 881 1884 Nec
906 1862 970 1884 non
996 1862 1054 1895 per
1074 1862 1129 1885 eos

375 1903 488 1935 emissa
514 1908 584 1935 vota
617 1912 842 1946 quaecumque
867 1901 1126 1943 (ultramarino,

376 1951 721 1993 ingressus-Religionis
736 1955 763 1983 et
777 1949 928 1983 castitatis
942 1949 1021 1982 votis
1037 1950 1129 1981 dum-

374 1992 455 2033 tarint
478 2001 629 2043 exceptis)
646 2001 676 2032 iu
698 2000 758 2032 alia
778 1999 903 2042 pietatis
919 2009 1017 2042 opera
1038 2008 1127 2030 eom—

377 2056 510 2083 mutare.
543 2050 586 2081 Ae
615 2060 688 2082 cum
715 2048 869 2081 simoniae
898 2047 929 2079 in
958 2046 1128 2080 ordinibus

373 2100 421 2131 rel
442 2099 608 2131 beneficiis
629 2099 819 2131 commissae
835 2098 905 2131 labe
926 2098 1068 2141 pollutis,
1090 2099 1127 2130 ad

377 2149 480 2191 ipsum
503 2159 584 2191 opus
612 2148 904 2186 contribuentiluts,
929 2158 1027 2191 super
1048 2147 1127 2179 irre—

374 2197 563 2236 gularitate,
590 2197 613 2228 si
641 2207 738 2239 quam
768 2196 914 2229 censuris
942 2197 1127 2229 huiusmodi

374 2245 477 2287 ligati,
502 2245 612 2277 missas
643 2250 673 2278 et
699 2246 760 2278 alia
788 2245 893 2278 divina
919 2245 1040 2285 officia,
1064 2256 1128 2278 non

374 2300 481 2326 tamen
524 2294 557 2326 in
591 2299 813 2337 contemptum
849 2294 1004 2333 clavium,
1042 2295 1127 2327 cele-

375 2343 518 2381 brando,
541 2348 592 2374 aut
616 2343 694 2375 alias
714 2343 826 2374 (livinis
847 2354 879 2375 se
902 2343 1126 2383 immiscendo,

375 2404 431 2424 seu
457 2392 535 2424 alias
561 2391 822 2434 quomodolibet,
855 2392 950 2424 etiam
972 2393 1129 2425 beneficia

376 2441 604 2479 ecclesiastica,
629 2441 878 2484 praemissorum
896 2442 1065 2475 occasione.
1082 2444 1127 2475 vel

376 2491 462 2529 alias,
498 2490 637 2523 indebite
667 2490 876 2534 occupando,
902 2496 1128 2535 praeterquam

374 2540 499 2572 ratione
526 2538 690 2572 homicidii
713 2538 883 2571 voluntarii
905 2546 935 2572 et
956 2540 1127 2583 bigamiae,

377 2589 627 2630 contraxissent,
649 2588 835 2632 dispensare
849 2617 856 2629 ,
879 2600 998 2633 eosque
1024 2590 1129 2624 absol-

411 2652 423 2678 1
443 2651 559 2679 Cherub.
578 2651 651 2679 addit
667 2654 843 2679 incursorum
863 2652 901 2687 (n.
919 2652 968 2687 τ.).

974 269 1152 293 BULLAntrM
1177 267 1327 291 ROMANPM

1172 332 1258 361 vere,
1282 331 1477 364 omnemque
1497 320 1703 353 inhabilitatis
1725 326 1754 352 et
1775 320 1924 352 infamiae

1174 374 1332 407 maculam
1351 374 1414 406 sive
1430 379 1538 407 notam
1555 385 1591 406 ex
1613 373 1663 407 his
1683 373 1925 417 provenientem

1172 427 1314 467 abolere,
1338 432 1369 459 et
1389 432 1423 459 ut
1446 426 1477 459 in
1498 426 1654 470 susceptis
1675 426 1843 459 ordinibus
1868 426 1926 458 mi—

1174 479 1322 519 nistrare,
1351 489 1387 511 ac
1403 479 1448 511 sic
1469 478 1623 521 acquisita
1642 479 1800 512 beneficia
1821 480 1925 512 eccle-

1173 532 1312 571 siastica,
1331 542 1414 575 quae
1435 542 1471 564 ex
1493 537 1568 564 tunc
1589 532 1634 564 eis
1654 532 1693 564 de
1714 542 1794 565 novo
1811 532 1926 565 collata

1173 590 1394 624 censerentur,
1416 589 1447 617 et
1471 590 1641 628 perceptos
1666 596 1703 617 ex
1723 585 1767 618 eis
1787 585 1923 626 fructus,

1173 638 1268 670 etiam
1290 638 1413 671 ratione
1435 638 1618 671 omissionis
1641 638 1797 671 horarum
1827 649 1925 671 cano-

1173 690 1318 723 nicarum
1346 697 1376 723 et
1405 691 1586 723 (livinorum
1615 690 1812 730 officiorum,
1844 692 1926 724 facta

1172 744 1279 787 aliqua
1305 744 1538 789 compositione
1560 754 1634 777 cum
1655 743 1710 783 eis,
1732 745 1921 778 concedere.

1215 798 1229 839 ς’
1246 796 1276 829 6.
1295 797 1425 829 Necnon
1442 807 1539 840 super
1558 797 1640 828 male
1658 796 1782 836 ablatis,
1795 797 1926 830 incertis

1171 850 1218 881 rel
1242 860 1300 893 per
1324 849 1507 882 usurariam
1534 849 1721 892 pravitatem
1754 849 1922 891 quaesitis,

1171 902 1265 934 etiam
1288 902 1394 942 certis,
1413 913 1495 945 quae
1517 903 1700 935 foenerator
1719 902 1758 933 ab
1778 901 1842 934 alio
1862 902 1927 935 soe-

1171 960 1318 987 neratore
1331 955 1526 994 extorsisset,
1539 960 1567 987 et
1579 965 1661 998 quae
1673 954 1739 997 ipse
1752 954 1926 996 requisitus

1172 1018 1286 1040 usuras
1307 1008 1476 1041 restituere
1506 1013 1637 1051 paratus
1664 1017 1729 1040 non
1754 1012 1856 1047 esset,
1878 1007 1926 1040 vel

1170 1061 1265 1093 alicui
1278 1061 1417 1105 privatae
1430 1061 1584 1094 ecclesiae
1596 1061 1801 1100 debe-rentur,
1813 1060 1845 1092 in
1857 1061 1927 1104 qui-

1170 1114 1229 1146 bus
1245 1119 1351 1147 tamen
1368 1115 1511 1147 Romana
1530 1114 1671 1147 Ecclesia
1687 1114 1726 1147 de
1750 1115 1819 1147 iure
1836 1124 1925 1146 oom-

1171 1168 1260 1199 muni
1282 1169 1456 1201 succedere
1479 1173 1604 1211 posset,
1628 1178 1665 1200 ac
1691 1167 1787 1200 etiam
1812 1167 1923 1207 bonis,

1170 1232 1252 1262 quac
1280 1221 1319 1253 ad
1339 1221 1479 1254 alicuius
1500 1232 1614 1254 manus
1636 1220 1873 1265 pervenissent,
1895 1226 1926 1253 et

1172 1273 1223 1305 illa
1257 1273 1429 1313 habente-S,
1465 1275 1584 1317 quibus
1614 1273 1739 1306 restitui
1772 1273 1927 1306 deberent,

1171 1326 1371 1368 ignorassent
1398 1328 1445 1359 vel
1479 1327 1698 1365 dubitassem,
1727 1337 1925 1369 quamquam

1171 1379 1252 1411 male
1273 1379 1378 1411 ablata
1406 1390 1463 1422 per
1483 1390 1538 1411 cos
1563 1389 1626 1411 non
1655 1379 1846 1418 existerent,
1870 1390 1926 1411 scu

1171 1432 1282 1465 illaad
1311 1443 1365 1465 eos
1393 1433 1611 1476 pervenirent;
1647 1438 1674 1465 et
1706 1431 1855 1464 similiter
1888 1432 1926 1464 de

1170 1485 1239 1524 liis,
1263 1496 1345 1528 quae
1372 1485 1572 1528 pauperibus
1599 1490 1628 1517 et
1655 1485 1726 1517 aliis
1746 1484 1808 1527 piis
1828 1485 1925 1523 locis,

1171 1539 1201 1570 in
1218 1549 1335 1580 genere
1356 1544 1383 1571 et
1406 1538 1527 1582 absque
1544 1539 1609 1570 ulla
1626 1538 1757 1581 speciali
1778 1537 1927 1570 determi-

1171 1591 1310 1629 natione,
1323 1597 1350 1624 et
1363 1592 1503 1635 propriis
1515 1591 1702 1624 nominibus
1714 1601 1925 1634 perscmarum

1170 1654 1234 1676 non
1255 1644 1425 1688 expressi&
1446 1644 1558 1677 relicta
1578 1643 1697 1683 forent,
1722 1654 1779 1686 pro
1801 1649 1926 1686 praele-

1171 1698 1232 1730 rito
1253 1703 1283 1730 et
1303 1698 1412 1730 suturo
1441 1708 1477 1730 ex
1504 1703 1581 1730 tune
1608 1696 1809 1741 temporibus
1837 1708 1926 1730 com—

1171 1760 1303 1793 ponere.
1328 1750 1372 1782 Ita
1394 1755 1439 1789 ut,
1476 1751 1580 1783 soluta
1615 1749 1722 1792 aliqua
1747 1749 1926 1793 quantitate

1171 1814 1228 1846 pro
1250 1803 1334 1835 dicta
1359 1803 1480 1836 fabrica
1503 1803 1607 1835 eidem
1628 1802 1749 1835 nuncio
1773 1803 1820 1835 vel
1842 1813 1927 1835 com-

1171 1855 1316 1888 missario
1339 1856 1385 1887 vel
1413 1855 1597 1900 deputando
1617 1855 1664 1888 vel
1688 1855 1927 1898 subdelegando

1170 1909 1209 1941 ab
1230 1919 1267 1941 eo
1288 1909 1469 1948 dumtaxat,
1490 1906 1621 1953 in'ipsis
1642 1909 1746 1952 capsis
1764 1909 1925 1951 ponenda,

1170 1973 1186 1993 a
1209 1961 1410 2004 reliquorum
1428 1962 1472 1994 sic
1490 1962 1680 1994 relictorum
1697 1967 1725 1994 et
1743 1962 1826 1994 male
1842 1962 1927 1994 abla-

1171 2019 1298 2051 torum,
1322 2025 1358 2047 ac
1380 2025 1437 2057 per
1458 2014 1640 2047 usurariam
1662 2015 1850 2059 pravitatem
1872 2026 1926 2048 ex-

1172 2073 1344 2107 t‹;›rtorum,
1363 2078 1419 2100 seu
1440 2078 1522 2111 quae
1544 2068 1582 2100 ad
1598 2079 1652 2101 eos
1668 2068 1747 2101 alias
1766 2070 1927 2112 pervenis-

1171 2126 1252 2157 sent,
1271 2126 1297 2153 et
1316 2121 1368 2153 cui
1385 2131 1422 2153 ea
1445 2121 1613 2153 restituere
1631 2121 1814 2154 debuissent
1834 2122 1927 2155 dubi-

1170 2175 1280 2207 tabant
1300 2175 1345 2207 vel
1369 2174 1575 2217 ignorabant,
1598 2180 1630 2207 ut
1652 2175 1855 2219 praefertur,
1878 2187 1926 2208 re-

1171 2228 1337 2261 stitutione
1357 2228 1494 2261 absoluti
1516 2229 1704 2268 existerent,
1728 2229 1812 2262 ultra
1832 2230 1925 2262 resti-

1172 2286 1261 2314 tuere
1283 2281 1415 2315 minime
1437 2287 1636 2322 tenerentur,
1658 2283 1704 2316 eis
1724 2283 1922 2322 coneeder03

1171 2346 1207 2367 ac
1228 2335 1293 2375 illa,
1311 2346 1393 2379 quae
1405 2342 1477 2368 ante
1495 2336 1748 2379 publicationem
1765 2336 1923 2370 dictarum

1173 2389 1445 2431 indulgentiarum
1463 2400 1594 2421 suarum
1613 2389 1768 2430 inexacta,
1786 2390 1881 2423 etiam
1898 2391 1922 2423 si

1172 2441 1226 2474 illa
1246 2442 1433 2482 ordinariis,
1457 2453 1515 2485 pro
1539 2443 1614 2485 ipsis
1642 2447 1749 2475 tamen
1770 2442 1920 2482 incertis,

1171 2502 1303 2534 quoquo
1325 2491 1420 2523 modo
1442 2491 1565 2529 relicta,
1589 2492 1705 2524 donata
1725 2497 1755 2525 et.
1774 2502 1857 2535 quae
1879 2492 1923 2524 eis

1170 2539 1282 2582 (plevis
1303 2539 1398 2572 modo
1419 2540 1642 2580 obveniebant;

1210 2607 1216 2631 t
1242 2607 1308 2632 Nota
1329 2606 1400 2640 quod
1421 2607 1442 2633 si
1463 2615 1514 2634 non
1531 2607 1565 2634 sit
1579 2607 1859 2643 compositio,int.egra
1871 2606 1921 2634 de-

1170 2650 1267 2678 bentur
1284 2650 1408 2684 fabricae,
1430 2656 1459 2678 ut
1476 2660 1537 2680 mox
1559 2652 1624 2679 infra
1638 2652 1799 2688 disponitur.

1940 263 1988 292 An.
2006 264 2035 291 C.
2054 265 2119 291 1532

1976 808 2124 828 (immissu-io

1940 841 1995 861 (ledit
2012 841 2074 859 etiam
2090 846 2125 865 po-

1940 874 2038 891 testatem
2067 876 2125 889 cum-

1941 902 2032 928 pout-ndi
2062 906 2125 926 super

1941 932 1994 951 male
2033 931 2124 955 ubl-itis,

1941 964 2028 983 incertis
2052 962 2084 982 vel
2101 969 2125 981 u-

1940 994 1995 1014 suris
2024 993 2125 1019 quaesiit·

1941 1027 1962 1044 nt
1986 1023 2062 1043 debitis
2089 1029 2127 1043 er-

1940 1054 2027 1079 etesiae,
2040 1055 2072 1074 eui
2084 1053 2125 1073 lto⁴

1941 1091 2000 1105 mana
2021 1085 2125 1105 succede-

1940 1119 1973 1137 ret
1980 1116 2082 1140 Erelesia,
2091 1116 2126 1135 de-

1940 1147 2031 1172 bitisque
2048 1152 2125 1172 pet-so-

1940 1183 1979 1198 nae
1988 1178 2082 1197 iuret-tae
2092 1177 2125 1196 vit

1940 1209 2048 1233 ignoratae
2060 1214 2083 1228 ae
2094 1214 2126 1228 su-

1941 1244 1977 1265 pet*
1988 1239 2062 1263 tegatis
2073 1238 2126 1258 loeis

1941 1269 1981 1296 piis
1998 1269 2030 1289 vel
2046 1274 2126 1295 paupe<

1941 1301 1998 1321 ribus
2008 1301 2096 1320 incertis
2106 1299 2125 1324 1;
