2227 3001
216 273 264 298 An.
284 272 313 298 (ἶ.
332 272 398 299 1356

458 260 521 294 518

414 329 546 361 servata,
583 323 691 356 inserti
718 324 836 361 forent,
860 319 1081 364 ljn‘aesentibus
1107 330 1165 363 pro

414 378 570 421 expressis
595 378 765 413 habentes,
788 375 849 407 illis
869 375 946 407 alias
971 374 1002 406 111
1029 385 1087 407 suo
1113 385 1164 406 ro-

413 432 491 464 bore
509 430 739 474 permansuris,
755 430 811 461 bac
825 429 891 460 viee
903 428 1075 467 dumtaxat,
1093 438 1165 470 spe.-

413 484 536 518 cialiter
555 490 582 517 et
605 493 751 527 expresse
772 482 976 525 derogamus,
999 481 1167 514 contrariis

413 539 686 582 quibuscuinque;
705 541 758 569 aut
774 535 798 567 si
819 546 877 580 pro
898 535 960 568 alio
982 536 1028 568 vel
1049 534 1119 567 aliis
1135 534 1165 567 in

413 592 498 625 dicto
531 591 679 634 hospitali
712 589 829 633 scripta
858 589 1033 632 apostolica
1061 590 1166 621 forsan

413 646 474 677 sint
498 644 630 679 directa:
654 655 708 676 seu
730 643 754 675 si
776 642 874 686 aliqui
895 654 993 686 super
1012 642 1166 685 provisio-

413 698 507 730 nibus
519 698 576 730 sibi
595 697 746 729 faciendis
762 697 799 729 de
817 695 1046 739 praeceptoriis
1057 695 1167 728 liuius-

413 751 499 783 modi
512 751 679 794 speciales,
697 751 743 783 vel
760 749 1005 783 aliisu=ueficiis
1016 749 1167 782 ecclesia-

413 804 498 837 stieis
515 804 545 836 in
567 804 650 837 dicta
672 804 754 836 l'rbe
775 804 940 847 generales
961 803 1062 835 dietae
1079 802 1168 835 Sedis

412 860 459 891 vel
489 859 669 901 legatorum
696 858 764 890 eius
784 857 892 890 literas
913 856 1164 900 inwetraverint,

413 912 535 946 etiamsi
546 923 604 956 per
619 923 672 944 eas
687 911 725 943 ad
737 910 972 947 111111111110110111,
983 916 1117 943 reservat
1126 910 1169 942 io-

412 977 485 999 nem
508 971 537 998 et
557 967 723 998 decretum
752 965 800 997 vel
822 964 899 997 alias
926 963 1167 1007 quomodolibet

413 1020 452 1052 sit
486 1030 694 1062 processum,
726 1019 844 1062 quibus
877 1017 1028 1050 omnibus
1062 1017 1167 1060 ipsum

412 1073 619 1106 Franciscum
632 1073 662 1106 in
680 1072 880 1105 assecutione
897 1072 999 1104 dictae
1016 1082 1168 1115 praecep-

414 1128 514 1160 toriae
532 1128 681 1160 volumus
701 1125 865 1166 anteferri,
889 1126 943 1158 sed
964 1126 1090 1157 nullum
1112 1136 1169 1168 per

413 1181 475 1214 hoc
495 1181 552 1220 eis,
571 1181 677 1224 quoad
693 1180 926 1212 assecutionem
944 1178 1169 1222 praeceptoria-

414 1247 486 1268 rum
507 1235 555 1268 vel
575 1233 810 1268 beneficiorum
831 1233 981 1273 alioruin,
1006 1233 1168 1276 praeiudi-

415 1289 501 1322 cium
529 1289 691 1331 generari3
714 1298 771 1320 seu
796 1287 821 1319 si
847 1286 1017 1319 conventui
1046 1285 1170 1329 praedi—

415 1342 473 1375 ctis
499 1342 546 1374 vel
574 1341 739 1385 quibusvis
764 1340 850 1379 aliis,
874 1339 1090 1373 communiter
1122 1340 1169 1372 vel

415 1396 552 1433 divisim,
575 1396 614 1428 ab
635 1396 746 1428 eadem
763 1395 800 1427 sit
818 1395 898 1427 Sede
911 1393 1071 1426 indultum
1083 1394 1169 1436 quod

415 1450 453 1482 ad
475 1448 693 1492 receptionem
722 1449 768 1480 vel
797 1448 1012 1491 provisionem
1033 1447 1170 1479 alicuius

416 1504 549 1536 minime
575 1508 757 1539 teneantur,
778 1507 805 1534 et
819 1502 900 1533 adid
921 1501 1094 1545 compelli,
1117 1506 1168 1533 aut

415 1558 502 1601 quod
523 1557 682 1595 interdici,
706 1556 858 1599 suspendi
878 1556 926 1588 vel
947 1555 1170 1588 excommuni-

416 1610 481 1643 cari
503 1621 565 1643 non
588 1610 718 1653 possint.
738 1610 895 1652 Quodque
921 1609 959 1641 (le
980 1614 1169 1652 praecepto-

416 1664 470 1697 riis
489 1663 675 1697 huiusmodi
701 1665 748 1695 vel
779 1664 848 1695 aliis
873 1663 1038 1695 bemrdiciis
1067 1664 1170 1695 ecele-

415 1718 561 1757 siasticis,
584 1719 622 1750 ad
644 1728 755 1750 eorum
774 1717 991 1755 001111110110111,
1015 1716 1170 1760 provisio-

416 1783 502 1811 nem,
539 1771 852 1815 praesentationem,
896 1771 1086 1803 electionem
1115 1782 1170 1803 seu

416 1826 560 1869 quamvis
580 1825 674 1857 aliani
691 1824 944 1867 dispositionem,
973 1824 1169 1857 coniunctim

415 1880 462 1912 vel
474 1879 656 1923 separatim,
668 1878 895 1921 spectantibus,
904 1878 1090 1910 nullivaleat
1101 1890 1171 1921 pro-

416 1933 514 1966 videri
535 1944 593 1977 per
608 1933 715 1966 literas
736 1932 1002 1975 apostolicasnon
1019 1932 1172 1965 facientes

417 1987 544 2029 plenam
566 1992 593 2019 et
616 1996 797 2029 expressam
814 1996 850 2018 ac
870 1986 908 2018 de
929 1986 1025 2018 verbo
1046 1986 1085 2018 ad
1105 1998 1172 2020 ver-

417 2040 494 2073 bum
526 2041 563 2073 de
594 2040 718 2073 indulto
738 2038 925 2071 huiusmodi
959 2040 1168 2072 mentionem.

418 2094 451 2126 Et
473 2094 616 2137 qualibet
645 2094 705 2126 alia
726 2093 828 2125 dictae
857 2093 945 2125 Sedis
972 2093 1171 2135 indulgentia

418 2148 557 2190 generali
577 2148 621 2179 vel
635 2147 777 2191 speciali,
801 2146 1036 2190 cuiuscumque
1053 2148 1172 2180 tenoris

419 2200 540 2239 existat,
554 2212 610 2243 per
624 2212 730 2243 quam,
745 2200 956 2244 praesentibus
967 2211 1031 2233 non
1044 2212 1171 2244 expres-

419 2266 486 2287 sam
516 2256 562 2286 rel
590 2255 728 2287 totaliter
758 2265 822 2286 11011
852 2254 1017 2291 insertam,
1040 2255 1173 2288 ess'eetus

419 2312 605 2345 huiusmodi
634 2312 752 2352 gratiae
784 2311 932 2355 impediri
961 2313 1062 2345 valeat
1094 2325 1172 2355 quo-

420 2371 592 2404 modolibet
614 2371 660 2403 vel
682 2370 814 2405 differri,
838 2376 864 2403 et
888 2371 925 2402 ‹le
951 2381 1014 2414 qua
1038 2371 1172 2414 eiusque

420 2434 484 2462 toto
510 2434 620 2461 tenore
643 2428 786 2460 habenda
817 2428 851 2459 sit
876 2428 905 2461 111
936 2429 1052 2461 nostris
1074 2430 1172 2463 literis

420 2487 541 2521 mentio
562 2487 718 2532 specialis.

464 2545 549 2578 Nulli
574 2556 649 2588 ergo
671 2549 727 2578 etc.

463 2603 577 2635 Datum
598 2603 717 2636 Romae
744 2603 829 2646 apud
855 2603 886 2635 S.
916 2604 1063 2643 Petrum,
1087 2616 1171 2637 atino

421 2660 652 2694 lncaruationis
679 2660 858 2693 dominicae
884 2652 1053 2694 millesinu)
1079 2662 1171 2704 quiu-

1011 267 1188 290 Bt'LLixnu'n
1215 265 1365 289 ROMANVM

1207 319 1384 361 gentesimo
1417 317 1685 362 quinquagesimo
1713 322 1800 352 sexto
1818 346 1825 360 ‚
1857 316 1963 351 idibus

1209 372 1300 413 1111111,
1325 372 1530 416 pontificatus
1551 373 1650 405 nostri
1671 383 1755 405 anno
1777 383 1808 405 11.

1264 430 1325 460 Dat.
1342 431 1389 460 die
1412 431 1446 460 13
1469 431 1541 460 1111111
1561 431 1646 469 1556,
1664 431 1764 469 pontif.
1783 440 1859 461 anno
1877 440 1904 461 11.

1555 573 1615 606 XV.

1211 650 1431 683 Cancelluriae
1456 650 1642 682 criminales
1668 649 1781 683 Status
1804 651 1964 683 Ecclesia-

1252 704 1337 742 slici,
1356 714 1394 735 ei:
1409 703 1521 746 quaeis
1534 714 1643 743 causa,
1653 707 1881 746 praeterquam
1897 715 1967 736 vere

1253 767 1397 793 onerosa,
1420 757 1666 800 quibuscumque
1681 768 1855 797 concessae,
1873 757 1967 790 Revr-

1254 811 1371 843 rendae
1392 809 1547 843 Gamerae
1571 810 1772 853 Apostole'cae
1797 811 1966 854 applican—

1256 868 1328 901 Ιιιν,·
1366 864 1648 907 ordinatzam-sque
1675 875 1733 907 per
1758 864 1968 896 cancellarios

1256 918 1470 950 observandae
1487 919 1744 961 praefiniuntw',
1772 929 1843 951 cnm
1864 919 1968 962 privi-

1254 972 1411 1015 Ieyiorum
1432 972 1634 1015 claryz'lione.

1279 1053 1378 1081 Paulus
1402 1053 1543 1088 episcopus
1563 1060 1657 1081 servus
1681 1060 1822 1082 servorum
1840 1052 1898 1086 Dei,

1346 1107 1380 1134 ad
1409 1107 1572 1142 perpetuam
1601 1107 1644 1135 rei
1661 1108 1830 1136 memoriam.

1256 1179 1419 1212 Romanus
1434 1179 1576 1212 Pontifex
1593 1190 1840 1223 nonnunquam,
1855 1190 1968 1214 secun-

1212 1232 1288 1264 dum
1310 1232 1492 1266 varietatem
1514 1238 1712 1277 temporum,
1731 1239 1847 1267 statuta
1867 1239 1966 1268 mutat

1212 1286 1366 1324 humana,
1389 1292 1419 1319 et
1439 1286 1516 1319 alias
1532 1287 1672 1330 desuper
1696 1287 1851 1331 disponit,
1874 1294 1969 1332 prout

1213 1340 1341 1373 evidens
1361 1340 1563 1373 subditorum
1580 1341 1700 1374 utilitas
1720 1347 1750 1374 et
1770 1341 1849 1375 aliae
1871 1343 1969 1376 ratio-

1214 1394 1301 1427 nales
1331 1405 1445 1427 causae
1474 1394 1503 1426 id
1532 1401 1720 1438 exposcunt.
1750 1395 1830 1428 Cum
1848 1396 1967 1440 itaque,

1214 1447 1293 1479 sicut
1316 1447 1408 1480 nobis
1436 1458 1540 1490 nuper
1560 1447 1717 1487 innotuit,
1748 1449 1854 1482 officia
1878 1455 1969 1483 nota-

1214 1501 1313 1533 riatus
1333 1512 1388 1534 seu
1409 1501 1669 1534 Cancellariaein
1682 1502 1872 1536 criminibus
1892 1503 1904 1531 1
1924 1502 1969 1536 ci-

1213 1555 1344 1587 vitatum
1358 1560 1385 1588 et
1406 1560 1566 1588 terrarum
1589 1555 1680 1589 nohis
1696 1560 1726 1588 et
1737 1556 1898 1590 Romanae
1910 1557 1970 1590 Ec·

1214 1609 1327 1641 clesiae
1358 1609 1589 1649 subiectarum,
1612 1614 1641 1641 et
1661 1620 1720 1653 per
1739 1610 1869 1653 legatos,
1885 1610 1970 1644 vice-

1214 1664 1350 1704 legatos,
1374 1662 1625 1705 gubernatores,
1649 1668 1819 1706 potestates
1843 1669 1874 1697 et
1893 1664 1971 1697 alios

1214 1717 1367 1749 officiales
1388 1728 1424 1749 ex
1445 1716 1674 1750 commissione
1703 1718 1878 1760 apostolica
1902 1718 1969 1761 regi

1214 1775 1244 1801 et
1263 1770 1437 1813 gubernari
1466 1769 1654 1810 solitarum,
1677 1776 1810 1814 propter
1830 1771 1969 1804 diversas

1214 1823 1403 1857 salarimaun
1425 1835 1461 1856 ex
1482 1824 1602 1856 eisdem
1620 1824 1733 1857 officiis
1753 1825 1876 1869 percipi
1896 1826 1969 1858 soli-

1214 1883 1320 1910 torum
1343 1878 1425 1910 111101·
1444 1878 1695 1921 alias-personas
1716 1878 1896 1920 divisiones,
1920 1880 1968 1912 di-

1214 1942 1302 1963 versa
1318 1937 1453 1964 oneraet
1471 1931 1654 1974 gravamina
1664 1932 1838 1975 patiantur,
1853 1937 1883 1965 et
1894 1932 1968 1966 inde

1215 1986 1266 2016 liat
1286 1990 1320 2017 ut
1340 1985 1399 2028 ipsi
1417 1985 1531 2017 notarii
1555 1996 1611 2018 seu
1636 1985 1820 2018 cancellarii
1841 1986 1968 2030 saepius

1215 2038 1358 2070 subditos
1377 2038 1538 2071 civitatum
1555 2044 1585 2071 et
1600 2044 1759 2072 terrarum
1780 2039 1966 2072 earumdem

1215 2091 1346 2123 dirersis
1361 2096 1388 2124 et
1407 2091 1532 2125 iniustis
1543 2092 1761 2125 exactionibus
1772 2092 1921 2132 afficiant,
1938 2097 1969 2125 et

1216 2145 1245 2177 111
1261 2145 1333 2183 illis,
1353 2151 1503 2179 causante
1520 2145 1964 2187 contributionehuiusmodi,

1216 2205 1496 2235 maimteneantur,
1513 2205 1554 2236 01,
1566 2200 1651 2244 quod
1664 2199 1756 2244 peius
1767 2205 1824 2241 est,
1836 2205 1968 2244 propter

1215 2264 1376 2286 recessum
1408 2259 1438 2286 et
1458 2254 1596 2287 diversas
1616 2254 1809 2287 mutationes
1836 2265 1966 2287 eorum-

1215 2307 1286 2339 dem
1308 2308 1508 2340 notariorum
1526 2319 1581 2341 seu
1593 2307 1872 2349 cancellariorum,
1883 2313 1964 2349 acta,

1215 2360 1406 2400 sententiae,
1430 2360 1732 2401 condemnationes,
1756 2361 1968 2395 instrumenta

1215 2415 1245 2442 et
1263 2410 1344 2443 aliae
1365 2410 1541 2453 scripturae
1563 2410 1743 2443 officiorum
1766 2410 1964 2451 huiusmodi,

1215 2470 1287 2491 011111
1314 2471 1350 2492 ea
1385 2470 1449 2502 qua
1477 2459 1568 2492 decet
1604 2458 1768 2501 diligentia
1796 2470 1860 2492 non
1886 2471 1964 2493 con-

1215 2515 1391 2549 serventur,
1415 2514 1445 2541 ct
1459 2508 1586 2552 saepius
1607 2519 1663 2551 per
1682 2509 1810 2542 eosdem
1824 2510 1966 2543 notarios

1214 2563 1244 2591 et
1264 2559 1473 2591 cancellarios
1488 2559 1521 2591 in
1537 2559 1674 2592 diversas
1689 2558 1802 2591 mundi
1819 2559 1966 2602 regiones

1213 2613 1429 2652 asportentur,
1452 2608 1483 2641 in
1503 2619 1596 2652 grave
1612 2607 1813 2642 subditorum
1834 2619 1964 2642 eorum-

1255 2672 1263 2698 ¹
1284 2672 1483 2704 caminatum»,
1500 2671 1616 2699 Cherub.
1638 2672 1675 2707 (n.
1696 2670 1746 2707 τ.).

1976 261 2028 289 An.
2046 260 2075 289 C.
2096 261 2162 290 ¹556

2026 1194 2092 1216 Causa
2107 1195 2167 1216 istius

1982 1227 2149 1249 constitutionis.
