2227 3001
914 228 1008 251 INDrtx
1036 229 1141 252 annixu
1701 222 1764 255 377

250 281 497 315 Constitutiones
518 281 659 324 plurium
682 279 873 313 Pontificum
895 279 981 313 circa
1002 280 1243 325 impetrationes
1264 281 1498 314 beneficiorum
1531 283 1803 317 consistorialium

339 336 572 370 confirmantur
592 340 620 368 et
638 335 854 368 extenduntur
874 345 890 366 a
911 334 1074 368 Clemente
1095 335 1157 375 VH,
1177 335 1216 369 (37
1238 336 1254 367 b
1276 342 1306 368 et
1326 347 1388 379 seq.

250 390 426 423 Consulum
447 389 522 422 artis
542 394 713 422 nautarum
736 389 765 420 in
786 388 871 421 Urbe
892 388 1084 429 iurisdictio,
1102 389 1144 422 55
1164 400 1194 421 a.
1215 389 1301 428 Quae
1324 390 1516 422 transfertur
1537 390 1567 422 in
1590 390 1728 424 iudicem
1750 392 1805 424 de.-

336 443 516 487 putandum
541 454 559 476 a
593 442 738 486 praeside
772 441 946 485 ltiparum7
971 442 1047 474 ibid.
1086 442 1181 475 ludex
1217 453 1328 475 omnes
1363 454 1475 475 causas
1504 443 1623 486 ripales
1649 443 1755 477 civiles
1775 451 1802 477 ct

337 496 491 540 quasdam
513 495 607 530 etiam
624 495 807 529 criminales
823 494 998 538 cognoscit,
1021 495 1098 528 ibid.
1123 496 1151 528 b.

248 548 481 583 Conventuales
496 549 609 583 fratres
630 555 716 582 extra
736 548 887 582 Ordinem
908 548 1091 591 divagantes
1108 549 1252 582 coerceri
1268 549 1385 581 debent
1401 560 1418 582 a
1435 549 1671 594 superioribus,
1694 550 1732 583 ad
1750 551 1804 583 ob-

336 603 666 637 viandum‘scandalis
686 613 768 647 quae
786 602 859 635 inde
881 602 1043 643 oriuntur,
1062 601 1121 635 381
1146 614 1166 634 a
1187 607 1217 635 et
1232 603 1260 635 b.

245 657 397 701 Corporis
417 657 532 690 Christi
553 657 637 701 (SS.)
658 655 902 690 confraternitas
931 655 962 687 in
997 655 1133 688 ecclesia
1158 656 1273 689 Beatae
1290 655 1405 688 Mariae
1427 667 1524 699 supra
1544 656 1716 691 Minervam
1738 658 1801 692 eri-

334 711 430 754 gitur,
443 710 506 744 '0276
518 721 547 742 a.
572 710 754 743 Confratres
774 716 887 742 curant
904 715 937 742 ut
957 709 1076 753 ubique
1093 708 1336 743 Sanctissimum
1354 710 1598 743 Sacramentum
1620 712 1799 746 honorifice

337 763 549 804 custodiatur,
572 764 649 796 ibid.
665 775 674 801 ,·
690 763 849 808 impensas
870 763 1066 796 necessarias
1086 762 1219 803 faciunt,
1244 763 1320 795 ibid.
1345 763 1376 803 ῖς
1397 768 1427 795 et
1444 769 1475 795 ut
1493 774 1508 795 a
1530 764 1681 806 parochis
1697 765 1736 798 ad
1752 766 1801 798 in-

336 818 446 851 firmos
476 817 626 850 decenter
662 817 824 849 deseratur
852 816 1032 860 provident„
1066 817 1161 854 1'lu‘sl.;
1186 816 1217 848 in
1245 816 1331 848 dicta
1351 816 1497 857 ecclesia,
1519 817 1611 850 tertia
1640 818 1802 852 dominica

336 871 507 904 cuiuslibet
528 871 647 904 mensis
667 872 843 904 solemnem
864 870 992 903 missam
1005 870 1161 903 celebrari
1172 869 1304 911 sariunt,
1329 870 1424 911 ibid.,·
1441 875 1471 903 et
1491 872 1637 915 sequenti
1659 872 1709 905 die
1728 878 1797 916 post

335 926 451 959 festum
471 925 622 970 Corporis
641 924 756 958 Christi
778 924 1016 968 processionem
1038 924 1123 957 circa
1140 923 1321 964 ecclesiam,
1340 924 1437 964 i'b2·cl„·
1457 925 1635 958 confratres
1655 925 1802 960 infirmos

335 979 472 1020 visitant,
496 990 615 1023 eosque
636 979 674 1011 ad
696 979 930 1012 consessionem
952 984 979 1011 ct
1002 978 1221 1011 Eucharistiae
1243 977 1480 1022 susceptionem
1502 978 1684 1020 hortantur,
1707 980 1805 1016 ibid..-

335 1032 468 1075 singulis
484 1031 653 1065 dominicis
674 1032 845 1075 quinquies
862 1031 1045 1065 Orationem
1066 1030 1266 1063 Dominicam
1288 1036 1319 1063 et
1338 1031 1522 1074 Angelicam
1541 1031 1677 1064 recitant
1692 1032 1756 1066 0277
1769 1045 1800 1065 a.

333 1086 481 1119 Mulieres
515 1096 579 1118 non
608 1086 747 1118 valentes
767 1085 1011 1117 Sacramentum
1033 1083 1206 1125 associare,
1226 1084 1399 1128 quinquies
1421 1090 1452 1117 ut
1475 1096 1573 1128 supra
1593 1093 1733 1126 orantes,
1753 1086 1802 1118 in—

335 1138 514 1182 dulgentias
535 1138 750 1171 confratribus
770 1138 1003 1171 associantibus
1038 1148 1206 1170 concessas
1233 1144 1488 1181 consequuntur,
1511 1139 1587 1172 ibid.
1625 1139 1804 1173 Alexander

333 1193 504 1227 cardinalis
524 1193 714 1226 Caesarinus
734 1192 1004 1226 confraternitatis
1019 1197 1195 1237 protector,
1216 1193 1291 1225 thid.
1316 1193 1435 1225 Paulus
1451 1193 1489 1225 lll
1506 1193 1668 1237 praedicta
1686 1199 1802 1227 statuta

333 1252 361 1280 et
383 1247 499 1291 gratias
520 1247 701 1287 confirmat,
724 1246 851 1290 aIIaque
874 1246 1021 1279 concedit
1038 1245 1213 1290 privilegi&
1237 1245 1316 1279 ibid.
1340 1251 1369 1278 et
1389 1257 1450 1290 seq.

244 1301 388 1335 Curiales
408 1306 438 1334 et
458 1301 581 1334 incolae
602 1299 696 1332 Urbis
716 1299 887 1343 disponere
899 1304 1031 1343 possunt
1044 1299 1083 1332 de
1104 1299 1170 1332 suis
1188 1298 1294 1340 bonis,
1310 1299 1405 1332 etiam
1419 1298 1582 1342 acquisitis
1594 1309 1631 1332 ex
1643 1300 1802 1334 fructibus

332 1354 578 1395 beneficiorum,
601 1354 632 1387 in
655 1354 738 1387 Urbe
760 1360 787 1387 et
810 1353 879 1386 eius
900 1353 1046 1387 districtu
1076 1352 1283 1387 existentibus
1297 1380 1304 1393 ,
1336 1354 1375 1386 ad
1409 1353 1549 1387 savorem
1566 1354 1799 1398 quorumlibet,

331 1408 396 1441 412
420 1409 452 1450 b;
479 1408 503 1442 si
524 1408 563 1441 ab
584 1408 731 1442 intestato
753 1407 960 1449 decesserint,
988 1408 1033 1441 eis
1054 1407 1232 1440 succedunt
1252 1407 1408 1441 haeredes
1428 1407 1574 1451 legitimi,
1597 1410 1723 1443 exclusa
1745 1409 1801 1443 Ca-

332 1472 421 1495 mera
442 1462 638 1506 Apostolica,
662 1461 726 1494 4¹13
746 1473 776 1494 a.

243 1515 396 1548 Cursores
416 1515 531 1558 Papae,
555 1515 641 1547 iuxta
662 1520 815 1548 statutum
832 1516 1002 1548 Alexandri
1023 1515 1071 1557 Vl,
1096 1515 1214 1559 private
1232 1515 1412 1549 iusliahent
1429 1515 1547 1548 citandi
1568 1516 1600 1549 in
1621 1517 1727 1550 causis
1748 1528 1798 1550 oi·-

331 1567 477 1609 dinariis,
500 1578 608 1600 coram
639 1568 799 1601 iudicibus
823 1569 932 1602 Palatii
959 1569 1134 1613 Apostolici
1155 1569 1401 1613 pertractandis,
1424 1569 1502 1602 etin
1522 1569 1627 1604 causis
1648 1570 1794 1603 omnium

334 1619 477 1653 iudicum
499 1621 808 1659 commissariorum,
832 1622 896 1655 119
911 1633 941 1654 a.
966 1622 1031 1655 Hoc
1053 1628 1208 1655 statutum
1226 1634 1243 1655 a
1263 1623 1412 1667 pluribus
1429 1623 1569 1656 Summis
1588 1623 1799 1657 Pontificibus

330 1675 530 1718 approbatur
562 1681 590 1707 et
620 1676 815 1715 declaratur,
839 1676 902 1709 4020
922 1688 940 1708 a
962 1682 990 1709 et
1011 1687 1073 1720 seq.
1111 1676 1264 1709 Cursores
1299 1676 1453 1720 praedicti
1490 1677 1653 1720 privative,
1690 1677 1796 1721 quoad

331 1726 546 1760 mandatarios
580 1727 762 1768 curiarum,
786 1729 880 1762 citant
917 1729 948 1762 in
984 1730 1134 1763 omnihus
1168 1730 1272 1763 causis
1293 1730 1534 1769 commissariis,
1557 1729 1669 1763 444α.
1692 1730 1797 1764 Ceteri

331 1780 521 1813 mandatarii
556 1781 653 1814 citant
686 1782 889 1816 solummodo
923 1783 955 1815 in
991 1783 1094 1816 causis
1120 1783 1291 1817 ordinariis
1310 1783 1521 1816 tribunalium
1557 1783 1674 1827 quibus
1694 1783 1795 1817 inser·

331 1832 432 1876 viunt,
451 1834 529 1867 ibid.

237 2106 414 2140 Debitores.
446 2105 479 2138 V.
498 2104 637 2149 Ripales.

238 2159 324 2193 Deus
343 2158 548 2203 omnipotens
568 2159 670 2192 bonos
691 2160 844 2193 scelerate
865 2168 1037 2203 oppressos
1058 2158 1162 2202 erigit,
1186 2158 1228 2192 20
1248 2170 1278 2190 a.

237 2212 369 2246 Diabolo
390 2212 605 2246 obedientiam
628 2218 837 2257 praestantes.
866 2213 900 2245 V.
924 2212 1134 2255 Inquisitores
1149 2212 1329 2245 haereticae
1351 2212 1523 2256 pravitatis.

236 2266 349 2299 Dilatio
370 2266 633 2309 quinquennalis.
663 2267 697 2299 V.
720 2267 841 2300 Causae
864 2266 1028 2299 cessionis.

237 2320 372 2363 Dilinga,
396 2319 585 2353 Germaniae
606 2321 695 2357 urbs,
718 2320 757 2353 ad
778 2331 890 2364 preces
911 2320 1082 2352 cardinalis
1103 2320 1248 2361 Othonis,
1267 2319 1504 2365 archiepiscopi
1522 2321 1710 2364 Augustani,
1729 2327 1794 2354 stu-

326 2373 453 2406 diorum
491 2372 699 2406 Universiiate
734 2374 917 2414 decoratur,
942 2374 1053 2407 4561».
1087 2374 1213 2414 Hector,
1237 2374 1374 2407 lectores
1404 2379 1574 2418 ceteraque
1604 2374 1792 2408 Academiae

326 2420 472 2459 membra
492 2426 610 2459 eisdem
631 2427 772 2470 gaudent
793 2427 977 2471 privilegiis,
1000 2427 1117 2471 quibus
1138 2427 1324 2460 l‘arisiensis
1344 2433 1374 2461 ct
1390 2428 1525 2461 aliarum
1544 2428 1792 2462 Universitatum

328 2479 484 2519 membra,
509 2480 585 2512 ibid.
609 2480 880 2525 Areliiepiscopus
902 2481 1106 2523 Augustanus
1127 2481 1311 2514 facultatem
1334 2481 1426 2514 babet
1449 2481 1609 2515 condendi
1629 2486 1745 2514 statuta
1762 2487 1792 2515 et

329 2544 428 2578 super
439 2544 552 2566 eorum
574 2534 773 2568 observantia
795 2533 993 2576 invigilandi,
1008 2534 1070 2567 [1157
1092 2535 1124 2575 ῖς
1145 2539 1303 2568 rectorem
1328 2540 1358 2568 et
1382 2534 1460 2568 alios
1481 2534 1632 2568 officiales
1653 2534 1791 2578 eligendi

327 2592 357 2620 et
385 2587 582 2627 removendi,
604 2587 669 2621 1458
689 2599 724 2627 α;
744 2588 908 2621 scholares
932 2588 970 2621 ad
992 2589 1123 2632 gradus,
1152 2588 1246 2622 etiam
1278 2589 1435 2629 doctoris,
1458 2587 1668 2633 promovendi
1694 2588 1791 2629 ibid„-

325 2641 539 2685 doctoresque
559 2641 735 2684 digniores,
758 2642 882 2685 equites
902 2642 1051 2682 creandi,
1072 2643 1169 2683 ibid.;
1193 2642 1277 2676 vices
1302 2653 1374 2675 suas.
1394 2642 1513 2675 vicario
1533 2641 1674 2684 generali
1701 2652 1791 2675 com-

358 2694 431 2724 Ball.
453 2693 527 2722 Rom.
552 2693 605 2724 t'ol.
630 2694 671 2725 VI.
877 2696 912 2725 73
