2227 3001
185 217 235 243 An.
252 215 281 244 C.
299 217 367 244 15110

427 210 491 245 284

186 270 367 330 dfsssgfflffihss‘ffn
382 272 547 307 literarum
569 274 684 315 studio,
707 280 770 308 tam
794 275 924 320 publica
948 288 1043 320 quam
1064 278 1127 322 pri-

185 335 269 369 cmmq
298 332 467 367 mace-vata,
490 327 667 372 spiritualia
687 334 717 362 et
740 329 929 373 temporalia
958 332 1127 365 commoda

186 368 274 386 ¹⁸¹⁰¹¹⁵¹⁴
382 381 502 414 mundo
523 383 723 426 proveniunt,
747 383 1011 417 communitatem
1033 396 1125 428 prae-

381 434 476 466 fatam
499 445 534 467 ac
555 447 666 468 eorum
688 436 830 478 singulos
850 448 867 470 a
892 438 1056 481 quibusvis
1076 451 1126 472 cx-

380 489 692 529 comnmnicationis,
713 490 932 534 suspensionis
952 497 980 525 et
997 492 1126 525 interdi-

379 539 432 580 cti,
455 540 587 585 aliisque.
608 543 829 577 ecclesiasticis
850 545 1026 585 sententiis,
1050 557 1124 579 cen-

379 594 461 627 suris
481 601 510 627 et
543 596 674 638 poenis,
715 608 731 630 a
748 597 817 631 iure
836 599 883 631 vel
913 599 951 632 ab
979 599 1122 640 homine,

378 647 486 690 quavis
502 649 668 682 occasione
684 651 730 683 vel
747 662 841 684 causa
861 652 943 693 latis,
961 652 987 685 si
1008 653 1125 696 quibus

377 702 618 743 quomodolibet
638 702 779 736 innodati
800 705 957 746 existunt,
984 706 1023 739 ad
1048 707 1123 740 esse-

377 758 463 786 ctum
491 756 707 798 praesentium
738 757 899 790 dumtaxat
924 769 1124 803 consequen-

376 806 466 845 dum,
479 808 593 841 harum
610 810 689 843 serie
706 811 903 845 absolventes
918 818 945 845 et
963 813 1124 847 absolutos

376 862 442 894 fore
455 869 629 903 censentes,
640 864 824 897 huiusmodi
837 866 1124 909 supplicationibus

968 223 1147 249 BULLARIUM
1171 224 1321 250 ROMANUM

1928 229 1977 258 An.
1992 229 2021 256 C.
2040 228 2109 256 15Ηο

1171 276 1270 310 libere
1291 283 1321 311 et
1341 278 1426 312 licite
1450 279 1572 323 possintv
1592 285 1621 313 et
1641 280 1798 322 debeant,
1820 282 1915 316 etiam

1172 330 1204 362 in
1224 331 1374 364 omnibus
1394 337 1423 364 et
1442 343 1500 375 per
1519 333 1643 374 omnia,
1667 333 1799 378 perinde
1827 345 1863 368 ac
1891 335 1916 369 si

1172 384 1225 416 illa
1245 384 1348 417 eidem
1370 384 1568 419 Universitati
1584 387 1684 430 ipsius
1700 387 1797 421 erecti
1814 388 1916 422 Studii

1171 449 1206 470 ac
1222 437 1307 470 illius
1321 438 1448 477 rectori,
1464 439 1660 481 doctoribus,
1675 441 1875 474 scholaribus
1887 448 1918 475 et

1173 491 1327 534 personis,
1341 503 1377 524 ac
1394 491 1426 524 in
1442 492 1495 524 illa
1512 503 1570 536 pro
1587 499 1730 537 tempore
1748 495 1914 538 promotis,

1171 544 1352 587 specialiter
1371 551 1399 578 et
1420 546 1620 587 nominatim,
1637 558 1786 581 concessa
1802 549 1915 589 forent,

1170 598 1358 631 auctoritate
1385 604 1415 632 et
1439 604 1549 633 tenore
1574 601 1755 644 praedictis,
1785 602 1823 635 de
1843 613 1916 646 spe-

1171 650 1242 683 ciali
1261 652 1361 695 gratia
1377 652 1593 696 indulgemus.

1213 705 1227 747 g
1247 704 1277 738 3.
1301 706 1431 739 Necnon
1452 706 1554 740 eidem
1580 706 1796 749 Universitati,
1823 720 1860 742 ac
1880 709 1915 742 il·
1943 718 2039 754 aectoris
2054 717 2111 739 etot<

1169 757 1231 790 lius
1260 759 1375 792 rectori
1412 764 1442 792 et
1472 760 1658 793 doctoribus
1685 771 1743 803 pro
1769 766 1914 806 tempore
1929 749 2112 808 {issassssffiuissss'r'}

1170 811 1396 852 existentibus,
1424 824 1647 857 quaecumque
1673 819 1789 847 statuta
1813 821 1843 848 et
1867 826 1916 849 or·
1929 813 2112 866 {gfffdeuz‘ijssffmm‘

1169 864 1359 907 dinationes‚
1387 867 1472 900 licita
1492 872 1522 900 et
1541 868 1673 901 honesta
1693 879 1729 901 ac
1750 868 1847 902 sacris
1867 881 1917 903 ca-

375 914 537 955 inclinati,
562 916 593 948 in
626 918 737 950 eadem
763 918 885 951 civitate
919 920 1123 954 Maceratensi
1168 919 1306 953 nonibus
1322 931 1386 953 non
1402 921 1561 954 contraria
1577 922 1747 963 condendi,
1766 928 1805 963 et,
1822 929 1918 967 prout

375 970 539 1013 perpetuis
553 971 666 1004 suturis
679 972 877 1016 temporibus
893 975 1039 1016 generale
1053 975 1123 1009 Stu-
1168 973 1304 1015 qualitas
1323 980 1507 1018 temporum
1534 976 1692 1018 exegerit,
1721 976 1917 1011 reformandi

375 1022 463 1055 dium
489 1024 723 1067 cuiuscumque
742 1026 901 1059 facultatis
929 1033 959 1060 et
983 1028 1122 1063 scientiae

374 1076 490 1118 licitae,
514 1089 587 1110 cum
608 1079 766 1112 cathedris
787 1080 973 1114 facultatum
999 1094 1123 1116 earum-

375 1129 446 1162 dem
462 1157 468 1170 ,
486 1142 522 1163 ac
542 1137 696 1175 potestate
718 1137 744 1165 et
771 1133 919 1166 facultate
935 1135 1122 1169 doctorandi

374 1194 429 1215 seu
447 1185 664 1227 magistrandi,
691 1197 817 1219 necnon
834 1188 989 1221 rectoriae
1006 1194 1035 1222 et
1054 1190 1122 1223 aliis

374 1247 431 1280 pro
452 1237 537 1270 illius
559 1250 712 1282 prospero
735 1246 765 1273 ct
786 1240 869 1273 felici
889 1242 1043 1285 regimine
1069 1256 1121 1278 ne-

374 1291 518 1325 cessariis
536 1293 737 1327 facultatibus
758 1300 785 1327 ct
803 1295 926 1335 officiis,
943 1296 983 1329 ita
996 1303 1029 1330 ut
1045 1298 1120 1331 inibi

373 1346 520 1387 generale
548 1346 694 1379 Studium
720 1347 752 1379 in
782 1349 924 1391 qualibet
956 1350 1041 1383 licita
1075 1352 1120 1385 sa-

373 1398 490 1432 cultate
537 1407 693 1444 perpetuo
740 1402 895 1435 habeatur
931 1408 961 1436 et
992 1404 1090 1447 vigeat
1111 1433 1117 1444 ,

373 1453 559 1486 auctoritate
593 1454 765 1497 apostolica
779 1483 786 1496 ,
823 1462 932 1490 tenore
974 1469 1120 1501 praesen-

373 1497 463 1547 tium,
485 1507 637 1550 erigimus
665 1514 692 1541 et
723 1509 929 1543 instituimus.
954 1511 996 1543 Ac
1017 1511 1119 1545 eidem

373 1559 483 1592 Studio
509 1566 537 1593 et
563 1561 648 1594 illius
673 1562 889 1603 Universitati‚
918 1575 1044 1597 necnon
1070 1576 1120 1598 re-

373 1613 463 1653 ctori,
491 1614 688 1652 doctoribus.
716 1617 915 1651 scholaribus
931 1624 959 1651 et
977 1620 1120 1662 personis

372 1677 430 1709 pro
461 1672 603 1711 tempore
624 1669 848 1711 existentibus,
870 1682 907 1704 ac
936 1671 1018 1709 illis,
1041 1684 1121 1716 quos

372 1720 450 1753 inibi
479 1722 517 1754 ad
542 1734 764 1766 quoscumque
793 1724 910 1767 gradus
938 1728 1118 1769 promoveri

373 1774 559 1818 contigerit,
587 1782 622 1809 ut
651 1777 800 1810 omnibus
820 1783 850 1811 et
869 1778 1003 1822 singulis
1023 1780 1119 1823 privi-

371 1828 473 1871 legiis,
498 1829 764 1872 inmunitatibus,
783 1832 995 1873 libertatibus
1013 1844 1119 1867 exem-

372 1881 553 1924 ptionibus,
590 1884 812 1925 facultatibus,
848 1886 1117 1929 prceeminentiis,

371 1936 635 1978 antelationibus,
660 1939 901 1981 praerogativis,
923 1941 1116 1983 honoribus,

372 1989 549 2032 favoribus,
576 1992 706 2034 gratiis,
734 1994 995 2028 concessionibus
1021 2001 1049 2028 et
1070 1996 1118 2028 in-

371 2041 487 2085 dultis,
518 2050 581 2078 tam
608 2057 625 2078 a
658 2046 727 2079 iure
753 2048 919 2081 communi
952 2060 1049 2091 quam
1083 2062 1118 2083 ex

372 2098 633 2132 concessionibus
653 2101 834 2144 apostolicis
849 2107 879 2135 et
899 2102 1119 2146 imperialibus

371 2150 417 2183 vel
444 2151 521 2184 alias
545 2153 803 2196 quomodolibet,
833 2155 865 2188 in
894 2167 1010 2199 genere
1037 2157 1118 2190 etin

370 2204 487 2247 specie,
524 2206 735 2249 Bononiensi,
770 2209 970 2243 Paduanensi
990 2222 1026 2244 ac
1046 2211 1118 2255 qui-

369 2257 571 2303 buscumque
592 2261 729 2295 aliorum
750 2274 1031 2309 quorumcumque
1044 2266 1116 2299 Stu-

370 2310 497 2345 diorum
517 2315 714 2356 generalium
742 2317 1021 2359 Universitatibus,
1052 2320 1118 2353 illa-

370 2375 507 2411 rumque
519 2369 708 2409 rectoribus,
724 2371 922 2405 scholaribus
934 2378 964 2406 et
973 2374 1118 2417 personis

369 2425 405 2447 ac
426 2426 458 2448 m
479 2427 522 2450 eis
540 2428 598 2461 pro
620 2423 763 2462 tempore
785 2421 960 2463 promotis,
982 2433 1117 2465 quomo-

369 2463 655 2500 dolibetconcessis
670 2473 700 2500 et
715 2469 937 2511 concedendis,
954 2476 984 2504 et
1000 2472 1117 2516 quibus

369 2512 415 2545 illi
432 2519 579 2556 utuntur,
600 2517 768 2561 potiuntur
788 2524 818 2552 et
833 2520 983 2562 gaudent,
1002 2532 1038 2555 ac
1054 2521 1112 2562 uti,

369 2563 462 2604 potiri
489 2571 519 2599 et
541 2566 680 2609 gaudere
707 2567 846 2611 poterint
872 2570 1115 2613 quomodolibet

368 2612 401 2646 in
420 2612 577 2658 futurum,
600 2616 658 2658 uti,
680 2617 775 2661 potiri
796 2623 826 2652 et
845 2619 984 2661 gaudere
1005 2620 1112 2663 plene,

1169 1031 1198 1059 et
1217 1027 1430 1069 immutandi,
1460 1040 1495 1062 ac
1524 1029 1584 1062 alia
1613 1030 1651 1063 de
1678 1041 1759 1063 novo
1779 1031 1914 1072 edendi,

1167 1092 1261 1125 quae,
1285 1088 1453 1125 postquam
1473 1083 1619 1123 condita,
1645 1083 1833 1125 reformata,
1855 1084 1916 1118 im-

1168 1140 1288 1168 mutata
1314 1142 1342 1168 et
1363 1136 1401 1169 de
1421 1147 1502 1170 novo
1522 1137 1605 1170 edita
1630 1137 1763 1179 suerint,
1791 1149 1828 1172 eo
1848 1138 1916 1182 ipso

1167 1190 1356 1223 auctoritate
1383 1191 1558 1235 apostolica
1581 1191 1758 1236 approbata
1784 1197 1814 1225 et
1840 1203 1916 1226 con-

1167 1242 1292 1276 firmata
1313 1244 1374 1276 sint
1403 1250 1432 1277 et
1453 1255 1520 1277 esse
1541 1251 1754 1286 censeantur,
1786 1246 1915 1290 plenam

1167 1302 1197 1329 et
1216 1297 1350 1330 liberam
1371 1298 1555 1331 facultatem
1577 1299 1795 1333 concedimus.

1210 1351 1224 1393 ξ
1245 1350 1275 1383 4.
1299 1352 1511 1385 Decernentes
1531 1353 1613 1386 cives
1633 1353 1735 1386 dictae
1760 1353 1912 1394 civitatis,

1166 1403 1220 1446 qui
1238 1403 1315 1436 inibi
1331 1405 1511 1438 studuerint
1522 1412 1551 1439 et
1563 1417 1675 1439 corum
1692 1407 1915 1441 conclusiones
1929 1399 2114 1451 ξξξξιζᾞξξῖυὲξέ·

1167 1456 1249 1490 inter
1281 1458 1449 1492 advocatos
1486 1465 1515 1493 et
1553 1466 1779 1504 procuratores
1816 1461 1916 1506 ipsius
1929 1467 1987 1515 ffin
2002 1464 2112 1483 mum·

1167 1510 1274 1543 curiae
1295 1512 1505 1545 sustinuerint.
1528 1518 1557 1546 et
1577 1513 1654 1546 alias
1675 1514 1779 1547 idonei
1803 1520 1834 1548 et
1854 1516 1917 1548 suf-

1166 1564 1308 1598 ficientes
1334 1566 1451 1610 reperti
1472 1566 1609 1607 suerint,
1633 1567 1701 1617 ipso
1722 1568 1754 1601 in
1779 1568 1916 1612 collegio

1166 1618 1310 1661 ipsorum
1344 1619 1569 1653 advocatorum
1604 1626 1634 1653 et
1668 1627 1915 1664 procuratorum

1166 1678 1312 1717 receptos
1336 1679 1364 1706 et
1391 1674 1545 1707 admissos
1572 1686 1639 1708 esse
1666 1680 1695 1708 et
1716 1676 1856 1717 censeri,
1879 1687 1916 1710 ac

1166 1737 1223 1769 pro
1249 1727 1366 1760 talibus
1386 1728 1509 1768 haberi,
1537 1729 1722 1772 eisdemque
1742 1729 1916 1774 privilegiis

1166 1785 1196 1812 et
1215 1779 1347 1813 indultis
1367 1781 1594 1814 advocatorum
1616 1788 1646 1815 et
1665 1788 1913 1826 procuratorum

1165 1834 1303 1875 gaudere
1338 1839 1367 1866 et
1400 1835 1496 1878 potiri
1529 1841 1559 1868 et
1591 1835 1691 1880 recipi
1725 1841 1755 1869 et
1791 1836 1913 1870 admitti

1166 1887 1293 1920 debere.
1523 1902 1528 1903 ⁷

1208 1941 1223 1983 ξ
1250 1941 1279 1974 5.
1302 1941 1372 1974 Non
1400 1941 1600 1976 obstantibus
1627 1943 1914 1977 consuetudinibus
1940 1951 2110 1990 ὓεςοειιίοσοιι·

1165 1999 1193 2026 et
1222 1994 1478 2029 ordinationibus
1511 1997 1694 2040 apostolicis
1721 2009 1758 2031 ac
1786 1997 1913 2041 collegii
1928 1987 2045 2006 ‘mmmm'

1165 2047 1391 2081 advocatorum
1404 2054 1434 2082 et
1449 2056 1697 2093 procuratorum
1713 2050 1910 2092 huiusmodi,

1165 2100 1345 2135 iuramento
1366 2106 1422 2135 ccc.
1445 2103 1530 2136 Nulli
1550 2114 1625 2146 ergo
1650 2108 1706 2137 etc.

1207 2154 1321 2188 Datum
1342 2156 1460 2190 Romae
1489 2157 1575 2201 apud
1608 2158 1638 2191 S.
1662 2159 1802 2191 Marcum
1828 2169 1912 2192 anno

1163 2209 1394 2244 Incarnationis
1421 2211 1600 2245 dominicae
1625 2212 1795 2246 millesimo
1816 2212 1910 2256 quin-

1163 2264 1339 2306 gentesimo
1359 2265 1616 2309 quadragesimo,
1640 2267 1782 2300 kalendis
1801 2266 1882 2300 iunii
1900 2294 1907 2307 ,

1164 2317 1368 2361 pontificatus
1388 2318 1486 2352 nostri
1508 2330 1591 2353 anno
1611 2330 1651 2353 v1.

1226 2375 1287 2406 Dat.
1303 2376 1349 2406 (lie
1365 2377 1377 2406 1
1397 2377 1471 2408 iunii
1487 2378 1572 2414 1540,
1592 2378 1693 2419 pontif.
1710 2388 1785 2410 anno
1800 2388 1840 2411 vi.

1978 1367 2111 1394 privilegium
