2227 3001
22 270 71 300 An.
87 272 115 300 C.
140 272 206 300 1550

32 2097 199 2124 nerngauouze-

17 2135 85 2149 rarum
100 2127 199 2149 Bonifatii

17 2159 86 2187 Pnpne
110 2158 157 2180 Vlll
180 2162 201 2180 et

17 2191 111 2213 altorum.

880 268 980 291 tltlt's
1007 268 1036 289 ΙΙΙ
1065 266 1109 289 Pl).

220 324 359 358 currisse
379 320 564 361 declaretis,
587 319 736 364 ipsasque
764 331 917 354 censuras
942 326 971 353 et

220 389 356 423 poenas,
383 375 510 421 quoties
537 385 619 419 opus
645 374 759 414 fuerit,
790 374 884 407 etiam
912 375 970 407 ite-

218 432 295 465 ratis
313 431 437 464 vicibus
465 439 636 472 aggravare
667 428 798 461 curetis.
821 428 970 461 Ceterum

217 485 242 518 si
259 496 317 529 per
327 483 536 517 summariam
554 482 827 521 insorn‘iationcm,
846 493 903 526 per
917 493 971 515 vos

218 549 315 583 super
338 538 388 570 his
407 536 587 569 habendam
601 563 608 572 ,
631 536 726 568 ctiam
746 536 834 568 vobis
855 536 971 568 consti-

218 591 387 636 teritquod
402 591 441 624 ad
459 591 541 629 loca,
561 591 592 623 in
610 590 728 634 quibus
744 595 968 633 occupatores,

217 645 417 683 detentores,
443 649 722 688 praesumptore&
751 643 972 676 molestatores

216 705 247 732 et
267 698 473 731 iniuriatores
493 697 698 737 huiusmodi,
719 708 757 730 ac
777 697 868 737 alios,
891 707 972 740 quos

217 757 402 797 praesentes
427 751 538 785 literae
568 756 788 791 concernunt,
811 761 869 795 pro
889 756 971 783 tem-

218 817 295 850 pore
317 805 436 839 morari
458 805 639 847 contigerit,
660 815 717 848 pro
739 804 972 837 monitionibus

216 865 247 893 et
267 859 518 893 inhibitionibus
542 859 619 902 ipsis
641 870 678 891 ac
706 858 913 891 citationibus
934 858 971 891 dc

217 914 262 947 eis
283 913 438 946 faciendis
465 918 552 946 tutus
577 924 640 945 non
670 918 776 956 patcat
802 923 970 951 accessus:
993 947 994 955 ἵ

216 977 274 1000 nos
293 966 487 999 monitiones
512 972 542 999 et
567 965 734 999 citationes
761 965 970 1003 huiusmodi,

215 1031 253 1053 ac
273 1019 480 1053 inhibitiones
509 1019 667 1063 quaslibet
699 1030 756 1062 per
784 1019 886 1052 edicta
910 1030 971 1062 pu-

216 1073 300 1106 blica
319 1073 399 1106 locis
427 1072 584 1115 affigenda
612 1071 768 1116 publicis,
791 1071 829 1104 de
854 1071 972 1115 quibus

215 1126 397 1159 verisimilis
425 1125 611 1159 coniectura
642 1125 727 1168 quod
756 1124 795 1156 ad
825 1124 971 1168 ipsorum

217 1180 426 1220 monitorum,
445 1179 616 1213 citatorum
634 1184 661 1211 et
684 1178 895 1211 inhibitorum
916 1189 973 1211 no-

215 1233 317 1267 titiam
338 1234 505 1279 pervenire
526 1234 662 1273 valcant,
676 1231 825 1272 faciendi,
844 1243 970 1265 necnon

215 1287 335 1321 eisdem
348 1286 610 1331 occupatoribus,
628 1285 861 1326 detentoribus,
880 1297 972 1330 prae.-

215 1340 453 1385 sumptoribus,
486 1339 764 1380 molestatoribus,
800 1339 971 1373 iniuriato-

216 1394 316 1434 ribus,
328 1393 620 1428 contradictoribus
632 1399 658 1426 et
671 1393 858 1433 rebellibus,
875 1393 971 1426 etiam

216 1448 275 1481 sub
295 1447 480 1487 sententiis,
503 1447 650 1481 censuris
675 1453 703 1480 et
733 1447 846 1491 poenis
866 1448 970 1480 eccle-

216 1501 368 1542 siasticis,
400 1512 435 1534 ac
470 1500 565 1533 etiam
600 1499 807 1544 pecuniariis,
838 1500 971 1533 arbitrio

216 1560 318 1589 vestro
339 1555 563 1593 moderandis,
584 1554 768 1594 inhibendi,
792 1555 919 1598 plenam
942 1560 969 1587 et
991 1576 993 1586 ,

216 1608 350 1642 liberam
387 1609 613 1649 concedimus,
641 1609 828 1641 earumdem
860 1614 971 1641 tenore

216 1663 461 1706 praesentium,
505 1663 712 1702 t'aculta1em3
748 1674 784 1695 ac
822 1663 972 1696 volumus

216 1722 247 1750 et
263 1718 405 1761 praefata
436 1717 626 1751 auctoritate
654 1717 860 1750 decernimus
885 1716 971 1760 quod

217 1770 421 1812 monitiones,
445 1771 613 1804 citationes
633 1777 660 1804 et
684 1771 890 1804 inhibitiones
910 1771 970 1803 hu-

215 1824 354 1857 iusmodi
375 1825 420 1857 sic
440 1824 554 1863 sactae,
573 1825 658 1868 ipsos
675 1824 825 1863 monitos,
844 1824 969 1861 citatos,

216 1878 368 1912 inhibitos
397 1884 518 1911 arctent
534 1906 541 1919 ,
564 1878 698 1922 perinde
719 1890 756 1911 ac
785 1878 809 1910 si
833 1878 877 1911 eis
897 1889 971 1922 per-

215 1931 369 1965 sonaliter
408 1931 589 1964 insinuatae
628 1937 655 1964 et
696 1931 860 1963 intimatae
893 1931 971 1963 exti-

217 1986 338 2019 [issent.

260 2039 325 2084 33.
353 2040 422 2073 Non
456 2040 657 2073 obstantibus
690 2040 792 2072 felicis
821 2040 972 2072 recorda-

216 2093 311 2127 tionis
330 2094 485 2127 Bonifacii
506 2095 609 2139 Papae
628 2094 703 2133 tlll,
716 2093 974 2138 praedecessoris
993 2118 995 2124 Α

217 2148 328 2189 nostri,
343 2148 461 2192 quibus
478 2154 608 2182 cavetur
630 2159 669 2181 ne
687 2148 759 2192 quis
779 2153 865 2181 extra
882 2158 972 2181 suam

217 2202 376 2236 civitatem
409 2203 457 2236 vel
491 2202 688 2243 dioecesim,
722 2201 782 2235 nisi
815 2201 846 2234 in
879 2201 974 2234 certis

217 2256 358 2301 exceptis
378 2257 516 2298 casibus,
553 2263 580 2290 et
608 2257 639 2289 in
667 2257 729 2290 illis
764 2257 848 2289 ultra
876 2267 972 2289 unam

217 2310 353 2343 diaetam
383 2322 401 2343 a
433 2311 496 2343 fine
531 2322 606 2343 suae
636 2310 792 2343 dioecesis
817 2309 856 2342 ad
889 2309 973 2342 iudi-

218 2363 304 2397 cium
325 2369 488 2403 evocetur,
511 2375 567 2397 seu
587 2375 627 2397 ne
648 2364 771 2397 iudices
791 2368 819 2396 et
842 2373 972 2396 conser-

217 2422 341 2450 vatores
370 2429 386 2450 a
413 2418 493 2451 Sede
518 2418 662 2462 deputati
688 2417 863 2462 praedicta,
887 2422 971 2449 extra

219 2471 376 2505 civitatem
407 2478 433 2504 et
464 2471 656 2510 dioecesim,
680 2472 712 2505 in
733 2472 851 2516 quibus
872 2471 973 2514 depu-

218 2521 274 2553 tati
295 2521 412 2554 fuerint
429 2549 436 2561 ‚
466 2527 578 2554 contra
603 2531 827 2565 quoscumque
858 2530 972 2563 proce-

218 2572 293 2604 dere
314 2576 367 2603 aut
389 2570 441 2602 alii
461 2571 508 2603 vel
530 2569 599 2603 aliis
619 2570 702 2603 vices
731 2581 804 2602 suas
825 2568 973 2602 commit-

219 2626 304 2659 tere,
325 2629 387 2652 seu
413 2619 538 2662 aliquos
565 2619 649 2652 ultra
670 2630 767 2652 unam
794 2618 932 2651 diaetam
956 2628 972 2649 a

220 2670 282 2701 tine
303 2668 457 2701 dioecesi:
479 2668 664 2701 earumdem
693 2668 818 2700 trahere
840 2677 972 2709 praesu-

1660 252 1722 286 429

991 328 996 350 ι
1015 323 1111 357 mant,
1130 316 1211 349 etde
1232 314 1358 348 duabus
1379 314 1492 348 diaetis
1512 314 1543 347 in
1565 316 1704 348 concilio
1715 327 1768 359 ge-

1015 371 1114 404 nerali
1140 370 1242 411 edita,
1264 368 1440 401 dummodo
1461 369 1544 401 ultra
1565 374 1629 402 tres
1648 369 1768 403 diaetas

1013 424 1128 469 aliquis
1153 423 1342 456 auctoritate
1364 422 1580 466 praesentium
1612 433 1675 455 non
1702 430 1767 456 tra·

1013 479 1121 516 hatur,
1141 489 1196 510 scu
1217 477 1305 521 quod
1325 476 1363 509 de
1384 476 1455 509 aliis
1474 487 1571 520 quam
1593 477 1768 510 manifestis

1013 532 1140 564 iniuriis
1167 538 1194 564 et
1222 531 1397 571 violentiis,
1420 542 1455 563 ac
1477 530 1558 567 aliis,
1581 541 1663 574 quac
1684 530 1767 563 iudi-

1013 586 1126 618 cialem
1148 596 1212 617 non
1233 584 1401 627 requirunt
1428 584 1633 627 indaginem,
1656 584 1769 627 poenis

1014 639 1044 671 in
1066 650 1136 677 cos,
1160 639 1184 670 si
1206 650 1299 671 secus
1328 638 1464 681 egerint,
1488 643 1516 671 et
1542 638 1574 670 in
1596 637 1627 670 id
1648 649 1767 682 procu·

1013 698 1120 725 rantes
1130 693 1276 731 adiectis,
1289 697 1529 725 conservatores
1542 702 1573 724 se
1584 692 1770 725 nullatenus

1014 746 1248 785 intromittant,
1276 757 1373 789 quam
1405 746 1476 778 aliis
1509 745 1769 790 quibuscumque

1015 800 1300 833 constitutionibus
1330 811 1348 832 a
1379 800 1532 833 Romanis
1559 799 1770 833 Pontificibus

1014 854 1319 898 praedecessoribus
1352 854 1489 892 nostris,
1516 859 1580 886 tam
1613 853 1651 887 de
1685 854 1770 887 iudi-

1014 908 1105 940 cibus
1125 908 1279 949 delegatis
1307 914 1335 941 et
1372 908 1653 941 conservatoribus
1672 918 1768 951 quam

992 961 994 1003 ᾗ
1013 962 1160 1004 personis
1182 963 1265 995 ultra
1286 968 1410 995 certum
1432 972 1605 994 numerum
1626 962 1666 994 ad
1687 961 1770 994 iudi-

992 1007 995 1064 }
1015 1014 1100 1046 cium
1125 1026 1189 1048 non
1212 1016 1375 1054 vocandis,
1393 1021 1447 1048 aut
1468 1015 1546 1048 alias
1566 1015 1671 1055 editis,
1689 1025 1770 1059 quae

1012 1073 1134 1101 vestrae
1156 1069 1186 1101 in
1219 1069 1278 1101 hac
1300 1075 1390 1113 parte
1412 1074 1539 1113 possent
1558 1068 1770 1102 iurisdictioni

992 1105 994 1168 ἶ
1013 1127 1065 1154 aut
1104 1122 1275 1166 potestati,
1311 1123 1445 1166 eiusque
1483 1123 1585 1156 libero
1620 1122 1771 1155 exercitio

992 1169 1257 1218 'quomodolibet
1285 1175 1424 1208 obviare.
1452 1175 1608 1219 Quodque
1632 1187 1687 1209 vos
1714 1175 1770 1208 tilii

992 1247 994 1262 t
1014 1225 1174 1265 canonici,
1192 1225 1301 1258 vicarii
1319 1230 1349 1257 et
1365 1225 1530 1262 officiales,
1549 1226 1587 1258 de
1608 1225 1767 1269 personis,

1013 1284 1095 1316 quae
1116 1275 1263 1318 deputari
1290 1274 1413 1319 possint
1438 1279 1680 1307 conservatores
1705 1285 1769 1308 non

1013 1322 1098 1363 sitis3
1121 1324 1296 1368 privilegiis
1317 1335 1466 1368 quoque,
1490 1323 1640 1365 indultis,
1663 1335 1770 1357 exem-

1013 1372 1194 1415 ptionibus,
1226 1373 1433 1406 facultatibus
1458 1378 1485 1404 et
1515 1371 1616 1405 literis
1639 1379 1769 1417 aposto-

1013 1420 1093 1459 licis,
1106 1428 1159 1456 aut
1169 1423 1239 1455 aliis
1248 1421 1770 1466 conservatoriis,quibuscumque

1013 1472 1179 1514 personis,
1203 1473 1439 1515 cuiuscumque
1460 1471 1635 1514 qualitatis,
1658 1473 1769 1506 condi<

1012 1521 1121 1559 tionis,
1143 1522 1278 1565 gradus,
1301 1519 1565 1565 praeeminentiae
1587 1532 1641 1553 seu
1669 1522 1770 1565 digni-

1012 1571 1084 1602 tatis
1105 1570 1324 1611 existentibus,
1336 1570 1431 1603 etiam
1450 1569 1636 1613 episcopali,
1648 1572 1770 1606 architL

1013 1619 1169 1664 piscopali
1202 1627 1257 1653 aut.
1290 1621 1351 1653 alia
1383 1620 1496 1652 maiori
1531 1619 1683 1663 dignitate
1712 1632 1768 1655 seu

1013 1670 1202 1702 auctoritate
1220 1669 1438 1712 fungentibus,
1452 1680 1488 1702 ac
1498 1669 1665 1703 ordinibus
1677 1681 1768 1714 prae-

1013 1717 1125 1756 dictis,
1149 1729 1275 1751 necnon
1296 1718 1502 1752 societatibus
1529 1724 1559 1751 et
1579 1718 1767 1753 universita-

1012 1767 1113 1808 tibus,
1143 1768 1238 1801 etiam
1269 1768 1456 1802 Studiorum
1482 1769 1702 1811 generalium,
1732 1781 1768 1802 ac

1014 1818 1168 1861 collegiis,
1187 1818 1281 1852 etiam
1298 1819 1464 1862 exemptis,
1476 1830 1602 1852 necnon
1619 1819 1769 1857 ducibus,

1014 1868 1215 1913 principibus
1231 1874 1258 1901 et
1273 1869 1505 1912 temporalibus
1521 1868 1671 1910 dominis,
1689 1875 1718 1902 et
1735 1870 1773 1902 de,

1013 1929 1077 1950 non
1114 1919 1276 1951 trahendis
1302 1918 1364 1951 illis
1400 1924 1453 1951 aut
1487 1929 1602 1951 eorum
1638 1918 1773 1952 subditis

1014 1973 1101 2000 extra
1123 1979 1237 2001 eorum
1258 1968 1327 2001 loca
1349 1974 1375 2001 et
1399 1968 1541 2001 dominia
1555 1995 1562 2009 ,
1586 1974 1639 2001 aut
1660 1979 1768 2002 coram

1014 2016 1095 2056 aliis,
1118 2028 1215 2060 quam
1237 2028 1350 2050 eorum
1371 2017 1650 2050 conservatoribus
1675 2023 1705 2050 et
1726 2017 1773 2050 iu-

1015 2065 1241 2099 dicibusetiam
1252 2066 1358 2109 vigore
1371 2077 1654 2111 quarumcumque
1664 2067 1773 2101 litera—

1014 2126 1087 2148 rum
1105 2116 1369 2159 apostolicarum,
1397 2116 1492 2148 etiam
1519 2117 1773 2150 conservatoria-

1015 2176 1099 2204 rum,
1116 2165 1175 2197 sub
1195 2164 1455 2209 quibuscumque
1476 2165 1642 2199 tenoribus
1655 2171 1685 2199 et
1706 2167 1772 2199 for-

1015 2215 1087 2255 mis,
1107 2226 1141 2248 ac
1155 2215 1415 2258 cumquibusvis,
1434 2216 1529 2248 etiam
1552 2215 1772 2258 derogatori&

1016 2275 1087 2296 rum
1101 2264 1322 2307 derogatoriis,
1337 2264 1471 2309 aliisque
1488 2265 1724 2298 efficacioribus
1741 2272 1768 2298 et

1016 2313 1151 2345 insolitis
1176 2314 1346 2353 clausulis,
1369 2325 1496 2347 necnon
1520 2313 1721 2347 irritantibus
1741 2321 1771 2347 et

1016 2362 1085 2395 aliis
1100 2362 1248 2404 decretis,
1268 2363 1363 2396 ctiam
1382 2364 1393 2386 ¹
1411 2364 1531 2397 iteratis
1546 2363 1670 2397 vicibus
1690 2374 1768 2397 con-

1017 2413 1131 2449 cessis,
1166 2413 1352 2456 approbatis
1386 2419 1413 2446 et
1449 2413 1617 2446 innovatis.
1649 2412 1771 2451 Quibus

1016 2463 1179 2501 omuibus,
1203 2463 1297 2495 etiam
1319 2462 1428 2507 si,pro
1450 2463 1578 2496 illorum
1601 2461 1769 2495 sufficienti

1016 2512 1235 2553 (lt-rogatione,
1253 2512 1291 2545 de
1312 2512 1374 2545 illis
1390 2523 1568 2556 eorumque
1589 2511 1662 2545 totis
1682 2517 1771 2544 teno-

1018 2561 1106 2593 ribus
1125 2560 1290 2605 specialis,
1314 2561 1461 2605 specifica
1474 2589 1481 2601 ,
1504 2572 1650 2605 expressa
1672 2566 1700 2593 et
1720 2560 1769 2592 in-

1055 2631 1061 2656 l
1084 2628 1198 2655 Cherub.
1218 2628 1288 2663 legit:
1305 2630 1391 2655 Etiam
1409 2638 1456 2662 per
1476 2638 1522 2655 nos
1539 2633 1562 2654 et
1578 2629 1665 2654 Sedem
1687 2636 1771 2660 prae-

1017 2677 1123 2703 sectum,
1145 2676 1222 2699 ctiam
1245 2677 1348 2700 iterans
1366 2676 1465 2700 vicibus
1485 2677 1535 2701 etc.
1558 2672 1663 2708 (n.·'r.).

1781 258 1832 285 An.
1850 259 1878 286 C.
1896 258 1963 286 1550
