2227 3001
79 253 126 280 An.
144 251 174 279 C.
193 251 254 279 ¹55¹

78 1121 159 1145 Bantm
177 1126 199 1144 et.
214 1122 251 1145 Dio

10 1157 15 1171 ³
65 1156 163 1177 Civilitles
180 1154 251 1175 [nilia-

66 1191 110 1206 rum
125 1191 137 1206 e
157 1186 252 1207 manibus

65 1217 180 1238 infidelium
205 1219 249 1238 eri-

65 1249 157 1275 p'unmr.

11 1371 20 1379 ο
2 1284 33 1330 Ji)

931 258 1033 282 IULIUS
1058 257 1094 282 111
1115 259 1162 282 Pe.

273 310 448 351 vacatione,
467 310 615 344 conferre
631 321 687 344 seu
712 310 852 343 conferri
873 321 1025 354 procura-

272 363 330 404 bin
361 369 392 397 et
418 363 501 397 bella
520 363 590 408 ipsa
609 364 813 397 commodius
838 375 961 407 gerere,
989 375 1025 397 ac

271 418 334 451 alia
353 428 413 462 pro
433 417 507 451 fidei
527 417 703 451 catholicae
724 418 913 451 exaltatione
930 423 961 451 et
979 418 1025 450 in-

270 471 415 505 fidelium
436 471 642 514 depressione
663 472 842 505 necessaria
859 477 887 505 et
904 482 1024 516 oppor-

269 529 347 557 tuna
359 524 522 558 efficacius
532 525 643 568 exequi
655 525 784 568 potcrit;
798 524 922 569 ipsique
935 536 1024 568 prae-

270 583 416 621 ceptores
445 583 475 612 et
502 578 613 612 fratres
643 579 759 612 milites
786 584 816 612 et
847 579 969 612 vassalli
995 585 1025 612 et

270 631 388 665 subditi
401 631 645 674 magistratuum
663 632 849 665 huiusmodi
862 631 1024 672 libentius,
1044 658 1047 672 ἃ

269 684 328 718 suh
348 695 462 718 eorum
484 686 622 718 naturali
643 685 801 730 principe,
825 697 898 729 rege
920 691 949 719 et
966 686 1025 718 mi-

268 737 411 771 litiarum
424 738 610 772 huiusmodi
619 739 879 773 administratore
891 733 1025 773 existen-

267 797 298 826 te
318 797 349 825 et
369 791 438 825 eius
463 792 646 837 disciplina,
674 790 771 836 quarn
792 792 923 826 diversis
945 793 1024 836 ipsa-

266 855 340 879 rum
361 844 551 879 militiarum
580 845 739 889 magistris
763 847 856 889 (cum
886 846 1024 879 maiores

267 899 460 933 coniunctae
479 899 573 940 vires,
597 900 717 933 maiora
747 906 777 934 et
806 900 1024 944 praeclariora

266 953 300 987 in
316 953 401 987 bello
417 953 560 987 facinora
576 954 670 987 edere
681 954 814 998 possint)
827 953 1020 994 militabunt,

266 1017 365 1051 seque
377 1007 529 1040 omnibus
541 1007 695 1052 periculis
711 1013 882 1051 exponent;
901 1012 931 1040 et
947 1018 1023 1051 pro-

265 1066 375 1106 pterea
395 1060 538 1094 volentes
566 1061 598 1094 in
626 1061 812 1105 praemissis
839 1066 1022 1104 opportune

266 1114 447 1159 providere,
467 1125 504 1147 ao
525 1113 627 1159 ipsius
647 1114 774 1147 loannis
793 1113 1022 1157 1‘egis,qiiisu-

268 1167 450 1211 perioribus
476 1168 569 1201 annis
588 1167 714 1200 Bazaim
743 1173 774 1200 et
800 1167 858 1200 Dio
883 1167 1024 1201 civitates

266 1231 323 1255 seu
343 1221 463 1266 oppida
478 1221 511 1254 in
532 1220 677 1265 partibus
697 1221 861 1254 Insliarum
883 1231 899 1253 e
920 1221 1023 1254 maui-

265 1275 326 1309 bus
345 1275 539 1315 infidelium,
561 1275 589 1308 vi
609 1281 639 1308 et
655 1274 740 1308 bello
765 1274 895 1319 eripuit,
927 1279 957 1308 et
976 1275 1023 1308 bis

263 1329 382 1363 invicto
398 1329 517 1368 animo,
534 1329 590 1362 Dio
606 1327 751 1361 videlicet
766 1339 783 1361 a
795 1327 907 1362 Turcis
927 1334 957 1362 et
972 1339 1023 1362 rc-

265 1394 304 1427 ge
323 1383 512 1428 Cambayae,
531 1383 587 1427 qui
608 1383 696 1415 iilam
715 1393 771 1416 seu
787 1383 866 1416 illud
884 1394 958 1416 eum
980 1383 1025 1416 in-

263 1438 349 1482 genti
371 1437 526 1477 exercitu,
549 1437 687 1470 ducibus
704 1437 860 1475 Soliman,
879 1437 974 1470 Bassa
995 1443 1025 1471 et
1044 1478 1045 1484 1

1043 1485 1046 1526 J
1067 1490 1157 1529 locis,
1180 1501 1307 1524 necnon
1329 1491 1498 1531 fiuctibus,
1526 1491 1723 1532 redditibus,
1753 1504 1826 1538 pro-

264 1491 340 1526 Coia
360 1491 500 1535 Supbar,
523 1491 641 1524 acriter
661 1496 691 1524 et
711 1490 883 1524 durissime
900 1491 1024 1524 obside-

263 1546 360 1585 bant;
389 1545 515 1579 Bazaim
536 1556 610 1578 vero
625 1572 632 1585 ,
655 1545 798 1578 civitates
824 1556 880 1578 seu
905 1545 1024 1589 oppida

264 1598 463 1639 huiusmodi,
493 1599 532 1632 ab
558 1598 748 1643 oppidanis,
771 1598 826 1641 qui
853 1599 940 1631 illam
967 1610 1023 1632 seu

264 1653 345 1687 illud
365 1652 451 1686 bello
467 1652 667 1697 repetebant,
682 1657 863 1696 praestante
872 1651 1022 1692 Domino,

263 1706 422 1747 liberavit;
434 1712 464 1740 et
474 1707 594 1740 Turcas
604 1717 640 1740 ac
657 1706 837 1750 oppidanos
850 1706 947 1750 ipsos,
960 1717 1023 1740 non

264 1761 332 1795 sine
354 1771 469 1805 magna
488 1771 602 1795 eorum
624 1761 713 1794 clade
734 1766 763 1793 et
779 1761 913 1800 iactura,
942 1760 1025 1794 obsi·
1044 1792 1045 1797 ,

263 1814 394 1850 dionem
415 1815 601 1849 huiusmodi
623 1816 745 1848 solvere
766 1815 882 1857 coegit,
911 1826 948 1848 ac
973 1815 1024 1848 de·
1044 1823 1045 1853 ζ

262 1880 353 1903 mum
370 1869 501 1912 fugavit,
514 1875 544 1902 et
559 1879 676 1902 nomen
693 1869 820 1902 Domini
837 1869 937 1902 nostri
954 1869 1022 1901 Iesu

263 1983 322 2018 sat,
344 1988 402 2022 pro
423 1977 593 2017 desiderio,
616 1977 870 2021 praemissorum
894 1976 1023 2016 intuitu,

263 2041 387 2065 morem
408 2042 533 2075 gerere,
557 2037 646 2064 motu
668 2030 776 2069 simili,
799 2041 864 2064 non
881 2031 918 2064 ad
941 2031 1024 2064 eius-

263 2085 335 2119 dem
357 2085 485 2118 Ioannis
500 2085 597 2127 regis,
617 2090 671 2118 aut
687 2085 821 2118 alterius
837 2096 896 2128 pro
913 2095 950 2118 eo
967 2096 1022 2118 no-

263 2139 313 2173 bis
324 2149 423 2184 super
436 2139 498 2172 hoc
512 2139 637 2172 oblatae
650 2138 811 2183 petitionis
824 2139 1020 2178 instantiam,

263 2193 319 2227 sed
330 2193 369 2226 de
387 2202 476 2226 mera
491 2192 683 2226 liberalitate
704 2203 740 2225 ac
756 2203 792 2225 ex
816 2197 904 2225 certa
921 2192 1023 2225 scien-

263 2246 307 2280 tia
326 2246 454 2287 nostris,
478 2246 623 2289 singulos
642 2246 713 2279 Iesu
734 2245 849 2279 Christi
870 2251 899 2279 et
919 2246 949 2279 S.
974 2246 1021 2278 Ia-

265 2299 337 2334 cobi
371 2310 408 2333 ac
428 2300 467 2333 de
493 2300 565 2333 Avis
591 2300 796 2343 magistratus
815 2299 1021 2339 huiusmodi,

264 2353 320 2398 qui
340 2353 374 2386 in
394 2352 514 2386 eisdem
540 2353 662 2386 militiis
692 2363 862 2397 supremae
887 2353 1021 2395 (lignita-

263 2413 328 2447 tes,
351 2418 388 2441 ac
413 2407 557 2451 ipsarum
587 2407 777 2440 militiarum
797 2407 829 2440 in
855 2406 946 2440 dictis
970 2418 1021 2440 re-

264 2457 336 2501 gnis
356 2462 387 2490 et
404 2456 474 2491 aliis
494 2457 656 2497 dominiis,
680 2457 800 2490 eisdem
835 2457 941 2500 regnis
966 2468 1022 2490 seu

265 2517 379 2540 eorum
399 2505 466 2550 regi
482 2506 650 2546 subiectis,
669 2507 773 2551 capita
794 2518 861 2540 esse
885 2517 1023 2540 noscun-

266 2561 329 2595 tur,
343 2561 371 2588 et
392 2565 533 2600 quorum
550 2555 753 2597 singulorum
770 2556 934 2589 universas
944 2555 1022 2588 alias

266 2605 435 2650 qualitates
455 2609 485 2637 et
505 2605 636 2638 illorum
658 2605 860 2638 erectionum
882 2611 910 2638 et
931 2606 1021 2639 insti-

265 2653 429 2687 tutionum
458 2658 602 2693 tenores,
635 2654 813 2695 fructuum,
836 2655 1021 2688 reddituum

345 2707 421 2738 Butt,
448 2707 523 2737 fiant.
544 2707 598 2737 Vol.
622 2707 663 2737 Π.
864 2709 900 2739 57

1714 247 1779 281 449

1070 316 1099 343 et
1115 314 1330 354 proventuum
1342 319 1433 342 veros
1447 318 1572 342 annuos
1588 309 1711 342 valores
1732 321 1823 353 prae-

1069 364 1212 398 sentibus
1246 374 1305 407 pro
1333 363 1490 407 expressis
1520 362 1631 396 baberi
1656 364 1822 403 volumus,

1068 417 1162 451 etiam
1184 418 1209 451 si
1232 418 1344 462 quovis
1364 417 1479 457 modo,
1501 428 1610 462 quem,
1643 417 1767 451 etiamsi
1789 429 1825 452 ex

1069 472 1123 505 illo
1144 472 1273 515 quaevis
1292 471 1451 515 generalis
1468 471 1653 510 reservatio,
1676 471 1770 504 etiarn
1791 471 1823 504 in

1068 535 1204 569 corpore
1217 525 1297 557 iuris
1313 524 1433 564 clausa,
1446 525 1590 564 resultet,
1603 523 1826 568 praesentibus

1068 577 1179 610 haberi
1191 578 1339 611 volumus
1359 588 1418 622 pro
1435 588 1597 621 expresso,
1615 583 1645 611 et
1661 588 1698 610 ex
1718 578 1826 611 cuius-

1068 641 1206 674 cumque
1220 641 1356 674 persona
1373 636 1493 670 vacent,
1506 630 1629 664 etiamsi
1639 636 1727 665 tanto
1745 637 1825 665 tem-

1069 694 1146 726 pore
1155 683 1346 722 vacaverint,
1360 684 1446 727 quod
1458 695 1570 718 eorum
1583 684 1725 724 collatio,
1739 684 1826 718 iuxta

1067 737 1289 770 Lateranensis
1322 742 1437 770 statuta
1472 738 1614 779 concilii,
1636 740 1675 772 ad
1710 739 1825 773 Sedem

1069 791 1266 834 praedictam
1283 791 1423 834 legitime
1440 792 1599 833 devoluta,
1619 792 1744 838 ipsique
1761 805 1826 828 ma-

1066 845 1218 888 gistratus
1239 845 1422 889 specialiter
1435 846 1483 879 vel
1505 847 1700 889 generaliter
1723 858 1826 882 reser-

1066 898 1126 931 vati
1152 899 1298 939 existant,
1325 905 1356 932 et
1374 900 1413 932 ad
1437 900 1509 933 illos
1529 901 1751 935 consueverint
1771 913 1827 946 per

1067 952 1257 986 electionem
1279 953 1412 992 assumi,
1435 954 1545 997 eisque
1567 965 1644 987 cura
1662 955 1757 989 etiam
1779 956 1826 990 iu-

1069 1006 1294 1040 risdictionalis
1314 1007 1483 1040 immineat
1502 1007 1684 1041 animarum
1697 1035 1704 1049 ,
1727 1020 1826 1053 super

1067 1059 1104 1092 iis
1123 1070 1254 1104 quoque
1276 1060 1360 1093 inter
1379 1061 1505 1104 aliquos
1525 1061 1574 1099 lis,
1594 1062 1686 1095 cuius
1707 1068 1824 1097 statum

1068 1113 1290 1157 praesentibus
1301 1113 1412 1147 haberi
1423 1115 1573 1147 volumus
1586 1125 1644 1159 pro
1660 1126 1822 1159 expresso,

1069 1166 1205 1209 pendeat
1225 1167 1378 1207 indecisa,
1402 1167 1578 1201 dummodo
1603 1174 1750 1213 tempore
1771 1170 1825 1204 da-

1058 1214 1115 1253 tae
1137 1221 1355 1264 praesentium
1377 1231 1441 1254 non
1462 1222 1501 1254 sit
1520 1222 1553 1255 in
1575 1222 1619 1255 eis
1634 1222 1731 1256 alicui
1751 1234 1824 1267 spe·

1067 1274 1193 1307 cialiter
1223 1275 1274 1307 ius
1303 1275 1498 1318 quaesitum,
1519 1286 1593 1308 cum
1612 1276 1764 1310 omnibus
1795 1283 1826 1311 et

1067 1327 1201 1371 singulis
1221 1339 1347 1368 eorum,
1371 1339 1550 1373 eorumque
1571 1340 1756 1366 mensarum
1778 1331 1825 1365 iu·

1067 1382 1176 1423 ribus,
1200 1382 1423 1425 pertinentiis,
1450 1382 1744 1424 iurisdictionibus,
1775 1396 1827 1418 ca-

1066 1436 1151 1476 stris,
1173 1436 1273 1475 villis,
1300 1437 1449 1481 oppidis,
1472 1437 1650 1476 fortalitiis,
1678 1438 1771 1471 terris
1795 1444 1827 1473 et

1067 1544 1230 1583 ventibus,
1261 1545 1508 1578 obventionibus
1527 1550 1558 1578 et
1581 1546 1822 1588 emolumentis,

1067 1609 1275 1642 quocumque
1303 1599 1437 1632 nomine·
1468 1606 1711 1644 nuncupentur,
1733 1605 1764 1633 et
1793 1600 1825 1634 in

1067 1652 1232 1696 quibusvis
1265 1652 1362 1686 rebus
1389 1653 1565 1687 consistant
1592 1658 1623 1687 et
1647 1654 1826 1688 undecum-

1066 1717 1128 1750 que
1147 1707 1346 1750 proveniant,
1361 1713 1390 1740 et
1406 1718 1464 1751 per
1479 1718 1537 1740 nos
1557 1713 1613 1741 aut
1639 1709 1826 1751 praedeces-

1067 1771 1154 1793 sores-
1174 1767 1300 1794 nostros
1315 1761 1477 1794 Romanos
1500 1761 1680 1803 Pontifices,
1697 1774 1755 1807 pro
1771 1774 1826 1808 ap·

1069 1815 1239 1858 plicatione
1270 1815 1447 1855 fructuum,
1470 1816 1674 1856 reddituum,
1693 1828 1827 1861 proven·

1044 1865 1046 1899 ἶ
1067 1874 1171 1909 tuum,
1186 1868 1319 1908 iux-ium,
1332 1869 1561 1903 obventionum
1579 1876 1608 1904 et
1625 1871 1826 1905 emolumen-

263 1923 379 1958 Christi
400 1924 494 1966 longe
516 1924 642 1968 lateque
665 1933 842 1966 propagare
869 1933 932 1956 non
955 1934 1024 1956 ces·
1044 1946 1045 1952 i

1067 1928 1172 1955 torum
1196 1923 1494 1967 praeceptoriarum
1517 1929 1547 1957 et
1562 1924 1669 1958 forsan
1685 1926 1825 1959 aliorum

1067 1977 1300 2010 beneficiorum
1332 1977 1643 2018 ecclesiasticorum,
1674 1990 1730 2012 seu
1757 1979 1827 2013 illo-

1067 2041 1138 2066 rum
1160 2030 1324 2069 decimae,
1355 2036 1410 2064 aut
1429 2031 1562 2064 alterius
1588 2032 1705 2075 partis,
1731 2033 1826 2067 bellis

1066 2095 1125 2128 pro
1138 2089 1284 2129 tempore
1295 2085 1456 2128 gerendis,
1480 2085 1600 2118 eisdem
1622 2086 1825 2121 Emmanueli

1065 2144 1093 2171 et
1115 2139 1224 2171 Ioanni
1241 2139 1384 2179 regibus,
1403 2149 1584 2183 eorumque
1600 2140 1825 2184 praedecesso-

1065 2192 1155 2225 ribus
1175 2203 1212 2226 ac
1237 2192 1428 2226 militiarum
1454 2193 1642 2227 huiusmodi
1664 2194 1824 2238 magistris

1066 2246 1097 2279 in
1118 2257 1235 2289 genere
1256 2251 1287 2279 et
1306 2246 1338 2280 in
1359 2246 1465 2291 specie
1486 2257 1522 2280 ae
1543 2247 1621 2280 alias
1645 2249 1825 2292 quomodo-

1066 2300 1142 2333 libet
1157 2300 1330 2341 conoessis3
1348 2311 1475 2334 necnon
1491 2301 1708 2340 facultatibus,
1726 2301 1825 2336 licen·

1066 2355 1128 2395 tiis,
1148 2354 1322 2398 privilegiis
1338 2361 1368 2388 et
1383 2355 1515 2389 indultis
1532 2355 1697 2400 praedicto
1712 2355 1823 2390 loanni

1065 2415 1095 2442 et
1116 2419 1174 2453 pro
1199 2415 1345 2453 tempore
1374 2409 1519 2443 existenti
1548 2409 1762 2453 portugalliae
1793 2415 1824 2443 et

1064 2461 1291 2505 Algarbiorum
1312 2462 1399 2505 regi,
1428 2462 1552 2496 etiamsi
1578 2473 1675 2505 regna
1696 2462 1764 2507 ipsa
1790 2463 1822 2496 in

1066 2511 1238 2545 foeminam
1250 2512 1473 2545 autminorem
1491 2518 1612 2556 septem
1635 2512 1727 2544 annis
1751 2522 1828 2555 per·-

1065 2560 1226 2599 venerint,
1249 2566 1280 2593 et
1305 2560 1412 2594 minor
1435 2561 1622 2594 huiusmodi
1638 2561 1733 2594 etiam
1758 2561 1823 2594 soe-

1066 2610 1152 2642 mina
1172 2610 1294 2649 existat,
1318 2613 1349 2643 in
1369 2610 1678 2644 administrationem
1707 2621 1821 2654 perpe-

1065 2665 1172 2694 tuam:
1200 2660 1242 2693 ita
1262 2661 1348 2706 quod
1370 2661 1424 2706 qui
1446 2672 1501 2694 rex
1515 2666 1582 2701 aut,
1600 2661 1633 2693 in
1660 2660 1822 2695 desectum

1841 257 1888 281 An.
1906 255 1935 281 C.
1958 254 2019 281 ¹55¹
