2227 3001
66 260 113 289 An.
132 259 160 287 C.
181 260 247 287 ¹:535

56 913 164 934 clamatae
183 915 243 936 dero-

56 946 160 971 gatoti-te.

921 260 1023 284 tt'tJt's
1043 259 1076 283 111
1096 259 1144 282 Pr,

264 314 355 347 ritate
385 317 493 346 nostra
522 322 575 345 ros
598 311 820 356 praesentibus
855 318 883 345 et
912 314 941 346 iu
968 313 1013 346 eis

263 367 421 401 contentis
449 365 709 410 quibuscumque
738 366 870 410 pacifice
896 367 957 399 t'rui
984 373 1010 399 et

262 420 414 464 gaudere,
448 430 512 452 non
536 420 755 463 permittentes
790 431 844 452 vos
875 421 1013 463 desuper

263 479 373 507 contra
404 473 621 518 praesentiunt
648 479 806 510 tenorem,
832 476 1011 517 quomodo-

261 527 338 560 libet
362 526 501 560 indebite
532 527 707 560 molestari.
735 527 1009 565 Contradietores,

261 581 480 614 molestatores
511 581 669 625 quoslibet
703 586 730 614 et
766 581 917 621 rebelles,
955 594 1012 625 per

260 645 412 668 censuras
436 640 467 667 et
492 646 611 679 poenas
631 636 874 676 ecclesiasticas,
901 637 1010 680 appel-

259 689 378 722 latione
393 689 580 732 postposita‚
599 689 846 732 compescendo,
866 691 1010 722 invocato

259 741 354 774 etiam
374 742 413 775 ad
434 743 505 780 hoe,
521 743 545 775 si
568 754 648 786 opus
669 743 780 779 tuerit,
799 743 916 775 auxilio
936 744 1009 776 bra-

259 795 322 828 chii
337 796 520 829 saecularis.

302 849 372 892 ξ8.
399 850 468 882 'Non
503 850 703 883 obstantibus
736 851 939 894 praemissis,
972 862 1008 884 ac

258 903 422 947 quibusvis
457 904 738 937 constitutionibus
772 910 799 936 et
833 905 1008 938 ordinatio-

258 957 353 989 nibus
391 958 591 1001 apostolieis,
625 968 752 991 necnon
777 958 879 991 dictae.
904 960 1006 996 urbis,

257 1011 352 1044 etiam
387 1011 581 1049 iuramento,
608 1012 853 1045 confirmatione
877 1019 1006 1056 aposto-

256 1065 318 1098 lica
348 1066 397 1098 vel
430 1066 540 1109 quavis
570 1066 719 1098 firmitate
749 1066 810 1098 alia
835 1067 1005 1106 roboratis,

255 1119 380 1152 statutis
391 1124 421 1152 et
432 1119 731 1159 consuetudinibus,
745 1119 918 1163 privilegiis
929 1131 1008 1163 quo-

254 1183 335 1218 que,
360 1173 492 1206 indultis
516 1179 546 1206 et
576 1173 677 1206 literis
706 1173 906 1216 apostolicis,
934 1174 1007 1218 qui-

254 1227 360 1260 busw's
399 1226 569 1271 personis,
602 1227 741 1260 cuiusvis
779 1227 940 1269 dignitatis
977 1233 1005 1261 et

253 1280 516 1325 praeeminentiae
545 1280 764 1321 existentibus,
792 1287 823 1313 et
853 1292 1007 1325 quacum-

253 1345 328 1378 que,
355 1334 450 1367 etiam
474 1334 762 1378 archiepiscopali,
785 1335 832 1368 vel
852 1335 912 1367 alia
938 1346 1006 1368 ma-

252 1388 313 1421 iori
337 1387 491 1430 dignitate
522 1388 736 1430 fulgentibus,
762 1388 1005 1431 quomodolibet

253 1441 428 1482 concessis,
455 1441 573 1485 quibus
597 1441 760 1481 omnibus,
788 1442 923 1482 etiamsi,
947 1454 1004 1486 pro

253 1495 384 1528 illorum
413 1495 585 1528 sufficienti
620 1495 844 1537 derogatione,
873 1496 911 1529 de
943 1496 1006 1529 illis

253 1558 433 1592 eorumque
460 1548 533 1581 totis
557 1548 724 1581 tenoribus
749 1549 906 1592 specialis,
931 1560 1004 1593 spe-

253 1601 357 1642 cifica,
384 1612 532 1646 expressa
557 1607 585 1634 et
611 1601 785 1639 individua,
803 1613 838 1635 ae
856 1603 893 1635 de
909 1603 1004 1636 verbo

252 1655 293 1688 ad
329 1655 482 1695 verbum,
514 1666 579 1688 non
612 1660 719 1689 autem
755 1667 812 1699 per
844 1657 1004 1690 clausulas

252 1710 418 1753 generales
442 1709 527 1743 idem
551 1710 773 1754 importantes,
801 1711 921 1744 mentio
947 1722 1002 1744 seu

251 1763 381 1808 quaevis
395 1763 457 1796 alia
472 1764 633 1807 expressio
649 1764 808 1804 habenda,
826 1770 879 1798 aut
896 1765 1003 1810 aliqua

248 1817 311 1850 alia
322 1817 477 1862 exquisita
492 1818 596 1850 forma
610 1819 649 1851 ad
665 1819 726 1851 hoc
742 1819 895 1852 servanda
910 1820 1002 1857 soret,

248 1876 376 1905 tenores
391 1871 591 1912 huiusmodi,
614 1883 650 1905 ac
665 1873 690 1905 si
707 1872 745 1905 de
761 1873 856 1906 verbo
877 1874 915 1907 ad
935 1885 1003 1907 ver-

247 1926 326 1959 bum
350 1926 584 1966 insererentur,
607 1927 831 1970 praesentibus
851 1938 910 1971 pro
939 1928 1001 1961 sus-

248 1980 394 2014 ficienter
411 1981 569 2024 expressis
592 1981 758 2021 habentes,
780 1982 843 2014 illis
867 1982 945 2016 alias
969 1983 1000 2015 in

248 2044 307 2067 suo
330 2034 449 2068 robore
473 2035 706 2078 permansuris,
734 2035 794 2068 hac
813 2036 881 2069 vice
905 2036 1000 2070 dum-

247 2093 343 2128 taxat,
369 2088 487 2121 harum
512 2089 593 2122 serie
613 2088 794 2133 specialiter
808 2095 836 2121 et
853 2100 1000 2133 expresse

248 2141 453 2184 derogamus,
476 2142 654 2187 ceterisque
675 2143 844 2176 contrariis
864 2143 998 2188 quibus-

248 2205 401 2239 cumque.

290 2249 406 2282 Datum
430 2249 549 2283 Romae
574 2250 660 2294 apud
685 2250 838 2284 Sanctum
854 2251 996 2293 Petrum,

248 2301 308 2335 sub
319 2303 439 2336 annulo
450 2303 632 2345 Piscatoris,
647 2304 697 2338 die
709 2315 761 2338 xxi
779 2304 889 2349 aprilis
900 2315 999 2339 timul

247 2355 454 2399 pontificatus
479 2358 578 2390 nostri
604 2369 688 2392 anno
712 2369 752 2392 rv.

282 2417 343 2448 Dat.
359 2419 407 2449 die
425 2419 459 2449 ⁶21
481 2420 584 2460 aprilis
604 2422 689 2460 1553,
705 2422 808 2462 pontif.
825 2432 899 2453 anno
918 2432 955 2453 iv.

325 2698 399 2732 Buu.
424 2699 499 2730 Rom.
522 2700 576 2732 Vol.
598 2701 640 2733 VI.
842 2704 881 2736 60

1697 248 1761 282 473

1378 310 1492 343 xxm.

1055 388 1266 430 Confirmalio
1293 392 1321 420 el
1342 387 1483 420 ortensio
1503 387 1767 419 constitutionum
1785 398 1806 418 a

1095 442 1253 484 plerisque
1281 441 1438 474 Romanis
1462 440 1677 483 Pontificibus
1701 440 1805 472 editu-

1098 506 1166 526 ram
1186 499 1380 528 ‹tino-sanan
1402 495 1555 526 solventes
1573 494 1724 526 Rei-eren.
1740 493 1802 525 (Ja-

1098 558 1203 579 merrw
1221 549 1421 591 illios-[olicae
1432 548 1614 580 eommunia
1631 551 1660 579 cl
1677 547 1805 580 minuta

1094 602 1227 634 servilia
1247 613 1284 633 at·
1304 606 1457 634 (zinzalas.

1125 677 1209 706 lulius
1225 677 1364 713 episcopus
1385 684 1482 706 servus
1500 684 1640 706 servorum
1659 677 1719 710 Dei,

1195 727 1228 755 ad
1247 729 1408 762 perpetuam
1427 727 1467 756 rei
1486 728 1652 756 memoriam.

1095 794 1266 837 Cupientes
1286 794 1436 827 Gamerae
1455 796 1668 838 Apostolicae.
1687 808 1723 829 ex
1740 808 1803 840 qua

1051 857 1115 879 non
1137 848 1232 880 modo
1253 848 1284 881 S.
1308 848 1343 880 P..
1365 849 1536 883 limenun
1557 850 1653 882 etiam
1669 851 1726 883 toti
1743 851 1803 883 rei-

1050 900 1199 943 publicae
1226 901 1417 935 christianae
1442 903 1621 936 subsidium
1646 905 1800 947 provenit,

1050 959 1078 985 et
1105 954 1231 996 collegii
1255 955 1486 988 venerabilium
1515 957 1650 990 fratrum
1676 965 1802 992 nostro-

1050 1017 1122 1039 rum
1144 1007 1175 1040 S.
1199 1008 1234 1040 R.
1259 1008 1293 1041 13.
1318 1009 1541 1050 cardinalium,
1558 1022 1593 1043 ae
1615 1012 1803 1046 officialium

1049 1059 1139 1093 Sedis
1159 1062 1361 1104 Apostolieae
1388 1063 1589 1096 indemnitati
1619 1067 1800 1105 consulere,

1049 1119 1079 1146 et
1095 1124 1208 1147 eorum
1233 1114 1323 1157 iura,
1348 1122 1381 1148 ut
1398 1122 1556 1157 tenemur,
1581 1118 1688 1152 illaesa
1708 1131 1802 1163 prae-

1049 1178 1174 1201 servare
1193 1195 1200 1209 ,
1223 1169 1284 1209 his,
1320 1180 1402 1213 quae
1443 1181 1461 1202 a
1501 1172 1803 1215 praedecessoribus

1048 1221 1165 1254 uostris
1180 1223 1219 1255 ad
1235 1223 1296 1256 boc
1311 1223 1440 1266 prox-ide
1451 1232 1653 1267 emanarunt,
1666 1227 1803 1261 libenter

1048 1274 1217 1308 adiicimus
1250 1277 1350 1309 nostri
1379 1277 1568 1311 muniminis
1597 1279 1798 1322 firmitatem,

1047 1328 1189 1373 aliasque
1219 1330 1359 1375 desuper
1392 1331 1619 1376 disponiums,‘
1638 1341 1736 1378 prout
1769 1335 1801 1368 in

1047 1382 1183 1416 Domino
1207 1385 1425 1428 conspicimus
1443 1386 1615 1419 salubriter
1637 1389 1798 1432 expedire.

1091 1436 1105 1479 ξ
1125 1436 1156 1469 Ἰ.
1179 1437 1305 1470 Dudum
1327 1439 1496 1482 siquidem,
1511 1447 1681 1485 postquam
1699 1443 1801 1477 l'elicis

1048 1490 1279 1524 recordationis
1303 1492 1378 1525 Pius
1401 1493 1487 1537 Papa
1511 1494 1546 1535 ΙΙ,
1573 1496 1801 1538 praedecessor

1047 1549 1165 1583 noster,
1179 1551 1311 1589 accepto
1331 1547 1418 1589 quod
1440 1558 1596 1582 numerus
1615 1550 1799 1584 debitorum

1046 1596 1149 1630 dictae
1173 1598 1324 1633 Gamerae
1342 1601 1522 1644 plurimum
1539 1609 1653 1637 auctus
1668 1610 1747 1645 erat,
1770 1611 1800 1638 et

1045 1652 1131 1694 quod
1162 1652 1291 1695 obligati
1325 1665 1384 1697 pro
1416 1656 1540 1689 annalis
1564 1657 1798 1692 beneficiorum

1045 1705 1350 1748 ecclesiasticorum,
1377 1720 1460 1752 quae
1487 1711 1664 1754 apostolica
1687 1718 1798 1745 aueto-

1045 1758 1136 1791 ritate
1175 1761 1313 1793 assecuti
1351 1762 1496 1804 fuerant,
1537 1767 1799 1799 excommunica-

1045 1812 1140 1846 tionis
1161 1815 1351 1848 sententiam
1372 1816 1404 1848 in
1425 1827 1480 1850 eos
1495 1818 1603 1859 latam,
1619 1831 1716 1863 quam
1733 1832 1798 1854 non

1044 1867 1194 1901 solvendo
1228 1868 1259 1901 in
1297 1871 1437 1903 termino
1471 1871 1515 1905 eis
1550 1874 1690 1916 praefixo
1727 1876 1797 1920 ipso

1043 1920 1127 1954 facto
1152 1921 1378 1965 incurrebant,
1406 1925 1540 1959 minime
1566 1938 1681 1961 curare
1710 1930 1796 1963 vidc-

1043 1974 1172 2015 bantur,
1197 1976 1280 2009 unde
1301 1977 1470 2011 animabus
1487 1979 1531 2012 sic
1547 1979 1728 2025 illaqueatis
1743 1995 1797 2027 pe-

1043 2028 1182 2062 riculum
1201 2029 1400 2071 imminebat,
1414 2039 1443 2065 et
1459 2033 1611 2067 continue
1624 2035 1730 2069 eidem
1742 2037 1797 2070 Ca-

1042 2093 1149 2116 merae
1184 2084 1299 2117 damna
1332 2085 1624 2129 subsequebantur.
1657 2089 1797 2134 Cupiens

1042 2142 1106 2170 tam
1132 2138 1226 2171 saluti
1258 2139 1441 2173 animarum
1470 2152 1567 2185 quam
1592 2142 1796 2178 indemnitati

1040 2191 1192 2225 Gamerae
1216 2192 1404 2227 huiusmodi
1424 2195 1597 2229 salubriter
1616 2198 1794 2241 prox-idere,

1040 2256 1098 2288 per
1131 2256 1203 2279 suas
1233 2247 1436 2281 ordinaverat
1466 2250 1553 2293 quod
1585 2261 1713 2292 omneS,
1739 2254 1794 2297 qui

1040 2310 1077 2333 ex
1103 2304 1178 2333 tune
1203 2300 1242 2333 de
1267 2307 1373 2335 cetero
1398 2313 1457 2346 pro
1487 2305 1611 2337 annatis
1635 2317 1793 2349 quorum-

1040 2364 1180 2397 cumque
1199 2355 1433 2389 beneficiorum
1453 2357 1485 2389 in
1506 2357 1589 2391 dieta
1609 2358 1741 2393 Camera
1761 2371 1794 2394 se

1040 2408 1237 2452 obligarent,
1264 2409 1302 2450 si,
1329 2410 1411 2443 infra
1444 2411 1597 2445 terminos
1628 2413 1673 2446 eis
1697 2424 1792 2456 prae-

1041 2457 1130 2498 fixos,
1163 2458 1265 2492 dietae
1295 2459 1446 2493 Gamerae
1480 2467 1533 2494 aut
1565 2461 1792 2496 collectoribus

1041 2507 1204 2541 fructuum
1238 2514 1266 2541 et
1301 2515 1515 2554 proventuum
1545 2511 1648 2544 eidem
1680 2511 1791 2545 Came-

1040 2567 1094 2590 rae
1118 2557 1300 2592 debitorum
1328 2559 1361 2592 in
1390 2559 1452 2593 illis
1485 2560 1630 2604 partibus
1654 2561 1790 2594 existen-

1039 2606 1124 2640 tibus
1140 2607 1321 2642 satisfacere
1336 2608 1523 2649 deficere'nt,
1542 2609 1610 2654 ipso
1622 2609 1716 2650 facto,
1743 2611 1790 2644 la-

1040 2655 1105 2704 psis
1120 2656 1265 2691 terminis
1276 2657 1461 2704 praedictis,
1479 2668 1545 2693 non
1560 2658 1664 2695 solum
1676 2658 1708 2692 in
1719 2669 1790 2696 sen-

1820 258 1871 285 Au.
1887 258 1918 285 C.
1939 259 2006 286 15:53

1854 808 1970 829 [inaratam.

1839 1453 2001 1481 Piusllpoenas

1816 1486 1849 1506 liic
1889 1491 2001 1512 expressas

1815 1517 1912 1542 imposuit
1958 1523 1999 1536 nou

1816 1548 1946 1568 sulzeuutzns
1966 1548 2001 1567 tla-

1815 1584 1886 1599 merae
1908 1579 2001 1605 aposto<

1815 1610 1869 1631 liene
1886 1614 1982 1631 §.nn-itas.
