2227 3001
102 261 153 297 An.
168 258 198 286 c.
218 259 286 286 1515

111 901 224 928 nerogatio
235 907 286 924 con-

99 935 218 956 uariorum.

123 1977 206 1999 statuta
221 1975 287 2003 mpae

103 2010 217 2036 disponunt
233 2007 287 2036 quod

102 2042 222 2067 recuperat.
251 2041 287 2059 ant

102 2070 202 2092 auxilium
222 2074 287 2097 prae-

101 2105 183 2124 stantes
198 2106 286 2128 recupe-

101 2132 287 2155 rationibonomm

100 2164 229 2191 managein,
251 2163 287 2185 lu-

101 2199 188 2218 crentur
221 2202 287 2224 quar-

101 2231 143 2249 tam
158 2230 238 2253 partem
257 2226 287 2249 il-

101 2259 178 2281 lorum.

937 251 1056 278 tuctus
1077 251 1114 277 m
1135 252 1184 276 Pr.

1730 238 1794 271 :375

300 319 382 354 quos
401 312 533 353 spectat,
560 307 632 340 illas
642 317 700 351 per
720 307 860 340 edietum
880 306 1047 350 publicum
1089 311 1120 338 et
1138 304 1346 338 auxiliatores
1367 306 1514 346 quartam
1535 306 1659 345 partem
1678 299 1838 334 bonorum

299 363 407 396 denuo
440 361 642 406 publicantes
669 366 700 394 et
726 359 884 404 publicari
911 360 944 393 in
971 359 1050 393 locis

301 416 346 450 eis
364 415 437 450 visis
460 415 664 454 mandantes,
692 413 918 447 inviolabiliter
941 414 1049 447 obser-

299 470 365 504 vari
396 469 549 503 mandent
573 475 604 502 et
627 467 754 501 faciant.
792 466 1049 502 Contradictores

298 523 459 568 quoslibet
468 527 499 556 et
509 522 658 562 rebelles,
681 521 917 566 cuiuscumque
934 527 1045 561 status,

298 577 430 620 gradus,
447 575 582 616 ordinis,
601 575 794 608 conditionis
813 580 869 608 aut
888 575 1048 618 dignitatis

298 629 430 670 suerint,
448 640 506 674 per
520 638 641 674 poenas
657 633 689 662 et
704 639 866 668 censuras,
878 628 917 661 de
932 627 1049 672 quibus

299 683 333 717 in
357 682 412 724 eis,
438 681 693 726 compescendo,
720 681 866 715 invocato
891 681 987 715 etiam
1011 682 1049 715 ad

298 737 380 778 hoc,
406 736 433 770 si
458 747 542 781 opus
564 735 674 777 suerit,
697 735 817 770 auxilio
835 735 960 770 brachii
977 746 1049 769 sae-

299 791 429 825 cularis.

343 845 358 887 ᾗ
383 844 415 878 3.
444 843 515 877 Non
541 843 744 877 obstantibus
768 842 1051 877 constitutionibus

299 904 331 932 ct
349 897 609 932 ordinationibus
628 897 825 942 apostolicis,
843 907 972 931 necnon
987 897 1053 942 pri-

297 952 418 996 vilegiis
438 957 470 986 et
484 951 618 986 indultis
632 951 798 996 quibusvis
813 951 961 996 personis
975 961 1051 985 con-

296 1011 347 1040 tra
367 1011 510 1039 tenorem
522 1005 690 1040 literarum
705 1004 777 1038 Iulii
797 1004 1052 1049 praedecessoris

297 1059 485 1093 huiusmodi
509 1060 617 1093 forsan
642 1058 819 1099 concessis,
853 1058 1051 1091 confirmatis

297 1118 329 1145 et
347 1112 516 1154 innovatis,
533 1112 665 1157 quibus,
677 1112 810 1145 illorum
820 1117 961 1153 tenores,
973 1122 1010 1144 ac
1024 1111 1051 1144 si

296 1165 336 1200 de
355 1166 452 1199 verbo
473 1166 514 1199 ad
536 1165 672 1199 verbum
696 1165 929 1206 insererentur,
955 1175 1051 1209 prae-

296 1219 440 1253 sentibus
464 1230 523 1264 pro
547 1218 746 1253 sufficienter
769 1218 926 1263 expressis
951 1224 982 1252 et
1000 1218 1051 1252 in·

296 1273 389 1307 sertis
409 1273 576 1314 habentes,
597 1273 707 1317 quoad
730 1273 881 1307 effectum
900 1283 1053 1318 praesen—

296 1327 396 1368 tium,
423 1326 606 1371 specialiter
626 1332 657 1360 et
676 1337 824 1371 expresse
844 1327 1050 1370 derogamus,

296 1380 478 1424 ceterisque
497 1380 668 1414 contrariis
687 1380 960 1424 quibuscumque.

339 1434 456 1468 Datum
481 1434 602 1468 Romae
625 1434 714 1478 apud
733 1433 887 1468 Sanctum
905 1433 1049 1474 Petrum,

297 1487 357 1521 sub
395 1488 517 1521 annulo
545 1487 737 1527 piscatoris,
772 1486 823 1520 die
856 1497 913 1522 xm
945 1487 1052 1520 martii

298 1540 470 1574 millesimo
507 1540 765 1584 quingentesimo
806 1540 1052 1584 quadragesimo

298 1593 423 1637 quinto,
444 1593 652 1637 pontificatus
672 1593 773 1627 nostri
792 1604 878 1627 anno
896 1604 938 1628 111.

334 1650 396 1681 Dat.
415 1652 463 1681 die
481 1652 518 1681 13
535 1652 633 1682 martii
648 1652 736 1690 1545,
752 1652 856 1691 pontif.
877 1661 954 1682 anno
969 1661 1007 1682 m.

363 1763 517 1807 Sequitur
538 1764 715 1797 declaratio
736 1763 833 1797 huius
850 1764 963 1797 bullae.

408 1845 507 1873 Paulus
520 1845 589 1881 Papa
604 1844 650 1878 m.
664 1845 743 1874 motu
756 1845 878 1881 proprio.
893 1846 946 1874 etc.

345 1917 538 1962 Accepimus
568 1928 626 1962 per
655 1923 772 1951 statuta
802 1923 931 1952 nostrae
953 1918 1053 1964 Ripae

301 1971 464 2006 salubrem
488 1971 730 2016 dispositionem
757 1972 873 2006 factam
899 1973 1051 2016 extitisse,

301 2026 423 2060 tenoris
441 2025 530 2070 quod
549 2025 575 2060 si
608 2036 667 2070 pro
685 2030 833 2070 tempore
857 2033 1054 2062 mercatores

301 2091 358 2116 seu
393 2086 510 2115 nautae
537 2080 620 2114 mari
649 2079 845 2124 navigantes,
875 2086 908 2114 et
939 2091 1053 2115 eorum

301 2146 396 2170 naves
419 2140 451 2169 et
474 2136 586 2169 barcas
609 2135 689 2169 vinis
717 2141 749 2169 et
771 2135 843 2169 aliis
871 2134 1050 2177 mercibus,

301 2190 399 2224 rebus
422 2195 454 2223 et
475 2189 582 2230 bonis,
607 2200 666 2234 pro
682 2200 743 2223 usu
763 2188 948 2231 curialium,
975 2199 1052 2224 one-

301 2249 385 2278 ratas
404 2255 513 2278 versus
537 2250 680 2278 nostram
705 2244 825 2278 almam
854 2243 973 2277 Urbem
996 2255 1055 2278 seu

300 2299 418 2333 dictam
438 2299 552 2342 Ripam
571 2298 737 2340 ducentes,
764 2303 796 2332 et
819 2298 1053 2339 miserabiliter,

300 2364 377 2388 casu
392 2353 572 2398 inopinato,
589 2363 683 2387 naves
697 2358 730 2387 et
742 2353 859 2387 barcae
867 2352 1053 2388 huiusmodi

301 2408 348 2441 sic
366 2412 519 2441 oneratae
542 2407 747 2450 naufragium
767 2412 968 2451 paterentur,
994 2417 1054 2440 na-

300 2471 419 2505 vesque
445 2466 477 2495 et
504 2460 618 2494 barcas
647 2460 836 2495 huiusmodi
869 2461 1051 2505 naufragas,

302 2523 359 2545 seu
374 2511 460 2544 bona
475 2510 508 2544 in
519 2509 565 2545 eis
580 2509 756 2552 existentia,
768 2510 869 2555 aliqui
888 2511 928 2544 ab
939 2522 1053 2546 eorum

303 2561 442 2595 dominis
461 2566 492 2594 et
508 2560 652 2605 patronis
671 2560 711 2595 ad
726 2561 759 2595 id
778 2560 936 2605 requisiti,
948 2572 1007 2606 per
1020 2572 1054 2596 se

303 2611 390 2655 ipsos
405 2609 676 2655 recuperaverint,
697 2611 745 2644 vel
759 2610 794 2644 in
807 2610 1055 2655 recuperatione

305 2659 460 2695 auxilium
476 2659 704 2705 praestiterint,
720 2659 798 2696 tales
808 2665 1054 2706 recuperatores

1089 364 1119 393 ct
1130 369 1240 392 rerum
1252 356 1492 391 mercantilium
1503 353 1690 388 huiusmodi
1701 354 1731 386 in
1747 354 1839 387 dictis

1089 412 1221 447 navibus
1246 418 1276 445 et
1299 411 1405 445 bareis
1430 409 1475 444 sic
1503 408 1709 452 naufragium
1739 408 1840 452 passis

1089 464 1304 506 existentium,
1322 475 1435 498 eorum
1445 474 1506 508 ope
1525 469 1555 496 et
1569 461 1688 496 auxilio
1703 472 1840 506 reeupe-

1088 526 1244 560 ratorum,
1262 520 1479 557 lucrarentur,
1497 521 1527 551 et
1537 516 1618 551 aliae
1629 521 1692 549 tres
1708 522 1842 560 quartae

1089 579 1292 607 remanentes
1321 573 1359 606 ad
1385 571 1536 605 dominos
1561 575 1592 604 et
1610 575 1762 614 patronos
1795 569 1842 603 di-

1089 632 1215 659 ctarum
1241 626 1369 659 navium
1395 630 1426 658 et
1456 624 1629 658 barcarum
1661 628 1842 668 spectarent

1090 685 1120 713 et
1140 680 1351 723 pertinerent;
1373 685 1404 712 et
1421 679 1485 712 boc
1507 677 1639 722 quidem
1659 688 1718 722 per
1740 677 1843 710 felicis

1092 734 1325 768 recordationis
1335 733 1501 767 Nicolaum
1512 732 1548 773 V,
1563 737 1657 776 prout
1678 730 1710 764 in
1722 730 1787 764 suis
1801 731 1841 764 li-

1091 787 1166 821 teris
1185 787 1326 832 desuper
1351 785 1517 826 cente-ctis,
1536 785 1614 819 etin
1633 784 1725 818 libris
1743 790 1842 818 statu-

1090 847 1198 875 torum
1235 841 1341 874 dictae
1377 840 1476 884 Ripae
1506 838 1682 882 registratis
1716 838 1843 883 plenius

1091 895 1288 935 continetur,
1311 904 1500 928 concessum
1526 893 1634 927 fuisse.

1135 949 1200 993 gl.
1233 948 1425 993 Accepimus
1452 947 1549 981 etiam
1576 947 1665 991 quod
1689 947 1844 992 temporis

1091 1003 1304 1036 diuturnitate
1320 1007 1475 1036 statutum
1491 1007 1523 1034 et
1540 1000 1643 1045 gratia
1657 1001 1843 1034 huiusmodi

1092 1056 1124 1089 in
1159 1057 1416 1089 dissuetudinem
1450 1055 1618 1096 abierunt,
1653 1061 1685 1088 et
1720 1055 1843 1088 domini

1091 1110 1239 1144 locorum
1252 1116 1282 1144 et
1297 1116 1472 1151 terrarum,
1493 1109 1557 1143 sive
1568 1109 1762 1154 temporales
1781 1109 1844 1143 sive

1092 1162 1319 1204 ecclesiastici,
1347 1163 1389 1197 ad
1420 1173 1560 1207 quorum
1593 1168 1695 1196 terras
1719 1168 1750 1196 et
1774 1163 1845 1196 loca

1091 1228 1186 1251 naves
1210 1223 1241 1251 et
1260 1218 1376 1251 barcae
1402 1217 1592 1251 huiusmodi
1612 1223 1744 1260 propter
1763 1227 1845 1250 nau-

1091 1272 1232 1315 fragium
1264 1270 1515 1316 perveniebant,
1544 1270 1615 1303 11135
1643 1270 1684 1303 ad
1703 1281 1736 1303 se
1760 1269 1846 1313 ipsos

1091 1325 1356 1370 appropriabant,
1382 1330 1414 1358 et
1440 1324 1573 1358 illorum
1598 1322 1721 1357 domini
1753 1322 1847 1356 bonis

1091 1379 1232 1423 propriis
1251 1379 1474 1424 privabantur,
1496 1382 1629 1423 propter
1648 1377 1736 1422 quod
1759 1388 1845 1411 mer-

1092 1438 1216 1467 catores
1228 1438 1259 1466 et
1269 1439 1386 1467 nautae
1404 1433 1416 1461 1
1438 1443 1553 1466 eorum
1573 1430 1736 1465 mercibus
1751 1431 1791 1465 ad
1801 1431 1847 1464 di-

1092 1491 1176 1520 ctam
1195 1486 1311 1530 Ripam
1326 1486 1435 1520 venire
1458 1496 1492 1520 se
1510 1485 1729 1525 retrahebant,
1751 1490 1783 1518 et
1801 1485 1848 1518 sic

1091 1545 1221 1574 nostrae
1253 1540 1358 1574 almae
1376 1539 1455 1574 Urbi
1486 1545 1518 1573 et
1548 1539 1637 1573 illius
1669 1538 1847 1572 curialibus

1091 1604 1158 1627 non
1177 1593 1343 1627 modicum
1366 1592 1606 1638 praeiudicium
1631 1592 1744 1626 inferri
1762 1592 1846 1626 vide-

1092 1647 1219 1680 bamus.

1136 1701 1151 1745 ἓ
1171 1702 1203 1735 2.
1225 1702 1401 1746 Propterea
1414 1701 1602 1735 huiusmodi
1619 1700 1849 1735 inconvenien-

1093 1755 1145 1790 tiis
1171 1766 1231 1799 per
1257 1756 1353 1789 aliam
1379 1761 1524 1790 nostram
1544 1755 1680 1801 gratiam
1700 1756 1846 1800 proxime

1093 1805 1327 1850 praeinsertam
1346 1811 1531 1851 opportune
1555 1805 1767 1850 providimus,
1789 1817 1847 1850 per

1093 1865 1203 1898 quam,
1221 1854 1247 1888 si
1266 1855 1411 1900 aliquam
1429 1865 1467 1888 ex
1477 1855 1570 1889 dictis
1588 1855 1695 1889 barcis
1714 1856 1847 1889 naufra-

1092 1904 1182 1948 gium
1201 1904 1281 1949 pati,
1298 1905 1358 1945 vel,
1378 1910 1512 1949 propter
1529 1905 1714 1939 violentiam
1733 1905 1844 1947 maris,

1092 1953 1132 1986 ad
1151 1953 1223 1987 loca
1243 1954 1408 1998 praedicta
1428 1964 1505 1988 casu
1524 1954 1709 1999 pervenire,
1730 1956 1778 1989 vel
1798 1956 1845 1989 ia-

1093 2009 1181 2038 ctum
1200 2004 1376 2045 bonorum,
1397 2004 1595 2038 alleviandae
1622 2005 1711 2038 navis
1731 2005 1844 2048 gnatia,

1092 2053 1165 2088 fieri
1184 2064 1244 2098 pro
1262 2059 1411 2099 tempore
1430 2054 1607 2097 contingat,
1626 2054 1688 2088 illis
1707 2061 1846 2089 tantum—

1094 2104 1203 2146 modo,
1225 2104 1281 2149 qui
1299 2115 1318 2138 a
1337 2103 1477 2137 dominis
1487 2103 1616 2137 naxium
1628 2110 1659 2138 et
1673 2104 1846 2139 barcarum

1094 2153 1223 2188 illarum
1252 2154 1400 2199 personis
1438 2164 1551 2187 curam
1584 2160 1616 2188 et
1650 2154 1846 2198 gubernium

1093 2210 1219 2238 tantum
1245 2203 1439 2237 habentibus
1465 2214 1564 2248 super
1598 2204 1652 2238 tali
1677 2205 1846 2248 naufragio

1092 2253 1126 2287 in
1140 2253 1298 2288 auxilium
1312 2253 1415 2286 vocati
1431 2253 1563 2295 suerint,
1577 2253 1765 2288 huiusmodi
1775 2266 1847 2299 per*

1093 2303 1181 2337 sonis
1190 2303 1236 2336 sic
1247 2302 1378 2344 vocatis,
1400 2302 1426 2336 si
1445 2302 1486 2336 ab
1501 2302 1701 2337 imminentis
1719 2309 1751 2337 et
1765 2315 1845 2348 prae-

1093 2353 1237 2387 sentanei
1253 2352 1411 2397 naufragii
1427 2352 1586 2396 periculo,
1607 2358 1663 2386 aut
1680 2354 1766 2387 bona
1781 2353 1842 2386 iam

1093 2402 1261 2446 deperdita
1302 2402 1584 2447 recuperaverint,
1629 2403 1680 2436 his
1717 2403 1844 2436 casibus

1093 2457 1242 2496 quartam
1274 2457 1399 2496 partem
1423 2451 1585 2486 bonorum
1618 2458 1650 2486 et
1683 2464 1791 2487 rerum
1812 2453 1845 2486 in

1094 2501 1281 2535 huiusmodi
1300 2501 1406 2535 barcis
1429 2501 1650 2543 existentibus,
1668 2507 1699 2536 et
1714 2503 1843 2537 illorum

1093 2551 1213 2585 auxilio
1228 2551 1292 2585 sive
1303 2562 1402 2596 opera
1417 2552 1462 2586 sic
1476 2558 1756 2596 recuperatorum,
1768 2563 1843 2587 con-

1091 2601 1250 2635 cessimus
1269 2607 1300 2634 et
1316 2601 1519 2637 donavimus.

1131 2670 1143 2696 1
1166 2671 1232 2697 Cum
1247 2668 1321 2697 addit
1336 2669 1365 2697 P.
1385 2668 1480 2698 nauh.
1496 2669 1535 2706 (n.
1553 2668 1602 2705 T.).

1851 247 1901 274 An.
1919 246 1948 273 C.
1969 243 2034 273 ¹5³5

1870 963 1894 984 Et
1909 964 1988 985 domini
2007 964 2042 985 Ιο-

1858 1000 1938 1020 corum,
1957 996 1982 1016 ad
1998 1002 2042 1022 qua

1858 1032 1923 1047 nans
1956 1026 2043 1047 naufra-

1858 1057 1912 1082 gium
1933 1059 2040 1084 patientes

1857 1087 1982 1113 perveniet).
2002 1088 2043 1108 bu-

1858 1124 1884 1137 na
1902 1119 2042 1145 occupabant,

1858 1152 1879 1169 rt
1902 1150 1950 1170 ideo
1974 1153 2042 1169 nauta

1858 1179 2042 1206 adflipamvenire

1859 1212 1993 1233 recusabam.

1872 1711 1924 1733 Ideo
1939 1712 1972 1734 bic
1987 1712 2044 1733 Pon-

1861 1743 1912 1765 tttex
1924 1743 2001 1764 bullam
2009 1744 2043 1764 hb:

1861 1776 1961 1797 insertam
1969 1776 2041 1801 edidit,
