2227 3001
217 247 268 274 An.
285 248 314 274 C.
334 247 400 276 {525

460 237 501 270 8⁶2

417 309 516 332 unum
539 309 612 331 cum
638 308 713 330 cura
740 298 783 328 wt
808 296 871 327 siue
895 307 990 334 rura,
1014 294 1163 328 cuiusvis,

415 352 509 386 otiam
519 349 736 385 cluniacensis
744 350 791 382 vel
802 348 1029 387 (lists-reiensis,
1042 347 1167 380 Ordinis

414 406 580 449 regulare„
611 414 734 437 necnon
766 412 991 445 quaecumque
1019 401 1079 433 alia
1107 401 1166 433 tria

413 459 528 492 similia
548 459 595 491 vel
619 457 801 491 dissimilia,
827 455 886 488 sub
911 454 1044 497 singulis
1064 455 1165 488 tribus

412 513 503 545 tectis
517 521 797 556 (Ῑ1131110101111111111Ι
809 508 904 541 trium
917 508 1162 549 cathedralium,

414 565 507 598 etiam
526 562 903 608 metropolitauarumvel
922 561 1163 605 collegiatarum

414 625 466 652 aut
477 619 611 652 aliarum
624 617 846 655 ecelesiarum,
859 615 1075 655 consistentia,
1089 616 1165 648 alias

414 684 445 705 se
467 672 599 705 invicem
621 677 648 704 et
671 682 742 705 cnm
765 669 855 702 dietis
872 669 1165 713 incompatibililnts

413 725 576 758 benefieiis
597 723 820 768 compatientia
840 722 996 756 beneficia
1013 723 1163 756 ecclesia-

413 778 501 819 stica,
524 778 617 811 etiam
634 778 657 809 si
679 778 814 810 alterum
836 776 1081 818 beneficiorum,
1105 778 1163 810 suli

412 831 529 865 ‚visdem
550 831 640 864 tectis
661 830 902 863 consistentium
924 836 1160 868 saunrura,aut

411 886 651 930 quomodolibet
668 896 780 918 eorum
802 884 1008 917 canonicatus
1025 889 1052 917 et
1069 896 1161 929 prae-

406 940 532 980 benda,
556 945 583 972 et
604 945 666 972 tam
694 939 766 979 illa,
793 950 888 981 quam
912 938 1161 982 incompatilstilia

409 993 584 1027 saecularia
605 992 783 1036 dignitates,
803 997 1003 1035 personatus,
1026 992 1160 1025 admini-

410 1047 577 1081 strationes
586 1046 632 1079 vel
643 1046 746 1078 officia
764 1045 794 1077 iu
805 1045 1054 1082 ratlwdraliluts,
1068 1044 1159 1078 etiam

410 1099 663 1144 metropolitanis
682 1100 727 1132 vel
750 1098 935 1139 collegiatis,
955 1104 981 1131 et
995 1099 1161 1139 dignitates

409 1154 495 1198 ipsae
516 1154 547 1186 in
574 1153 828 1193 catlwdraliluis,
853 1152 946 1185 etiam
974 1154 1158 1196 metropoli-

408 1207 501 1247 tanis,
520 1212 591 1251 post
600 1206 799 1251 pontificales
820 1205 967 1245 maiores,
986 1217 1039 1238 seu
1063 1207 1159 1238 rolle—

408 1260 499 1303 giatis
519 1260 661 1293 ccelesiis
682 1259 864 1292 huiusmodi
888 1259 1083 1302 principalis,
1107 1268 1157 1293 aut

408 1313 468 1348 tria
488 1325 525 1346 ex
544 1313 589 1346 eis
609 1312 808 1357 parochiales
818 1312 971 1345 ecclesiae
981 1312 1026 1344 vel
1049 1323 1158 1346 earum

410 1372 583 1413 perpetuae
603 1366 754 1407 vicariae,
782 1376 836 1399 seu
858 1365 931 1398 talia
952 1365 1086 1405 mixtim,
1110 1378 1159 1399 ri·-

408 1422 519 1466 gulare
528 1432 602 1454 vcro
612 1419 768 1453 beneficia
789 1419 972 1452 huiusmodi
985 1419 1156 1462 prioratus,

410 1474 666 1520 praeposituras,
697 1473 928 1517 praepositatus
940 1501 947 1509 ,
971 1472 1137 1514 dignitates
1150 1501 1157 1509 ,

410 1528 544 1571 dignitas
575 1528 667 1560 etiam
689 1527 918 1567 contentualis,
957 1532 1156 1569 personatus,

408 1581 640 1616 administratio
664 1581 711 1613 vel
736 1579 877 1613 officium
901 1578 1015 1611 fuerint
1037 1607 1042 1618 ,
1069 1584 1096 1611 et
1121 1582 1158 1612 ad

409 1636 598 1680 prioratum,
613 1633 880 1678 praeposituram,
895 1633 1156 1676 praepositatutii,

409 1688 587 1732 dignitates,
600 1692 799 1731 personatus,
815 1685 1158 1720 administratiouesrel

409 1741 513 1776 officia
540 1740 723 1774 huiusmodi
753 1740 994 1780 eitinsueverint,
1024 1740 1078 1783 qui
1105 1752 1161 1784 per

409 1794 598 1829 electionem
619 1793 750 1833 assumi,
773 1793 881 1836 eisque
898 1804 976 1825 cura
997 1793 1160 1828 iuunineat

410 1849 602 1888 animarum,
626 1847 649 1880 si
675 1847 793 1880 eisdem
811 1846 1009 1879 auditorilnis
1030 1852 1055 1880 et
1075 1848 1159 1881 loea-

411 1902 590 1937 tenentibus
610 1901 687 1934 alias
707 1900 860 1933 canonice
876 1901 1095 1942 conferantur,
1108 1907 1158 1934 3111

411 1956 469 2000 ipsi
495 1955 673 1997 eligantur,
692 1959 936 1998 praesententur
956 1955 1001 1987 vel
1020 1954 1096 1988 :dias
1111 1966 1160 1988 as-

411 2015 580 2044 sumantur
607 2008 645 2041 ad
667 2008 719 2041 illa
748 2014 778 2041 et
805 2008 1032 2049 instituantur,
1061 2008 1091 2041 in
1117 2008 1162 2041 eis

412 2065 554 2108 recipere
571 2068 600 2095 et
620 2062 748 2095 insimul
770 2062 945 2095 saecularia
967 2062 997 2096 in
1018 2063 1159 2103 titulum,

413 2129 449 2150 30
470 2119 615 2160 regulare
640 2118 671 2150 in
695 2117 937 2157 commendam,
963 2117 1022 2149 sul)
1043 2116 1162 2149 eisdem

414 2171 502 2203 tectis
522 2170 737 2210 consistentia,
755 2169 898 2202 videlieet
915 2169 939 2201 si
951 2169 1015 2202 duo
1032 2170 1162 2202 canoni-

414 2230 503 2257 catus
532 2230 558 2256 et
581 2224 661 2256 duae
684 2224 883 2267 praebendae
904 2234 940 2255 ac
965 2223 1094 2255 totidem
1116 2224 1162 2256 di-

415 2278 561 2317 gnitates,
584 2282 784 2322 personatus,
808 2276 1098 2310 administrationes
1117 2279 1163 2311 vel

416 2331 521 2364 officia
529 2331 568 2364 ad
577 2341 709 2370 annum,
723 2330 796 2363 adie
817 2331 942 2364 habitae
953 2330 1095 2375 pacificae
1109 2343 1165 2375 per

417 2391 471 2414 eos
487 2380 653 2423 utriusque
665 2380 795 2413 illorum
807 2379 1014 2423 possessionis
1030 2390 1164 2423 compu-

416 2430 562 2469 tandum,
584 2429 757 2462 dumtaxat.
774 2428 886 2461 Sivero
903 2428 961 2461 alia
981 2429 1107 2467 suerint,
1130 2440 1165 2462 ac

417 2478 669 2521 incompatibilia
679 2477 868 2517 saecularia,
880 2487 1005 2510 necnon
1020 2478 1166 2519 regulare

417 2526 574 2560 beneficia
594 2526 795 2565 huiusmodi⁷
817 2525 923 2568 quoad
943 2525 1073 2559 vixerint
1094 2526 1166 2558 reti-

1012 243 1192 266 l'll'LLAltlUM
1216 244 1363 265 ttoMANttttt

1209 293 1253 325 cis
1274 295 1441 337 placuerit,
1454 293 1624 335 dimittere,
1638 299 1667 327 et
1677 295 1780 327 cidem
1792 304 1957 328 commen-

1209 347 1266 379 das·
1287 347 1411 387 cedere,
1424 358 1459 380 ac
1480 348 1551 380 loco
1566 347 1685 380 dimissi
1695 346 1957 380 veldimissorum

1208 400 1295 432 aliud
1312 400 1358 432 vel
1369 400 1441 440 alia,
1454 401 1556 434 simile
1565 401 1788 437 wddissimilc,
1807 400 1958 433 3111511111-

1210 453 1248 485 lia
1265 453 1311 485 vot
1328 453 1502 495 dissimilia,
1515 454 1706 487 beneficium
1717 465 1772 487 seu
1789 453 1956 490 beneficia.

1208 506 1458 540 ecclesiasticum
1486 509 1531 540 vel
1561 507 1792 547 (eclesiastica,
1820 512 1959 551 quatuor

1207 560 1370 593 dumtaxat
1390 566 1500 593 curata
1516 572 1570 594 seu
1589 561 1667 594 alias
1683 561 1816 594 invicem
1834 561 1958 595 incom-

1209 613 1349 656 patibilia
1365 614 1553 654 saecularia,
1572 621 1623 647 aut
1642 626 1716 648 rum
1738 626 1801 647 uno
1821 615 1958 648 10111110-

1209 666 1266 698 lius
1277 677 1330 699 seu
1344 666 1445 700 tribus
1454 678 1489 700 ex
1499 668 1554 707 eis,
1567 669 1626 708 vel,
1637 668 1756 712 absque.
1767 667 1840 708 illis,
1853 679 1955 702 unum

1208 730 1280 751 rum
1292 731 1368 752 cura
1379 720 1425 752 vel
1436 720 1503 752 sinc
1513 731 1602 761 cura,
1614 720 1763 760 cuiusvis,
1777 721 1871 753 etiam
1881 721 1955 754 Clu-

1208 773 1415 805 uiaeensisvel
1425 773 1652 813 Cisterciensis,
1663 774 1953 817 Ordinisregulare,

1206 838 1330 859 necnon
1364 838 1588 870 quaecumque,
1604 827 1664 859 tria
1684 827 1745 860 alia
1769 827 1884 862 similia
1908 832 1954 864 vel

1205 880 1380 921 dissimilia,
1404 881 1463 913 sub
1486 880 1619 924 singulis
1638 881 1740 914 tribus
1762 882 1852 915 tectis
1873 895 1956 927 qua-

1205 945 1419 977 rumcumque
1440 934 1535 967 trium
1554 934 1761 967 ecelesiarum
1779 936 1953 972 consisten-

1205 988 1258 1028 tia,
1271 988 1358 1028 alias,
1372 994 1405 1020 nt
1423 989 1612 1032 praefertur,
1626 988 1852 1033 compatientia
1866 990 1953 1025 simi-

1206 1042 1275 1075 liter
1285 1041 1440 1086 recipere,
1459 1048 1484 1074 el
1500 1042 1631 1075 insimul
1651 1043 1827 1076 saecularia
1836 1043 1869 1077 in
1878 1044 1953 1079 titu-

1204 1097 1282 1135 lum,
1296 1097 1441 1139 regulare
1462 1096 1493 1127 in
1511 1096 1747 1136 commendam,
1760 1097 1819 1129 sub
1834 1098 1952 1133 eisdem

1204 1150 1292 1183 tectis
1301 1149 1517 1191 consistentia,
1530 1149 1687 1190 videlieet,
1700 1150 1724 1182 si
1737 1151 1800 1184 duo
1821 1153 1952 1186 eanoni-

1203 1209 1292 1236 catus
1312 1209 1338 1236 et
1361 1204 1442 1236 duae
1454 1203 1656 1247 praebendae
1680 1209 1734 1236 aut
1754 1204 1884 1237 totidem
1904 1206 1952 1239 di-

1202 1257 1347 1297 gnitates,
1371 1262 1571 1300 personatus,
1594 1257 1886 1292 administrationes
1905 1261 1952 1294 vel

1202 1310 1306 1343 ot'ti‹·ia
1327 1311 1364 1342 ad
1386 1321 1525 1351 annum,
1562 1316 1596 1343 ut
1617 1311 1797 1354 praefertur
1816 1323 1951 1357 compu-

1203 1365 1348 1404 tandum3
1375 1364 1398 1396 si
1421 1375 1494 1397 vero
1511 1364 1572 1397 alia
1592 1364 1710 1397 suerint
1729 1375 1765 1397 ac
1785 1365 1951 1411 incompa-

1202 1417 1320 1455 tibilia,
1343 1428 1468 1450 necnon
1492 1419 1639 1460 regulare
1660 1418 1817 1452 beneficia
1836 1420 1950 1455 huius-

1203 1470 1300 1511 modi,
1314 1470 1489 1504 dummodo
1506 1471 1588 1504 inter
1599 1472 1667 1515 ipsa
1677 1473 1950 1516 quatuorincom-

1203 1523 1345 1568 patibilia
1364 1524 1539 1556 saecularia
1561 1525 1669 1568 plures
1693 1536 1789 1569 quam
1810 1532 1874 1561 tres
1893 1540 1950 1573 pa-

1203 1576 1509 1611 rocliialesecclesiae
1519 1578 1565 1610 vel
1576 1588 1687 1610 earum
1698 1584 1863 1623 perpetuae
1871 1581 1950 1615 vica-

1203 1632 1269 1672 riae,
1287 1637 1313 1664 et
1331 1631 1390 1664 sub
1399 1631 1738 1675 singulistribustcctis
1747 1633 1951 1669 consistentia

1203 1691 1271 1729 post
1282 1685 1402 1717 (lictum
1413 1695 1534 1717 annum
1543 1684 1607 1717 duo
1618 1685 1860 1721 canonicatuset
1869 1688 1951 1722 duae

1203 1738 1402 1782 praebendae
1430 1744 1484 1770 aut
1512 1738 1641 1771 totidem
1671 1738 1856 1781 dignitates,
1878 1752 1952 1785 per-

1203 1797 1350 1832 sonatus,
1391 1791 1682 1824 administrationes
1709 1793 1756 1825 vel
1777 1794 1882 1827 officia
1916 1806 1952 1829 ac

1203 1846 1350 1888 regulare
1360 1844 1857 1879 beneficialiuiusniodiosficium
1869 1848 1953 1881 clau-

1203 1899 1296 1932 strale
1307 1909 1369 1931 non
1382 1898 1527 1936 existant,
1539 1898 1643 1941 quoad
1654 1898 1796 1939 vixerint,
1816 1905 1851 1932 ut
1859 1911 1951 1943 prae-

1204 1952 1444 1992 ser.,1·etinere;
1475 1961 1612 1991 necnon,
1629 1951 1743 1984 debitis
1753 1958 1781 1985 et
1793 1955 1952 1987 consuetis

1204 2005 1303 2050 ipsius
1323 2004 1480 2048 regularis
1494 2004 1641 2037 beneficii
1661 2005 1856 2049 supportatis
1875 2017 1952 2040 one-

1205 2060 1307 2099 ribus,
1325 2059 1362 2091 de
1373 2057 1510 2091 residuis
1521 2057 1606 2090 illius
1620 2058 1788 2097 fructibus,
1801 2059 1950 2093 redditib.

1205 2118 1235 2146 et
1255 2111 1470 2156 proventibus,
1490 2110 1581 2144 sicuti
1602 2111 1681 2144 illud
1699 2112 1728 2144 in
1750 2112 1879 2145 titulum
1895 2124 1953 2157 pro

1205 2172 1349 2210 tempore
1380 2164 1570 2204 obtinentes,
1593 2164 1631 2197 de
1649 2164 1711 2197 illis
1730 2165 1901 2209 disponere
1925 2172 1954 2199 et

1206 2219 1354 2252 ordinare
1376 2222 1550 2262 potuerunt
1583 2228 1638 2250 seu
1660 2218 1753 2251 etiam
1775 2218 1956 2253 debuerunt

1205 2272 1409 2316 (alienatione
1430 2277 1536 2304 tamen
1552 2282 1835 2316 quorumcumque
1855 2273 1956 2307 bono-

1207 2337 1279 2360 rum
1322 2326 1537 2359 immobilium
1556 2331 1586 2359 et
1611 2326 1827 2370 pretiosorum
1854 2327 1956 2360 mobi-

1208 2376 1284 2408 lium
1314 2375 1388 2408 dicti
1411 2374 1566 2417 regularis
1591 2374 1738 2408 beneficii
1762 2375 1806 2409 eis
1831 2375 1958 2419 penitus

1208 2424 1401 2466 interdicta),
1425 2424 1594 2467 disponere
1615 2430 1643 2457 et
1659 2424 1917 2458 ordinarelihere
1927 2430 1955 2458 et

1209 2474 1292 2507 licite
1317 2475 1449 2506 valeant.
1477 2475 1519 2506 Ac
1543 2475 1629 2518 quod
1657 2475 1715 2518 ipsi
1743 2474 1904 2508 auditores
1928 2481 1958 2508 et

1209 2525 1436 2563 locatenentos‚
1455 2534 1490 2556 ac
1516 2534 1629 2557 eorum
1645 2523 1774 2567 singuli,
1796 2523 1957 2557 naturales

417 2586 507 2616 nere,
529 2576 647 2621 illaque
667 2576 760 2609 simul
780 2576 827 2608 vel
848 2574 1167 2618 successive‚simpli-
1209 2573 1240 2606 in
1261 2572 1410 2605 omnibus
1432 2573 1549 2616 regnis,
1567 2572 1716 2605 dominiis
1736 2577 1766 2605 01
1787 2572 1957 2616 provinciis

420 2626 499 2659 citer
517 2626 563 2659 vel
585 2636 620 2659 ex
642 2636 735 2659 causa
758 2623 1019 2669 permutationis,
1043 2623 1167 2666 quoties
1210 2623 1353 2664 existant,
1372 2620 1536 2665 acinipsis
1553 2627 1703 2655 eteorum
1715 2621 1956 2667 singulisquae-

1975 239 2025 267 Αη.
2042 240 2070 267 C.
2086 237 2155 268 1528
