2227 3001
176 258 223 286 An.
242 258 270 286 C.
289 259 356 288 ¹537

169 2348 318 2370 Monasiorium
332 2348 352 2367 in

172 2386 211 2407 quo
243 2381 353 2405 separatae

170 2415 266 2434 mensae,
295 2410 353 2436 plura

172 2443 233 2462 ofleia
267 2445 286 2461 et
316 2441 353 2460 be-

171 2474 254 2494 nentia.

416 246 479 281 234

370 307 584 344 Vezeliacensi
618 317 714 351 quam
736 306 817 339 infra
838 305 954 339 limites
973 304 1124 338 territorii

371 362 558 397 huiusmodi
578 373 636 406 pro
648 368 793 404 tempore
803 359 982 392 habitantes
992 363 1022 391 et
1037 369 1124 391 eom-

371 421 543 456 morantes,
565 427 601 448 ae
621 413 823 459 parochiales
851 412 1006 446 ecclesiae
1026 411 1059 443 in
1079 410 1124 444 eis

371 470 590 505 consistentes,
603 467 686 500 dicto
707 465 812 498 abbati
834 476 890 509 pro
900 471 1046 508 tempore
1058 464 1122 498 exi-

371 522 463 555 stenti
474 527 502 554 et
515 519 696 554 nullialteri
719 519 749 551 in
769 518 990 561 spiritualibus
1006 523 1123 550 ettem-

371 574 533 618 poralibus
551 573 678 617 penitus
697 572 839 610 subessej,
866 581 903 603 ac
924 570 1122 614 parochiales

371 626 524 660 ecclesiae
559 624 743 657 huiusmodi
770 635 828 667 per
853 623 972 657 dietum
1004 629 1034 656 et
1063 633 1121 667 pro

371 685 514 722 tempore
533 678 720 711 existentem
748 677 894 709 abbatem
921 677 1016 720 pleno
1037 676 1118 715 iure,

369 744 405 764 ae
425 742 483 775 per
497 731 574 765 olim
588 731 773 774 Philippum
796 730 835 762 de
854 730 967 762 Villars
986 729 1016 763 in
1037 730 1120 763 dieto

369 784 976 828 monasteriosundatamcappellaniam
985 784 1121 827 adprae-

369 837 578 871 sentationem
606 838 682 871 dieti
709 842 883 871 conventus
909 838 1068 878 conferre,
1090 843 1120 869 et

369 891 553 924 earumdem
576 890 810 934 parochialium
835 890 1043 923 eeclesiarum
1066 901 1120 923 cu—

368 954 435 977 ram
457 944 669 982 committere;
687 954 723 976 ac
744 954 780 975 ex
799 943 972 987 privilegiis
993 943 1118 986 praedi-

368 997 425 1030 ctis
435 997 519 1030 idem
532 997 691 1029 Deodatus
702 1002 732 1029 et
744 1007 803 1040 pro
818 1003 962 1041 tempure
984 996 1119 1030 existens

367 1050 463 1083 abbas
477 1051 516 1083 ab
536 1050 668 1093 antiquo
690 1050 794 1089 mitra,
820 1049 936 1081 baculo
953 1049 1116 1092 pastorali,

367 1104 486 1144 tunica,
510 1103 691 1143 dalmatica,
709 1114 810 1147 quum
822 1103 934 1136 diebus
950 1103 1119 1136 dominieis

366 1161 396 1188 et
414 1156 530 1189 festivis
550 1156 706 1196 celebrat,
730 1156 774 1188 uti
802 1162 830 1189 et
855 1161 918 1188 tam
942 1167 977 1189 ex
998 1156 1116 1189 eisdem

366 1203 539 1248 privilegiis
555 1215 651 1248 quam
667 1217 702 1238 ex
719 1205 894 1248 approbata
910 1204 1117 1238 consuetudi-

365 1264 404 1287 ne
412 1254 646 1287 etohservaniia
660 1254 799 1296 legitime
815 1254 1032 1298 praescriptis,
1050 1254 1118 1287 eius

364 1306 508 1340 subditos
536 1317 573 1340 ac
592 1308 673 1340 infra
695 1307 810 1340 limites
831 1307 1011 1352 praedictos
1029 1319 1117 1341 eom-

365 1367 537 1401 morantes,
549 1360 681 1393 militiae
698 1361 839 1393 elerieali
856 1360 993 1393 adscribi
1009 1362 1116 1395 rolen-

364 1414 422 1448 tes,
445 1409 586 1441 clericali
616 1410 802 1441 etiarm-tere
820 1409 990 1451 insignire,
1013 1421 1060 1449 ae,
1082 1423 1115 1443 ex

366 1457 488 1490 indulto
498 1457 597 1490 felicis
607 1458 836 1490 recordationis
848 1458 969 1490 Martini
978 1459 1070 1502 Papae
1082 1460 1113 1499 V,

364 1505 619 1548 praedecessoris
640 1506 751 1543 nostri,
771 1507 910 1539 minores
930 1508 1058 1541 ordines
1073 1508 1117 1540 eis

365 1554 530 1593 conferre,
553 1554 679 1597 illisque
700 1554 778 1587 alios
801 1555 936 1587 maiores
956 1556 1084 1589 ordines
1100 1568 1116 1589 a

363 1612 571 1647 quocumque
598 1603 766 1635 maluerint
795 1604 953 1638 catholieo
979 1605 1116 1639 antistite

363 1651 538 1694 recipiendi
572 1662 662 1695 posse
690 1652 849 1685 licentiam
878 1659 905 1685 et
935 1655 1113 1687 facultatem

364 1701 554 1738 concedere,
576 1701 957 1745 sixt·per‹pieim-umque
980 1704 1114 1736 catholi-

364 1759 437 1781 eum
447 1749 628 1789 antistitem,
639 1750 674 1781 ad
685 1762 715 1783 se
726 1756 892 1793 propte.1·e.·1
907 1752 1114 1789 evtwamlum,

364 1796 501 1829 maiores
522 1798 649 1831 ordines
670 1799 713 1830 eis
738 1799 893 1837 conferri,
920 1810 956 1831 ae
977 1799 1114 1833 chrisma

365 1849 391 1876 et
415 1845 521 1878 oleum
542 1852 687 1879 sanetum
711 1847 855 1880 heiu-diei
879 1849 998 1888 tin-ere,
1022 1854 1072 1881 aut
1098 1860 1115 1881 a

363 1904 571 1938 quocumque
598 1896 744 1929 maluerit
775 1897 931 1929 catholico
959 1898 1112 1935 antistite,

365 1942 503 1975 chrisma
525 1949 552 1975 et
564 1944 668 1976 oleum
683 1950 826 1976 sanetum
843 1945 1026 1977 huiusnmdi
1039 1947 1115 1978 reci-

365 2001 439 2033 pere
450 1997 480 2024 et
491 1992 608 2024 eisdem
622 1993 756 2025 subditis
769 1993 833 2026 suis
844 1993 947 2026 minist
955 2004 1036 2031 1'are;
1046 2005 1116 2026 nee-

365 2050 429 2071 non
441 2041 623 2081 officialem,
637 2042 741 2085 quide
759 2043 909 2075 omnihus
924 2049 950 2075 et
969 2044 1114 2084 singulis,

365 2088 458 2120 etiam
479 2090 516 2121 de
535 2090 708 2123 maioribus
724 2091 827 2122 causis
847 2097 877 2123 et.
895 2092 1117 2127 ‹Jerlesiastieis

366 2144 549 2177 eognoscat,
567 2144 596 2170 ot.
611 2151 628 2171 a
644 2150 707 2181 quo
720 2140 950 2183 appellationes
966 2151 1023 2184 pro
1038 2147 1116 2173 lem—

368 2196 443 2227 pore
458 2186 697 2230 interpositz‘rad
710 2189 821 2221 Sedem
832 2189 993 2231 pi·a·fatain
1009 2191 1117 2222 iinme-

367 2233 1117 2282 diatedevolvuntur,habereetinstituereposse,

368 2283 415 2315 ius
437 2284 555 2317 hahere
576 2286 792 2321 consueverit:
815 2297 849 2318 ae
872 2286 902 2318 in
925 2286 1027 2329 ipsum
1051 2300 1118 2321 mo-

368 2333 555 2373 nasterium,
574 2333 604 2365 in
625 2345 689 2376 quo
713 2346 818 2367 mensa
842 2336 1006 2368 abbatialis
1026 2349 1118 2381 pror-

369 2389 421 2410 sus
442 2377 587 2410 distincta
606 2384 632 2410 et
656 2385 798 2421 separata
820 2390 836 2410 a
853 2382 1066 2421 conventuali,
1090 2388 1117 2414 et

370 2427 451 2458 ultra
462 2426 841 2467 dignitatemabbatialem
856 2440 916 2461 nna
931 2431 1117 2467 ‹sai‘iieraria,

369 2486 432 2507 una
463 2475 650 2510 infirmaria,
680 2475 688 2496 ¹
721 2486 781 2507 una
805 2477 984 2510 hostellaria
1007 2484 1034 2510 et
1057 2490 1119 2511 una

371 2525 510 2556 cantoria
541 2524 719 2556 claustralia
751 2531 780 2555 et
816 2526 917 2557 forsan
945 2527 1118 2560 saecularia

410 2592 416 2614 l
443 2590 599 2616 Aside-ndum
617 2599 630 2616 e
651 2590 714 2617 Gall.
744 2590 806 2617 car.
839 2600 892 2618 uun
915 2596 1046 2626 sacristia,
1067 2603 1120 2620 υηιι

371 2636 510 2660 alterat-m
533 2640 568 2669 (av
591 2635 640 2669 τ.)-

963 252 1144 277 BULLARIUM
1168 253 1319 276 ROMANUM

1166 304 1289 345 officia,
1311 314 1436 338 necnon
1463 303 1761 349 impraesentiarum
1784 303 1912 348 triginta

1166 358 1399 390 monachorum
1430 368 1602 398 numerus,
1624 357 1708 391 dieta
1728 368 1779 391 sex
1804 356 1911 391 officia

1164 409 1380 443 obtinentibus
1406 410 1550 451 inclusis,
1579 412 1646 444 fore
1667 415 1858 449 noscantur3
1880 415 1913 444 et.

1164 462 1324 505 prioratus
1344 463 1374 496 S.
1399 463 1525 496 loannis
1544 464 1583 496 de
1598 464 1745 497 Vendaco
1761 462 1836 496 dicti
1851 461 1909 496 Or-

1162 515 1254 555 dinis,
1269 515 1541 549 Claromontensis
1560 515 1726 557 dioecesis,
1739 516 1841 549 eidem
1858 528 1908 549 sa-

1162 568 1288 602 cristiae
1305 569 1412 601 unitus
1429 574 1585 613 perpetuo
1597 569 1718 607 existat,
1731 580 1857 602 necnon
1869 570 1909 602 ab

1161 622 1272 654 eodem
1283 622 1476 655 monasterio
1486 621 1524 654 de
1532 621 1688 664 Langiaco
1696 622 1906 661 alvernensis,

1161 674 1197 707 de
1220 675 1349 708 Merloto
1370 681 1401 707 et
1419 675 1456 708 de
1472 675 1620 708 Bornello
1640 675 1848 715 Belvacensis‚
1869 675 1909 708 de

1162 727 1601 771 Villari-SylvaNoviomensis
1616 733 1644 760 et
1661 727 1699 760 de
1719 728 1817 772 Oseyo
1828 728 1907 761 Coe-

1161 781 1364 814 nomanensis
1382 781 1550 821 dioecesis,
1563 792 1599 814 ac
1614 781 1718 814 forsan
1738 781 1847 824 plures
1855 781 1909 814 alii

1160 834 1332 877 prioratus,
1346 835 1439 867 etiam
1452 834 1686 870 conventuales,
1696 839 1725 867 et
1738 834 1800 867 alia
1809 834 1908 868 bene-

1159 887 1230 920 ficia
1250 887 1475 927 ecclesiastiea,
1488 898 1561 920 cum
1583 898 1660 920 eura
1679 893 1710 920 et
1729 887 1796 920 sine
1815 898 1905 927 eura,

1157 940 1195 973 ad
1221 941 1347 984 plenam
1378 940 1580 974 collationem
1609 947 1636 973 et
1667 940 1907 984 dispositionem

1158 994 1278 1026 abbatis
1298 994 1397 1038 ipsius
1413 993 1596 1028 monasterii
1616 1004 1674 1037 pro
1690 999 1835 1038 tempore
1846 993 1908 1028 exi-

1158 1047 1265 1080 stentis
1285 1047 1476 1091 pertinentia
1496 1047 1708 1091 dependeant.

1201 1102 1215 1143 ὲ
1235 1100 1264 1132 2.
1284 1100 1362 1133 Cum
1379 1106 1485 1133 tamen
1506 1094 1736 1133 monasterium
1753 1099 1858 1145 ipsum
1874 1100 1907 1134 in

1157 1153 1240 1186 dieto
1253 1153 1370 1198 oppido
1384 1153 1595 1187 Vezeliacensi
1615 1153 1689 1186 satis
1704 1152 1819 1196 insigni
1834 1152 1861 1194 ¹,
1877 1158 1908 1187 et

1157 1218 1192 1239 ex
1210 1207 1368 1251 frequenti
1379 1207 1612 1240 monachorum
1621 1206 1706 1240 illius
1721 1205 1907 1240 monasterii

1157 1259 1395 1293 conversatione
1414 1270 1487 1292 eum
1499 1260 1667 1303 utriusque
1687 1270 1780 1293 sexus
1795 1270 1906 1293 saecu-

1157 1313 1277 1346 laribus
1298 1314 1443 1357 personis
1462 1314 1499 1345 ad
1523 1312 1607 1346 illius
1622 1313 1804 1353 ecclesiam,
1824 1323 1906 1356 quae

1159 1365 1343 1410 principalis
1363 1367 1438 1399 dieti
1461 1366 1568 1410 oppidi
1594 1365 1729 1399 ecclesia
1749 1365 1861 1406 existit,
1877 1371 1907 1399 et

1157 1419 1188 1450 in
1209 1429 1271 1462 qua
1301 1430 1465 1452 sermones
1486 1419 1626 1462 publici,
1657 1418 1907 1463 praesertim-in

1157 1472 1399 1514 quadragesima
1417 1478 1447 1505 et.
1462 1473 1611 1513 adventu,
1634 1471 1796 1505 ordinarie
1811 1472 1906 1510 fiunt,

1158 1535 1282 1557 necnon
1305 1526 1426 1558 ratione
1438 1525 1681 1569 processionum
1694 1525 1905 1568 generalium.

1157 1578 1278 1620 quaein
1291 1578 1359 1621 ipso
1371 1578 1489 1623 oppido
1506 1589 1564 1621 pro
1585 1584 1729 1623 tempore
1744 1578 1907 1611 celebran-

1158 1636 1220 1671 tur,
1239 1632 1489 1671 eonlluentilms,
1511 1631 1661 1664 monachi
1676 1631 1906 1674 ritamregula-

1158 1683 1245 1716 ribus
1267 1685 1417 1717 institutis
1446 1685 1519 1718 dieti
1548 1684 1673 1718 Ordinis
1706 1685 1906 1718 conformem

1156 1737 1286 1769 desan-ili
1305 1738 1423 1771 ducere
1445 1744 1622 1782 nequeunt,
1641 1749 1705 1782 quo
1726 1738 1761 1771 fit
1775 1744 1820 1780 ut,
1835 1744 1907 1773 vota

1156 1796 1212 1817 sua
1234 1786 1393 1819 Altissimo
1409 1787 1490 1819 iuxta
1510 1787 1668 1827 regularia
1691 1786 1834 1820 instituta
1848 1788 1908 1821 hu-

1158 1834 1292 1867 iusmodi
1305 1846 1368 1867 non
1385 1827 1562 1872 reddentes,
1579 1835 1759 1868 animarum
1775 1847 1908 1870 suarum

1157 1884 1248 1916 saluti
1269 1884 1375 1916 minus
1396 1885 1574 1920 consulant,
1598 1889 1625 1917 et
1648 1885 1828 1918 saeculares
1852 1896 1907 1919 eo·

1159 1933 1302 1964 riimdeni
1339 1933 1571 1965 monachorum
1598 1935 1699 1965 famae
1733 1939 1763 1966 et
1792 1933 1908 1967 honori

1157 1981 1343 2024 nominique
1360 1982 1538 2021 detrahant,
1552 1993 1587 2014 ac
1604 1982 1727 2015 devotio
1748 1983 1787 2015 ad
1807 1984 1909 2016 eccle-

1158 2029 1236 2061 siam
1257 2035 1287 2061 et
1307 2029 1455 2063 Ordinem
1473 2031 1656 2063 huiusmodi
1678 2030 1854 2072 minuatum
1870 2044 1908 2067 ac

1158 2078 1316 2111 interdum
1332 2080 1361 2111 in
1376 2080 1443 2123 ipso
1453 2080 1645 2112 monasterio
1666 2080 1727 2113 sint
1744 2082 1905 2123 monachi,

1158 2138 1296 2170 (piorum
1319 2139 1416 2171 opera
1437 2134 1464 2161 et
1487 2130 1604 2167 favore,
1631 2130 1791 2163 honorum
1813 2136 1843 2164 et
1857 2131 1907 2164 iu-

1159 2176 1242 2209 rium
1258 2177 1332 2209 dicti
1355 2177 1537 2210 monasterii
1555 2180 1798 2236 conservationis,
1812 2185 1843 2214 et
1856 2192 1909 2213 oe-

1160 2231 1351 2267 eupatorum
1364 2226 1599 2269 recuperationi
1613 2229 1719 2261 etaliis
1731 2230 1830 2273 ipsius
1840 2241 1908 2263 mo-

1159 2273 1549 2316 nasteriineeessitatibus,
1573 2276 1616 2309 uti
1643 2278 1817 2321 expediret,
1831 2290 1908 2312 con-

1160 2322 1219 2353 suli
1234 2334 1297 2355 non
1315 2330 1427 2367 potest;
1447 2331 1473 2356 et
1498 2324 1554 2357 nisi
1577 2337 1634 2368 per
1653 2327 1766 2360 Sedem
1783 2327 1908 2371 praedi-

1160 2377 1241 2404 etam
1264 2378 1443 2416 opportune
1472 2375 1708 2417 prtwideretur,
1738 2377 1844 2419 gravia
1863 2377 1911 2410 in-

1161 2422 1341 2471 commoda,
1356 2422 1495 2464 pericula
1516 2429 1542 2455 et
1556 2424 1704 2457 seandala
1714 2426 1820 2458 forsan
1836 2426 1911 2458 sub-

1161 2475 1382 2512 sequerentur:
1402 2471 1426 2503 si
1439 2472 1468 2503 in
1482 2472 1565 2504 dieto
1584 2473 1776 2506 monasterio
1792 2485 1909 2508 nomen

1161 2525 1188 2550 et
1201 2519 1313 2551 titulus
1330 2521 1526 2561 monasterii,
1544 2526 1575 2553 et
1585 2521 1720 2565 dignitas
1744 2522 1910 2557 abbatialis

1161 2576 1188 2603 et
1211 2571 1474 2605 conventualitas.
1492 2582 1618 2605 necnon
1630 2572 1663 2605 in
1683 2583 1721 2606 eo
1731 2579 1762 2606 et
1778 2573 1910 2617 singulis

1200 2638 1208 2663 l
1233 2637 1301 2663 aad.
1313 2646 1327 2664 e
1343 2638 1406 2664 Gall.
1425 2638 1486 2665 Chr.
1498 2641 1655 2672 etpnpnloso
1665 2642 1787 2667 consistat
1802 2641 1840 2676 (a.
1857 2642 1907 2675 τ.).

1927 251 1976 278 An.
1992 249 2022 277 C.
2041 249 2108 276 ¹557

1948 1112 2027 1135 caune
2058 1114 2105 1134 otiis

1927 1144 2106 1170 ,saecularizatio-

1922 1179 1968 1195 neni
1982 1175 2104 1196 mudum.
