2227 3001
21 290 70 318 An.
86 291 115 318 C.
137 291 204 320 1525

216 344 368 384 finientis,
387 343 499 377 usibus
519 348 547 377 et
569 343 694 377 naturis
710 342 869 375 dictarum
890 341 971 374 mili-

217 398 352 438 tiarum,
376 397 557 430 iuramento
578 403 605 429 et
628 396 874 430 confirmatione
895 407 970 439 apo-

216 450 328 484 stolica
344 451 391 482 vel
412 449 521 493 quavis
542 449 693 482 firmitate
713 449 775 482 alia
797 448 968 485 roboratis2

216 503 388 547 privilegiis
408 514 539 546 quoque
573 507 605 535 et
637 502 769 535 indultis
800 514 838 536 ac
871 502 971 536 literis

214 556 399 600 apostolicis
419 556 511 589 dictis
539 555 660 589 militiis
681 567 859 600 earumque
878 567 971 602 prac-

215 610 420 654 ceptoribus,
449 609 605 642 militibus
629 615 660 642 et.
682 610 893 644 conventibus
913 621 971 654 per

214 663 331 696 dictam
352 663 465 696 Sedent
487 663 595 696 forsan
612 664 784 704 concessis,
804 663 865 697 illis
882 674 971 707 prae-

214 715 323 749 sertim
344 716 463 760 quibus
484 717 586 749 careri
609 717 729 749 dieitur
756 717 843 760 quod
872 717 970 757 magi-

213 774 332 802 stratus
357 770 395 802 de
422 770 593 802 Aleantara
606 776 634 803 et
655 771 693 802 (11·
714 770 890 809 Calatrara,
913 781 971 814 per

213 833 367 866 personas
388 823 553 865 regulares
570 823 677 857 Sancti
694 823 863 866 Augustini
879 828 910 856 et
924 823 971 856 Ci-

212 876 395 910 sterciensis
429 875 557 910 Ordinis
596 877 799 917 huiusmodi,
822 887 969 920 expresse

211 930 373 973 professas
393 936 424 963 et
444 941 509 963 11011
528 936 697 970 uxoratus,
720 942 757 963 ac
782 930 861 964 alias
881 936 970 963 certo

212 982 310 1016 modo
329 983 717 1027 qualificatus,dumtaxat
737 983 874 1017 obtineri
894 995 969 1028 pos-

212 1035 288 1076 sint,
307 1037 436 1080 quibus,
450 1037 545 1070 etiam
561 1037 586 1070 si
604 1037 643 1070 ad
659 1048 772 1070 eorum
787 1036 969 1080 derogatio-

213 1099 288 1122 nem
325 1090 365 1123 de
392 1089 455 1123 illis
479 1101 659 1133 eorumque
694 1090 768 1124 totis
800 1091 970 1124 tenoribus

213 1143 372 1186 specialis,
395 1142 547 1186 specifica
568 1149 594 1176 et
623 1155 784 1188 expressa,
807 1143 969 1177 individua

213 1206 251 1229 ac
271 1195 310 1228 de
328 1196 425 1229 verbo
445 1196 485 1228 ad
505 1197 656 1237 verbum,
679 1208 744 1230 11011
777 1202 885 1231 autem
912 1209 970 1241 per

212 1249 374 1282 clausulas
382 1250 548 1303 generales
565 1250 593 1282 id
613 1251 835 1294 in‘iportantes,
848 1251 969 1284 mentio

212 1313 269 1335 seu
300 1303 431 1346 quaeris
458 1303 520 1336 alia
556 1305 720 1347 expressio
746 1305 893 1337 habenda
914 1310 969 1337 aut.

211 1355 319 1399 aliqua
333 1356 393 1389 alia
410 1356 564 1400 exquisita
581 1359 683 1390 soi-ma
703 1358 856 1391 serrantia
873 1364 965 1396 esset,

211 1409 343 1442 illorum
377 1416 505 1443 tenores
530 1411 718 1444 huiusmodi
745 1412 969 1455 pi·a‹2·sentilms

211 1474 271 1506 pro
304 1464 461 1507 expressis
494 1470 525 1496 et
557 1464 685 1497 insertis
709 1465 883 1504 babentes,
906 1465 969 1497 illis

210 1516 289 1550 alias
308 1516 340 1549 in
357 1528 415 1550 suo
438 1518 555 1550 robore.
575 1518 810 1561 permansuris,
823 1519 884 1551 hac
901 1518 968 1552 vice

210 1570 387 1608 dumtaxat,
410 1570 595 1614 specialiter
615 1577 643 1603 et
666 1582 814 1615 expresse
836 1571 969 1614 deroga-

209 1635 281 1657 mus
302 1623 474 1657 contrariis
495 1623 777 1668 quibuscumque,
802 1629 857 1657 aut
873 1625 896 1657 si
914 1625 969 1657 ali-

210 1677 265 1720 qui
293 1688 391 1721 super
418 1676 656 1720 provisionibus
683 1677 838 1710 faciendis
858 1678 969 1711 liuius-

211 1729 298 1763 modi
323 1729 563 1773 magistratibus
583 1741 619 1762 ae
654 1730 864 1773 dignitatibus
896 1743 968 1774 spe-

211 1782 318 1822 ciales,
340 1783 388 1816 vel
404 1783 474 1816 aliis
499 1783 665 1816 benefieiis
691 1783 917 1817 ecclesiasticis
939 1785 969 1817 in

210 1836 357 1881 partibus
376 1837 542 1879 generales
567 1837 669 1869 dietae
695 1837 786 1870 Sedis
819 1838 867 1871 vel
901 1838 970 1871 eius

211 1890 391 1933 legatorum
408 1890 515 1923 literas
529 1890 746 1934 impetrarint,
758 1891 854 1924 etiam
871 1892 895 1925 si
912 1903 970 1936 per

211 1955 265 1977 eas
283 1943 323 1976 ad
342 1943 580 1985 inhibitionem,
604 1944 854 1978 reservationem
871 1951 899 1978 et
917 1945 969 1978 de-

212 2002 336 2031 cretum
362 1998 412 2030 vel
438 1997 516 2030 alias
544 1998 791 2041 quomodolibet
819 1998 858 2032 sit
892 2010 969 2043 pro-

211 2061 350 2091 eessum3
367 2062 447 2095 quas
466 2051 596 2095 quidem
619 2051 727 2085 literas
748 2058 779 2085 et
798 2063 970 2096 processus

212 2105 337 2138 habitos
356 2115 415 2149 per
433 2105 561 2139 easdem
590 2111 620 2138 et
649 2105 722 2138 inde
743 2112 852 2139 secuta
872 2118 970 2150 quae-

213 2169 353 2202 cumque
373 2158 412 2192 ad
439 2158 645 2201 magistratus
666 2158 854 2193 huiusmodi
882 2161 971 2193 volu—

214 2222 286 2244 mus
305 2222 370 2245 non
385 2211 524 2253 extendi,
542 2212 596 2245 sed
610 2213 736 2245 nullum
755 2224 812 2256 per
831 2214 894 2246 hoe
911 2213 968 2253 eis,

214 2265 321 2309 quoad
340 2265 573 2299 assecutionem
592 2266 838 2307 magistratuum
849 2272 904 2299 aut
918 2267 971 2300 be-

214 2318 407 2352 neficiorum
442 2318 593 2359 aliorum,
613 2320 851 2363 praeiudicium
873 2332 970 2363 gene-

216 2372 293 2412 rari,
314 2378 345 2405 et
365 2372 625 2416 quibuscumque
650 2373 840 2417 privilegiis,
862 2374 971 2407 indul-

214 2425 329 2467 gentiis
338 2425 542 2469 generalibus
552 2427 597 2458 vel
617 2426 811 2470 specialibus
827 2432 855 2459 et
872 2426 972 2460 literis

215 2475 418 2519 apostolicis,
438 2486 722 2519 quorumcumque
740 2482 888 2510 tenorum
910 2477 973 2510 exi-

215 2530 310 2565 stant,
323 2534 381 2568 per
392 2534 484 2567 quas,
496 2524 719 2567 praesentibus
729 2536 793 2558 non
803 2536 972 2570 expressae

215 2574 264 2607 vel
284 2572 425 2607 totaliter
442 2583 507 2606 non
527 2572 683 2614 insertae,
706 2574 839 2608 effeetus
860 2586 972 2608 earum

215 2621 365 2666 impediri
386 2623 485 2655 valeat
507 2623 752 2665 quomodolibet
772 2625 817 2657 rel
836 2624 970 2664 dill‘erri,

216 2671 337 2705 etiamsi
359 2672 397 2704 de
424 2682 534 2704 earum
557 2671 724 2706 tenoribus
746 2673 785 2707 de
812 2673 910 2706 verbo
934 2673 973 2706 ad

269 2727 271 2729 '
295 2724 370 2755 Bau.
391 2724 469 2756 Rom.
493 2725 546 2756 l'ol.
570 2724 611 2755 VI.
768 2748 770 2751 .
836 2725 854 2755 3

837 289 1015 313 HADRIANUS
1038 289 1068 311 VI
1091 288 1139 313 ΓΡ.

1636 279 1720 311 -17

1011 340 1107 373 verbu
1114 352 1142 373 m
1153 339 1300 373 habenda
1310 339 1346 372 sit
1364 339 1394 372 in
1406 339 1523 372 nostris
1535 339 1634 373 literis
1646 341 1765 374 mentio

1011 394 1178 436 specialis;
1210 393 1336 437 proviso
1364 403 1428 435 quo
1460 392 1534 425 dicti
1561 393 1766 434 magistratus

1011 446 1092 478 deb-it
1101 446 1124 479 is
1135 452 1306 490 propterea
1316 457 1380 478 non
1389 445 1580 479 fraudentur
1590 446 1764 489 obsequiis,

1010 500 1065 532 sed
1092 510 1206 533 eorum
1236 510 1379 542 congrue
1408 504 1643 543 supportentur
1668 510 1767 533 onera

1011 558 1175 585 consueta.
1195 553 1258 586 Nos
1267 552 1353 585 enim
1364 562 1497 586 exnunc
1514 552 1640 585 irritum
1653 553 1765 587 decer-

1010 605 1117 639 nimus
1137 611 1167 639 et
1187 606 1294 646 inane,
1322 605 1347 639 si
1368 617 1460 639 secus
1483 616 1582 650 super
1602 605 1639 639 iis
1654 617 1671 639 a
1687 618 1767 650 quo·

1010 670 1120 702 quam,
1133 660 1243 703 quavis
1253 658 1458 700 auctoritate,
1470 659 1609 693 scienter
1619 660 1667 693 vel
1677 659 1767 703 igno-

1010 713 1302 755 rantercontig‘erit
1321 712 1482 746 attentari.

1054 766 1069 808 g
1089 767 1118 798 ti.
1143 766 1299 799 Volumus
1314 772 1422 800 autem
1435 766 1599 811 quodipse
1620 778 1686 808 rex,
1705 778 1765 812 pro
1801 775 1920 811 ‘ththfin'n
1937 784 1962 797 a·

1010 823 1156 861 tempore
1177 819 1324 857 existens,
1338 820 1376 852 ab
1397 819 1590 853 alienatione
1610 832 1765 864 quorum-
1778 807 1892 858 isslffiii'a
1907 808 1963 859 boffa

1011 882 1150 914 cumque
1171 872 1334 906 bonorum
1355 872 1572 906 immobilium
1589 879 1619 907 et
1647 875 1765 918 pretio·
1778 869 1964 921 ξοᾞῖδῐῑζξὶῑζζίζ

1010 935 1120 958 sorum
1141 926 1311 958 mobilium
1334 927 1494 959 [lictorum
1519 928 1764 970 magistratuum
1779 931 1879 952 ¹1¹1²²¹·¹¹¹¹¹·

1010 978 1139 1022 penitus
1159 979 1330 1019 abstineat,

1053 1031 1068 1074 ξ
1089 1031 1118 1064 7.
1146 1032 1315 1075 Quodque,
1338 1037 1512 1076 antequam
1537 1033 1640 1067 dictos
1667 1034 1766 1077 magi-
1792 1041 1889 1078 facetum
1917 1044 1964 1063 exi-

1010 1089 1128 1117 stratus
1161 1086 1209 1118 161
1238 1096 1351 1119 eorum
1378 1085 1519 1128 aliquem
1541 1086 1765 1122 administrare
1778 1074 1962 1129 {isifis'mffvi

1010 1138 1129 1181 possit,
1153 1138 1356 1172 succedendo
1390 1139 1422 1171 111
1442 1150 1541 1181 regno
1566 1140 1764 1181 huiusmodi,
1780 1138 1888 1156 ⁰⁰⁰⁵¹¹0²²

1010 1191 1102 1224 nobis
1127 1202 1183 1224 seu
1210 1191 1451 1226 successoribus
1470 1193 1588 1226 nostris
1613 1194 1769 1228 canonice

1010 1244 1205 1278 Intrantibus
1230 1245 1301 1278 iura
1326 1245 1433 1279 omnia
1463 1246 1585 1279 solvere
1607 1251 1765 1289 teneatur,

1009 1308 1091 1341 quae
1121 1298 1263 1340 magistri
1292 1310 1352 1342 pro
1374 1304 1520 1342 tempore
1546 1300 1667 1333 solvere
1689 1312 1767 1334 cou-

1010 1357 1195 1392 suererunt,
1218 1353 1337 1395 quibus
1353 1352 1478 1392 solutis,
1501 1357 1627 1387 extunc
1647 1355 1766 1387 confir-

1010 1404 1108 1437 matio
1137 1411 1167 1437 et
1194 1405 1343 1439 licentiae
1375 1417 1547 1439 concessae
1568 1406 1629 1439 sint
1650 1412 1680 1440 et
1699 1418 1768 1441 esse

1010 1465 1219 1500 censeantur,
1255 1459 1633 1504 administrationemque
1668 1461 1768 1495 libere

1010 1524 1161 1545 exercere
1183 1513 1293 1556 possit.

1054 1566 1068 1608 ξ
1089 1567 1119 1599 δ’.
1146 1566 1182 1598 Et
1214 1566 1267 1599 ille
1295 1578 1330 1600 ex
1355 1567 1411 1608 iis,
1435 1567 1491 1610 qui
1516 1568 1585 1601 11110
1610 1579 1766 1612 umquam
1779 1575 1960 1612 bernaium-it-

1010 1624 1169 1662 tenipore,
1192 1620 1279 1662 quod
1299 1620 1391 1661 absit,
1415 1632 1432 1653 a
1452 1626 1560 1653 nostra
1581 1626 1608 1654 et
1631 1622 1765 1655 Romani
1779 1607 1963 1659 {sffssso'ssffisffflb‘ssi

1011 1671 1174 1706 l'ontifieis
1189 1684 1249 1716 pro
1270 1679 1415 1717 tenuiore
1434 1673 1595 1707 existentis
1610 1675 1766 1708 canonice
1780 1668 1964 1720 ἀῗξξζζζζώζζῖωο

1010 1724 1157 1758 intrantis
1175 1732 1205 1759 et
1229 1727 1393 1760 Romanae
1409 1727 1570 1760 Ecclesiae
1586 1727 1768 1761 obedientia

1011 1783 1040 1811 et
1056 1779 1223 1811 devotione
1240 1790 1271 1812 se
1288 1780 1493 1819 subtraxerit,
1504 1781 1550 1813 rel
1564 1787 1676 1814 contra
1692 1792 1765 1815 eum

1010 1832 1130 1864 bellum
1154 1833 1345 1876 susceperit,
1364 1834 1395 1865 in
1413 1834 1481 1866 eius
1500 1834 1653 1867 damnum
1671 1840 1701 1867 et.
1717 1836 1769 1868 de-

1010 1885 1199 1918 trimentum
1220 1886 1353 1919 lionoris
1373 1893 1429 1919 aut
1449 1898 1571 1927 rerum,
1594 1898 1653 1931 per
1672 1899 1704 1922 se
1720 1889 1768 1922 vel

1011 1939 1109 1971 alium
1131 1950 1186 1972 seu
1207 1940 1299 1980 alios,
1319 1940 1439 1973 directe
1459 1941 1508 1973 vel
1526 1940 1682 1974 indirecte
1703 1953 1768 1975 ma-

1012 1991 1161 2025 chinatus
1177 1993 1285 2034 suerit,
1298 1993 1486 2027 huiusmodi
1505 1994 1607 2036 gratia
1627 1995 1768 2038 privatus

1011 2045 1134 2086 existat,
1157 2052 1408 2090 praesentesque
1428 2047 1541 2080 literae
1561 2047 1683 2082 nullius
1705 2049 1769 2082 sint

1012 2100 1137 2132 roboris
1152 2101 1199 2133 vel
1225 2100 1392 2142 momenti,
1405 2101 1537 2145 ipsaque
1550 2102 1626 2135 unio
1643 2113 1680 2136 eo
1697 2101 1766 2146 ipso

1012 2153 1165 2186 dissoluta
1186 2154 1235 2186 sit.
1260 2154 1387 2198 Ipsique
1408 2155 1613 2197 magistratus
1632 2166 1690 2199 per
1707 2156 1768 2190 dis-

1012 2207 1204 2240 solutionem
1227 2208 1413 2241 liuiusmodi
1428 2219 1540 2242 vacare
1561 2214 1765 2249 censeantur,

1012 2267 1038 2293 et
1070 2261 1108 2293 de
1136 2260 1199 2293 illis
1227 2272 1285 2305 per
1305 2262 1419 2295 Scdem
1449 2261 1646 2305 praedictam
1668 2263 1767 2296 libere

1013 2314 1139 2358 disponi
1161 2314 1270 2358 possit.

1056 2367 1141 2400 Nulli
1163 2379 1238 2411 ergo
1259 2373 1316 2402 etc.

1057 2422 1171 2455 Datim]
1193 2422 1311 2455 Romae
1332 2422 1419 2466 apud
1440 2421 1591 2456 Sanctum
1615 2424 1763 2463 Petruin,

1013 2486 1097 2508 anno
1130 2476 1362 2509 lucarnationis
1387 2476 1567 2510 dominicae
1596 2476 1765 2510 millesimo

1013 2529 1272 2573 quingentesimo
1304 2530 1456 2573 vigesimo
1479 2530 1587 2569 tertio,
1611 2540 1640 2562 iv
1665 2540 1766 2563 nonas

1016 2582 1101 2622 maii⁷
1124 2583 1332 2626 pontificatus
1352 2583 1452 2616 nostri
1473 2594 1556 2615 anno
1578 2592 1597 2614 1.

1780 286 1831 314 An.
1846 286 1874 314 C.
1898 286 1966 314 ¹525

1077 2659 1136 2688 llat.
1153 2658 1198 2689 die
1214 2660 1232 2689 lt·
1250 2659 1318 2689 maii
1340 2658 1424 2691 15023,
1442 2657 1543 2696 pontif.
1564 2666 1639 2688 anno
1655 2665 1674 2687 1.
