2227 3001
171 245 220 270 Α11.
244 244 271 270 C.
291 244 355 271 1ΰῖιῖ

180 769 261 797 Resque
284 776 350 797 expo-

166 802 246 821 nendas
262 803 281 821 ἰιι
297 808 350 821 cnu-

166 833 226 851 vivus
251 836 270 851 et
300 838 349 858 spe-

166 864 253 882 itaruhs
281 863 351 889 publi-

166 894 203 914 cis.
216 897 310 919 tempore
323 894 351 913 [e-

166 928 287 944 stri-italum.

199 1626 345 1647 Commissa-io

161 1658 269 1684 praedici.)
292 1659 345 1677 idem

163 1688 226 1708 lulius
252 1688 268 1707 ll
289 1690 345 1709 dedit

161 1719 281 1739 facultatem
311 1720 344 1739 iu-

161 1751 291 1776 terpretandi
311 1752 345 1770 du·

161 1780 194 1800 bia
231 1782 346 1801 exedenda

161 1812 179 1831 in
192 1811 230 1831 sibi
246 1814 345 1832 commis-

185 2530 345 2554 suspendendi-

235 2561 346 2585 indulgeu-

161 2591 200 2610 tias
223 2591 269 2611 31115
292 2598 345 2611 cou-

161 2626 233 2643 ‘mu
249 2625 269 2643 1¹¹
289 2621 331 2645 liic.
360 2616 487 2652 §oribus
513 2618 577 2650 suis
607 2623 634 2652 et
661 2619 740 2652 Sede
775 2620 938 2662 praedicta
968 2622 1012 2654 vel
1045 2621 1113 2654 eius

413 236 479 270 324

370 309 440 331 rum
467 299 640 331 Ordinibus
669 305 698 332 et
725 300 858 332 Sanctae
882 300 1023 333 Eulaliae
1045 301 1121 333 Bar-

369 350 576 384 chinonensis
596 351 706 384 relicta
728 351 840 387 forent,
857 362 893 383 ac
909 352 1121 385 haereditates

368 408 395 434 et
417 403 501 436 bona
526 403 751 437 decedentium
779 403 817 434 ab
845 403 992 437 intestato
1025 405 1120 437 clcri-
1142 411 1143 429 1

367 467 480 488 rorum
499 463 527 489 et
544 457 712 494 laicorum,
734 456 829 488 etiam
851 467 887 489 ex
903 457 1027 490 indulto
1041 468 1120 501 apo-
1141 460 1143 495 ζ

368 509 479 541 stolico
500 515 553 541 aut
579 510 671 548 alias,
697 509 735 541 ad
754 510 1007 553 redemptionem
1027 522 1119 554 prae-

366 561 482 594 dictam
522 562 720 605 eaptivorum
760 562 922 601 dedicata,
959 564 1120 607 pertinere

366 615 562 654 debuissent,
580 616 729 648 facultate
747 616 874 649 nunciis
890 622 920 649 et
936 618 1120 651 commissa-

366 666 420 698 riis
438 678 588 700 concessa
608 667 794 701 huiusmodi
814 669 961 702 durante.

409 722 423 762 ς’
444 720 497 753 111.
524 721 654 753 Necnon
675 732 788 753 onmes
808 728 835 754 et
857 722 999 764 singulas
1020 734 1119 766 pecu-

365 772 434 804 nias
454 777 482 804 et
504 783 554 805 res
575 773 663 812 alias,
686 785 768 816 quae
790 774 821 806 in
842 775 985 817 prandiis
1000 781 1029 808 et
1046 787 1121 809 con-

365 824 450 857 111115
471 836 506 858 ac
530 826 668 869 publicis
693 828 886 870 spectaculis
906 828 938 861 in
959 829 1120 872 aliquibus

365 879 605 912 celebritatibus
625 892 661 913 ex
687 886 757 913 voto
784 887 814 913 et
834 887 950 914 statuto
977 893 1012 915 ac
1043 894 1119 915 eon-

365 932 533 965 suetudine
559 933 590 966 in
611 934 775 976 quibus-vis
797 935 875 967 locis
901 935 1015 978 exponi
1041 947 1119 969 con-

364 991 542 1025 sueverant,
563 991 605 1026 et,
624 987 773 1020 facultate
795 988 906 1020 nuncii
923 994 951 1021 et
968 990 1119 1022 commis—

364 1038 438 1070 sarii
459 1039 645 1072 huiusmodi
666 1040 821 1081 durante,
852 1042 968 1085 exponi
989 1042 1117 1075 debuis-

363 1098 441 1131 sent,
450 1092 486 1124 ad
500 1092 650 1125 fabricam
662 1093 1079 1137 huiusmodiapplicaverat,
1090 1102 1117 1128 et

363 1145 421 1176 sub
432 1145 631 1179 restitutione
647 1146 806 1180 bonorum
817 1148 1038 1188 ecclesiarum,
1053 1162 1119 1182 mo-

364 1199 578 1231 nasteriorum
603 1205 632 1232 et
653 1200 887 1233 beneficiorum
915 1201 1114 1239 huiusmodi,

363 1251 557 1294 competenti
573 1259 701 1296 recepta
718 1253 863 1296 portione
879 1255 927 1286 vel
943 1255 1117 1296 quantitate

364 1314 421 1346 pro
441 1304 497 1343 eis,
529 1305 560 1337 in
590 1306 744 1338 fabricam
769 1306 956 1340 huiusmodi
985 1318 1116 1341 conver·
1137 1329 1139 1339 1

362 1357 468 1394 tenda,
495 1357 580 1401 ipsos
597 1358 641 1391 sic
670 1370 707 1391 ea
727 1364 871 1392 tenentes
901 1360 940 1392 ab
970 1361 1116 1393 ulteriori
1138 1373 1139 1376 ¹

361 1421 474 1443 eorum
508 1411 707 1445 restitutione
746 1413 846 1446 libere
884 1414 1059 1454 absolvere,
1087 1421 1115 1447 ct

361 1464 447 1507 quod
475 1464 529 1497 illa
555 1464 693 1498 retinere
721 1465 820 1498 libere
847 1472 976 1510 possent
1004 1467 1035 1499 in
1058 1479 1115 1511 po-

362 1522 483 1550 sterum
505 1517 550 1549 eis
571 1519 665 1550 etiam
687 1518 876 1551 concedere.

405 1572 420 1613 ξς
440 1570 492 1602 ll.
516 1571 652 1614 Ipseque
674 1572 812 1605 nuncius
829 1579 857 1606 et
875 1573 1116 1607 commissarius

362 1628 389 1655 et
402 1623 520 1666 quibus
536 1624 619 1657 vices
635 1636 708 1657 suas
719 1625 749 1658 in
762 1637 879 1669 genere
895 1627 942 1659 vel
958 1627 991 1660 in
1008 1628 1114 1671 specie

361 1676 499 1710 duxisset
521 1679 778 1715 committendas,
793 1685 922 1723 possent
936 1681 1115 1715 dubietates

361 1741 596 1774 quascumque,
619 1738 682 1764 tam
703 1743 801 1776 super
825 1733 977 1776 qualitate
1002 1746 1113 1778 perso-

362 1794 489 1823 narum,
515 1785 633 1828 quibus
658 1787 793 1819 facultas
817 1787 954 1831 eligendi
988 1790 1113 1822 conses-

362 1847 466 1869 sorem
488 1839 621 1871 concedi
647 1844 764 1882 posset,
793 1839 887 1872 etiam
914 1841 937 1873 si
964 1851 1112 1884 compre-

360 1888 579 1923 henderentur
595 1892 783 1924 eouuuuuia
798 1892 971 1934 civitatum,
985 1894 1112 1927 univer-

360 1942 466 1976 sitates
499 1944 712 1988 oppidorum,
742 1951 939 1984 castrorum,
965 1947 1111 1981 villarum

361 2001 388 2027 et
411 1996 549 2029 aliorum
571 1998 719 2030 locorum
740 2004 769 2031 et
790 1999 940 2042 collegia,
971 2012 1053 2043 quae
1084 2006 1112 2034 et

363 2049 490 2082 illorum
509 2051 685 2094 singulares
706 2063 862 2095 personae
879 2054 1080 2088 absolutione
1097 2067 1113 2087 a

362 2103 543 2144 praemissis
576 2105 623 2137 vel
653 2105 760 2148 aliquo
791 2106 1043 2148 praemissorum
1077 2119 1112 2141 ac

361 2155 597 2199 dispensatione
637 2170 734 2202 super
764 2159 809 2192 eis
842 2161 888 2193 vel
916 2161 1024 2203 aliquo
1059 2173 1112 2194 eo—

362 2219 432 2240 rum
451 2210 671 2252 indiguissent,
693 2224 788 2255 quam
811 2218 915 2246 cetera
936 2214 995 2247 alia
1017 2214 1113 2247 dubia

361 2261 521 2299 decidere,
544 2270 571 2296 et
606 2276 765 2297 summam
801 2267 1020 2308 pecuniariam
1055 2278 1113 2311 pro

362 2316 587 2358 consequenda
626 2318 823 2361 indulgentia
863 2320 1049 2353 huiusmodi
1085 2326 1111 2354 et

360 2368 430 2400 31115
451 2369 634 2411 1ῑ11·11011115515
654 2370 791 2404 limitare
809 2378 836 2404 et
858 2378 977 2413 taxare,
1005 2385 1040 2406 ac
1067 2375 1112 2406 sa-

362 2422 513 2454 cultatem
530 2422 668 2465 eligendi
689 2425 905 2458 consessorem
927 2426 1112 2460 huiusmodi

361 2470 481 2502 conred
487 2482 538 2503 ere
546 2498 551 2503 .

405 2520 419 2561 ᾗ
440 2519 493 2551 12.
508 2521 550 2553 Ac
567 2532 790 2565 quascumque
807 2522 1031 2566 indulgentias,
1048 2530 1112 2556 tam

361 2579 378 2599 a
399 2568 482 2601 dicto
500 2570 745 2612 praedecessore
771 2582 868 2613 quam
890 2583 906 2603 a
923 2573 1112 2615 praedeces-

967 248 1145 272 BL'LLARIL'M
1170 248 1319 272 ROMANUM

1142 302 1144 307 ’
1164 301 1353 333 auctoritate
1374 301 1635 344 quibuscumque
1657 299 1818 341 ecclesiis,
1849 310 1918 333 mo-

1164 352 1321 389 nasteriis,
1336 353 1560 396 hospitalibus,
1588 353 1682 386 etiam
1704 358 1825 393 nostro,
1843 359 1919 386 tunc

1164 416 1234 443 suo,
1253 405 1360 438 Sancti
1381 406 1519 448 Spiritus
1539 406 1569 438 in
1587 406 1679 439 Saxia
1695 407 1734 439 de
1750 407 1846 446 Urbe,
1864 406 1920 439 Or-

1164 457 1246 490 dinis
1267 458 1372 491 Sancti
1390 459 1569 501 Augustini,
1593 465 1621 492 et
1642 460 1712 493 aliis
1733 460 1792 503 piis
1820 460 1917 493 locis.

1141 528 1142 538 1
1164 511 1436 551 universitatilms,
1460 513 1788 550 confraternitatibus,
1809 513 1918 545 cuius-

1164 574 1303 606 cumque
1339 563 1500 607 qualitatis
1537 570 1566 596 et
1600 565 1638 597 ad
1677 575 1918 608 quemcumque

1164 627 1269 653 11511111,
1281 617 1376 649 etiam
1394 617 1551 650 laicorum
1569 622 1598 649 et
1616 617 1820 657 clericorum,
1832 618 1919 651 insti-

1163 669 1249 705 tutis,
1271 674 1300 702 et
1321 669 1540 712 singularibus
1561 670 1719 713 personis,
1734 671 1829 703 etiam
1850 671 1919 714 ple-

1163 723 1278 761 narias,
1301 723 1332 754 in
1350 723 1423 763 vitaj,
1439 734 1475 756 ac
1496 734 1719 766 quascumque
1740 724 1917 763 facultates,

1163 775 1494 818 ‹piibusvispersonisj,
1504 776 1740 819 cuiuscumque
1749 776 1919 819 dignitatis,

1163 828 1258 861 etiam
1287 828 1504 862 cardinalatus
1530 830 1654 862 honore
1683 835 1738 861 aut
1761 830 1919 872 legatione

1164 881 1370 923 fungentibus
1389 908 1395 919 ,
1419 893 1517 926 super
1537 882 1721 926 praemissis
1741 882 1789 914 vel
1809 882 1918 926 aliquo

1163 934 1414 977 praemissorum
1432 940 1562 967 eatenus
1576 946 1745 968 concessas
1760 936 1917 978 (praeter-

1163 998 1259 1030 quam
1284 987 1407 1020 ratione
1435 988 1705 1021 sustentationum
1736 999 1916 1032 pauperum

1163 1046 1192 1072 et
1212 1040 1445 1073 miserabilium
1470 1052 1682 1083 personarum
1701 1041 1732 1073 in
1749 1041 1918 1074 Parisiensi

1162 1099 1191 1126 et
1207 1094 1313 1127 Sancti
1334 1095 1439 1127 laeobi
1460 1094 1497 1127 de
1518 1094 1630 1127 Galitia
1651 1106 1688 1128 ac
1703 1096 1918 1138 Portugalliae

1161 1146 1251 1189 regni
1263 1148 1475 1191 hospitalibus
1487 1148 1682 1190 degentium,
1695 1159 1789 1192 quas,
1810 1148 1917 1191 quoad

1163 1199 1291 1232 illorum
1323 1211 1431 1240 usum,
1463 1201 1495 1232 111
1531 1200 1715 1244 provinciis,
1742 1201 1774 1233 in
1799 1201 1917 1244 quibus

1161 1252 1243 1285 dicta
1260 1253 1430 1295 hospitalia
1441 1253 1616 1296 respective
1631 1253 1784 1293 suasum,
1800 1264 1916 1287 secun-

1161 1306 1238 1337 dum
1259 1305 1475 1338 Cancellariae
1498 1312 1624 1339 nostrae
1647 1317 1781 1346 morem,
1805 1306 1916 1339 termi-

1160 1359 1441 1396 113111115,1;·111011111
1454 1359 1615 1402 aliquibus
1627 1360 1697 1392 aliis
1710 1359 1787 1392 locis
1798 1359 1915 1392 durare

1159 1412 1314 1452 voluerat,
1327 1423 1363 1445 ac
1380 1412 1590 1455 expeditionis
1606 1418 1717 1445 contra
1729 1413 1874 1446 infideles
1886 1419 1916 1446 et

1161 1464 1341 1497 haereticos
1363 1466 1554 1508 concessas),
1578 1465 1673 1499 etiam
1693 1477 1915 1510 quascumque

1159 1518 1321 1551 clausulas
1342 1519 1590 1562 praeservatixas
1609 1520 1761 1553 adversus
1785 1531 1915 1553 revoca-

1158 1571 1262 1604 tiones
1286 1576 1317 1604 ct
1341 1572 1569 1615 suspensiones
1603 1573 1790 1606 earumdem
1816 1573 1848 1606 in
1882 1584 1914 1606 se

1158 1624 1370 1665 continentes,
1393 1626 1523 1669 quando
1540 1632 1569 1659 et
1585 1626 1711 1670 quoties
1727 1631 1756 1659 et
1773 1627 1812 1659 ad
1827 1627 1914 1670 quod

1158 1683 1285 1721 tempus
1311 1679 1430 1712 nuncio
1455 1685 1484 1712 et
1516 1680 1738 1713 commissario
1771 1680 1913 1724 praefato

1156 1732 1203 1764 vel
1235 1731 1428 1775 deputandis
1462 1738 1492 1766 et
1526 1733 1773 1776 subdelegaudis
1804 1734 1843 1766 ab
1876 1744 1913 1766 eo

1155 1783 1317 1817 videretur
1337 1790 1572 1829 opportunum,
1602 1787 1813 1830 suspendere,
1833 1797 1913 1831 quas

1156 1848 1268 1870 omues
1288 1845 1315 1871 et
1337 1839 1479 1882 singulas
1498 1839 1582 1872 idem
1612 1840 1841 1883 praedeeessor
1873 1841 1912 1873 ad

1156 1890 1205 1922 sui
1224 1891 1463 1935 heneplacitum
1484 1893 1706 1936 suspenderat,
1738 1892 1912 1936 prohibens

1156 1950 1304 1986 quaestas
1331 1956 1553 1990 quascumque
1581 1946 1710 1979 illarum
1743 1946 1911 1979 occasione

1156 1996 1227 2029 fieri
1247 1998 1366 2031 solitas.

1200 2051 1214 2093 ξ
1235 2051 1287 2084 13.
1311 2052 1347 2084 Et
1368 2058 1402 2085 111
1427 2052 1608 2085 animarum
1637 2054 1722 2085 salus
1747 2064 1784 2086 eo
1804 2054 1912 2097 potius

1156 2109 1389 2146 procuraretur
1409 2116 1473 2148 quo
1490 2105 1590 2148 magis
1611 2105 1749 2138 aliorum
1776 2107 1911 2149 egebant

1157 2157 1337 2200 suffragiis,
1374 2158 1543 2191 animabus
1571 2158 1603 2191 111
1630 2159 1818 2202 purgatorio
1845 2159 1910 2192 exi-

1156 2211 1323 2251 stentibus,
1346 2222 1427 2255 quae
1444 2222 1502 2255 per
1522 2212 1687 2245 caritatem
1703 2213 1742 2245 ab
1758 2213 1818 2246 hae
1837 2213 1910 2246 luce

1156 2262 1279 2297 Christo
1301 2265 1408 2297 unitae
1428 2265 1642 2303 decesserant,
1661 2271 1691 2299 et
1715 2277 1810 2310 quae,
1833 2267 1909 2299 dum

1156 2317 1313 2357 virerent,
1345 2318 1403 2350 sibi
1439 2323 1471 2350 ut
1500 2318 1686 2352 huiusmodi
1713 2319 1910 2363 indulgentia

1156 2370 1388 2414 suffragaretur
1409 2377 1605 2411 meruerant,
1629 2383 1819 2405 succurrere
1857 2383 1912 2406 cu-

1157 2422 1258 2466 piens,
1287 2425 1429 2457 voluerat
1451 2430 1480 2457 et
1510 2431 1711 2458 concesserat
1737 2430 1783 2465 ut,
1805 2425 1831 2458 si
1855 2425 1910 2469 qui

1158 2482 1323 2519 parentes,
1346 2478 1440 2510 amici
1470 2484 1522 2511 aut
1553 2479 1650 2512 ceteri
1672 2478 1909 2518 christifideles,

1156 2524 1271 2567 pietate
1300 2527 1463 2562 commoti,
1486 2537 1545 2570 pro
1580 2527 1655 2570 ipsis
1683 2527 1853 2560 animabus
1876 2527 1909 2560 in

1156 2574 1357 2616 purgatorie.
1378 2586 1435 2617 pro
1455 2576 1634 2618 expiatione
1651 2587 1830 2620 poenarum
1851 2575 1908 2608 eis-

1155 2622 1227 2654 dem
1254 2624 1432 2655 secundum
1454 2624 1592 2657 divinam
1613 2625 1765 2659 iustitiam
1787 2624 1908 2658 debita-

1935 246 1985 272 Α11.
2003 244 2030 272 C.
2051 244 2118 272 ¹5th

1941 2067 1961 2087 Et
1980 2066 2110 2088 111-«1111111111

1929 2098 1944 2118 11
1971 2099 2055 2119 easdem
2079 2100 2113 2119 iu-

1927 2129 2045 2153 dulgentias
2068 2130 2112 2149 aui-

1927 2160 1998 2179 matius
2016 2160 2112 2180 existen-

1928 2191 1948 2210 tt:
1959 2196 1982 2210 us
1997 2192 2018 2210 in
2033 2196 2111 2217 purga-

1927 2222 1981 2242 torio
2002 2221 2111 2247 suffragari

1927 2253 2029 2273 deci-evit.
