2227 3001
198 264 247 296 An.
265 264 293 294 C.
314 265 378 296 1δῖιῇ

218 1129 247 1150 lta
276 1133 294 1149 ct
331 1136 370 1150 nnn

190 1162 242 1181 ntin-
286 1170 299 1181 ii
323 1170 338 1182 tt
358 1170 364 1182 r

191 1193 259 1212 debet.

232 1717 369 1739 [herulorum

188 1751 302 1777 deputatia.

216 2474 274 2496 Cutil!
282 2483 299 2495 „i
307 2475 372 2495 ieram

190 2507 305 2532 derogatio.

393 322 612 356 saecularibus
628 329 655 357 et
672 323 858 368 quorumvis
878 324 1028 357 ordinum
1045 335 1141 366 regu-

393 377 524 415 laribus,
533 383 709 420 utcumque
721 376 1140 421 qualificatis,successores,

393 431 446 463 illa
456 431 486 463 in
497 431 637 471 titulum,
652 431 888 469 commendam,
898 431 1142 465 administratio-

393 495 465 517 nem
482 490 511 517 et
527 485 604 517 alias
613 485 922 528 quomodolibetpro
933 491 1077 529 tempore
1087 487 1142 519 ob-

393 538 539 577 tinentes,
558 537 651 570 etiam
669 538 693 569 si
714 538 753 570 ad
769 538 834 577 illa,
851 538 958 581 vigore
968 538 1084 582 prioris
1100 539 1140 571 ti-

392 591 461 632 tuli,
480 591 529 624 ius
545 591 745 634 regrediendi
762 603 818 624 seu
834 592 1007 625 accedendi
1026 593 1074 625 vel
1096 593 1142 625 in-

391 645 555 687 grediendi
584 654 772 677 concessum
794 645 910 685 suerit,
933 650 1090 688 spectasse
1111 652 1137 678 et

390 702 551 740 spectare,
574 697 880 741 illaque,tamquam
901 699 939 731 ad
960 699 1060 742 ipsam
1081 700 1139 733 Ca-

390 761 512 783 meram
534 751 720 794 spectantia,
740 757 897 794 perpetuo
919 752 1025 795 colligi
1042 758 1072 786 et
1092 765 1140 787 re-

389 804 537 847 cuperari
559 804 700 848 potuisse
720 810 749 838 et
771 817 875 850 posse,
893 812 988 850 atque
1009 807 1137 845 debere,

388 868 424 890 ac
446 857 500 897 ita,
523 863 555 890 ut
579 860 770 901 praefertur,
793 860 982 893 eorumdem
1004 861 1138 904 praede-

389 921 553 944 cessorum
566 917 595 944 et,
606 918 747 945 nostram
764 913 972 947 intentionem
985 920 1013 947 et
1025 915 1138 948 volun-

388 969 484 997 tatem
505 976 632 1009 semper
651 966 746 999 fuisse
781 966 877 999 fidem
897 967 1033 1001 facimus
1049 973 1079 1001 et
1096 974 1140 1001 at-

390 1022 543 1051 testamur
562 1030 620 1062 per
640 1025 833 1063 praesentes.

432 1071 446 1114 ξ
466 1071 496 1105 3.
520 1072 733 1105 Decernentes
753 1073 797 1106 sic
825 1078 856 1106 et
881 1085 945 1107 non
971 1075 1063 1108 aliter
1082 1087 1140 1119 per

388 1135 629 1168 quoscumque,
653 1130 715 1158 tam
741 1126 901 1160 ordinaria
926 1139 1022 1171 quam
1051 1129 1138 1161 dele-

343 1170 459 1219 1‘'gata
487 1184 516 1211 et
542 1178 637 1211 mixta
664 1180 852 1213 auctoritate
878 1181 1064 1223 fungentes,
1088 1182 1137 1215 iu-

389 1230 476 1264 dices
496 1238 523 1264 et
546 1243 714 1275 personas,
733 1233 865 1276 ubique,
884 1234 915 1265 in
933 1246 1138 1279 quacumque

389 1285 546 1322 instantia,
555 1286 701 1326 iudicari,
715 1286 732 1318 d
739 1287 841 1319 etiniri
852 1292 882 1319 et
893 1287 994 1320 decidi
1007 1288 1135 1329 debere,

388 1338 511 1371 sublata
528 1339 572 1372 eis
587 1344 617 1372 et
633 1349 745 1372 eorum
768 1340 900 1372 cuilibet
919 1341 1028 1383 quavis
1047 1342 1139 1374 aliter

390 1389 570 1431 iudicandi,
594 1392 824 1436 interpretandi
847 1403 882 1425 ac
903 1393 1069 1426 decidendi
1093 1394 1137 1427 sa—

389 1444 518 1480 eultate:
536 1455 662 1477 necnon
679 1445 805 1477 irritum
824 1450 851 1478 et
870 1446 964 1478 inane
980 1447 1135 1490 qnithuid

388 1508 480 1531 secus
496 1509 593 1542 super
608 1498 656 1531 liis
672 1510 689 1531 a
705 1510 880 1543 quoquam,
900 1499 1009 1542 quavis
1029 1506 1138 1533 aueto—

388 1552 498 1590 ritate,
521 1552 660 1585 scienter
678 1553 725 1585 vel
746 1553 946 1596 ignoranter,
971 1554 1134 1597 contigerit

387 1606 544 1638 attentari.

431 1659 445 1701 ξ
465 1659 495 1692 4.
519 1659 676 1698 Quocirca
698 1660 813 1694 dilecto
835 1661 900 1693 silio
922 1661 1059 1694 Guidoni
1080 1662 1135 1695 As-

387 1713 479 1746 canio
506 1714 652 1754 Sfortiae,
680 1715 786 1747 Sancti
815 1715 976 1748 Eustachii
1001 1717 1159 1749 diacono·

387 1768 558 1808 cardinali,
582 1769 759 1801 camerario
786 1775 913 1808 nostro,
943 1769 1076 1813 eiusque
1106 1771 1135 1802 in

387 1821 616 1855 camerariatus
643 1822 747 1855 ot‘l‘icio
769 1823 1024 1861 successoribus,
1048 1835 1136 1856 com-

388 1875 543 1909 mittimus
583 1881 612 1909 et
647 1877 837 1909 mandamus
871 1882 1030 1920 quatenus
1064 1889 1136 1910 exa—

387 1929 484 1962 ctioni
505 1936 535 1963 et
558 1930 794 1973 recuperationi
820 1930 997 1974 spoliorum
1024 1932 1136 1964 liuius-

386 1983 471 2016 modi
493 1984 692 2021 incumbant,
711 1990 738 2017 et
757 1984 809 2017 illa
826 1986 864 2017 ad
875 1985 1041 2018 Cameram
1058 1987 1137 2029 Apo-

387 2037 529 2069 stolicam
551 2038 728 2080 pervenire,
752 2048 788 2070 ae
810 2038 986 2081 praemissa
1007 2038 1046 2070 ab
1066 2049 1136 2071 om-

387 2090 481 2123 nibus
501 2091 726 2124 inviolabiliter
745 2092 906 2124 observari
926 2092 1054 2133 saciant,
1078 2103 1137 2125 nec

387 2144 572 2185 permittant
586 2144 750 2177 Cameram
775 2145 874 2188 ipsam
893 2146 941 2178 vel
961 2145 1030 2178 eius
1046 2157 1138 2188 agen-

388 2201 433 2228 tes
453 2197 592 2241 desuper
617 2199 712 2231 modo
740 2199 846 2242 aliquo
873 2199 1054 2239 molestari,
1078 2199 1137 2231 im-

388 2249 489 2292 pediri
509 2251 556 2283 rel
577 2251 766 2294 inquietari,
801 2253 1053 2285 contradictores
1077 2258 1134 2286 etc.

388 2304 633 2347 compescendo⁷
657 2305 800 2337 invocato
822 2305 917 2338 etiam
942 2306 980 2338 ad
1009 2306 1090 2344 hoc,
1113 2306 1136 2338 si

389 2367 471 2401 opus
491 2358 602 2397 fuerit,
625 2358 741 2391 auxilio
762 2359 885 2391 brachii
907 2360 1091 2393 saecularis.

433 2409 447 2453 ξ
467 2411 497 2444 5.
516 2411 584 2444 Non
605 2411 805 2444 obstantibus
822 2413 1005 2456 praemissis
1021 2418 1051 2445 et
1066 2413 1138 2457 qui-

388 2465 494 2498 busvis
513 2465 715 2509 apostolicis,
733 2477 769 2498 ac
790 2466 821 2498 in
842 2467 1090 2509 provincialibus
1110 2473 1137 2500 et

389 2515 593 2559 synodalibus
630 2514 774 2547 conciliis
805 2515 907 2555 editis,
935 2516 1139 2559 generalibus

389 2564 437 2596 vel
456 2563 649 2607 specialibus
668 2563 948 2596 constitutionilms
964 2570 994 2597 et
1009 2564 1138 2597 ordina—

389 2612 548 2653 tionibus,
579 2623 705 2645 necnon
733 2623 1014 2656 quarumeumque
1035 2614 1138 2646 eccle—

390 2660 509 2695 siarum
522 2666 551 2695 et
567 2660 848 2701 monasteriorum,
867 2661 962 2694 etiam
978 2662 1140 2694 iuramen-

988 271 1163 294 sst'LLARn'M
1189 272 1336 296 nonANt'M

1182 331 1234 364 to,
1266 326 1510 360 confirmatione
1538 327 1713 371 apostolica
1745 327 1793 362 vel
1823 328 1933 372 quavis

1183 375 1332 408 firmitate
1348 375 1409 408 alia
1424 376 1592 416 roboratis,
1607 378 1730 412 statutis
1744 383 1774 411 et
1794 389 1931 412 consue-

1183 424 1365 464 tudinibus,
1388 424 1558 468 privilegiis
1578 437 1719 470 quoque,
1747 427 1878 460 indultis
1903 433 1933 460 et

1183 473 1283 506 literis
1293 473 1476 517 apostolicis
1496 476 1738 516 quomodolibet
1757 476 1930 517 concessis,

1182 523 1380 555 confirmatis
1404 528 1431 556 et
1461 523 1634 565 innovatis,
1653 525 1782 568 quibus,
1800 526 1932 559 illorum

1181 576 1309 605 tenores
1342 572 1576 615 praesentibus,
1599 584 1635 606 ac
1664 574 1689 606 si
1715 575 1753 607 de
1773 575 1869 608 verbo
1893 576 1933 608 ad

1181 621 1313 653 verbum
1335 621 1565 661 insererentur,
1588 633 1646 665 pro
1664 623 1860 657 sufficienter
1879 635 1932 657 ex-

1182 670 1299 713 pressis
1324 670 1490 711 habentes,
1508 671 1567 703 hac
1588 670 1653 703 vice
1678 671 1851 713 dumtaxat,
1870 673 1933 706 illis

1181 720 1258 753 alias
1278 720 1309 753 in
1339 732 1397 753 suo
1418 720 1534 753 robore
1556 721 1786 764 permansuris,
1809 722 1932 766 specia-

1182 768 1253 801 liter
1277 775 1305 801 et
1334 780 1481 812 expresse
1512 769 1725 811 derogamus,
1753 772 1931 815 ceterisque

1182 817 1349 850 contrariis
1364 818 1637 861 quibuscumque,
1655 824 1707 851 aut
1720 818 1744 852 si
1756 820 1929 864 aliquibus,

1181 867 1398 900 communiter
1416 868 1463 900 vel
1484 868 1619 907 divisim,
1642 868 1680 900 ab
1698 869 1879 912 Apostolica
1894 870 1933 902 sit

1181 916 1261 949 Sede
1291 916 1451 949 indultum
1477 917 1563 960 qnod
1590 917 1752 958 interdici,
1781 919 1932 963 suspendi

1180 966 1226 998 vel
1248 965 1521 999 excommunicari
1543 977 1607 999 non
1629 967 1750 1010 possint
1778 979 1837 1012 per
1861 968 1932 1002 lite-

1181 1025 1231 1046 ras
1256 1015 1448 1058 apostolicas
1478 1026 1542 1048 non
1570 1015 1721 1049 facientes
1748 1017 1876 1060 plenam
1902 1023 1933 1051 et

1180 1074 1362 1107 expressam
1383 1075 1419 1097 ac.
1439 1065 1477 1097 de
1497 1065 1593 1097 verbo
1609 1065 1648 1097 ad
1668 1065 1801 1098 verbum
1826 1066 1865 1100 de
1880 1066 1931 1099 in-

1180 1112 1270 1145 dulto
1291 1113 1477 1146 huiusmodi
1498 1114 1708 1146 mentionem.

1224 1162 1238 1204 ξ
1258 1161 1287 1195 6.
1311 1162 1467 1194 Volumus
1483 1167 1590 1195 autem
1603 1163 1689 1206 quod
1702 1168 1885 1206 praesentes
1896 1165 1933 1197 li-

1180 1216 1265 1242 terae
1287 1211 1319 1242 in
1340 1211 1536 1243 Cancellaria
1551 1211 1733 1255 Apostolica
1749 1217 1780 1245 et
1799 1212 1931 1246 Camera

1181 1259 1342 1302 praedicta
1359 1260 1617 1303 publicanda-‚et
1632 1260 1714 1293 inter
1729 1261 1930 1295 constitutio-

1179 1318 1235 1340 nes
1257 1314 1505 1351 extravagante&
1529 1309 1567 1341 ad
1589 1314 1778 1353 perpetuam
1799 1310 1846 1343 rei
1866 1321 1931 1343 me-

1180 1357 1315 1390 moriam
1344 1358 1514 1398 valiturae,
1545 1359 1801 1391 conscribantur.
1846 1359 1931 1392 Nulli

1179 1416 1255 1447 ereo
1276 1411 1331 1439 etc.

1157 1445 1160 1481 Ι
1222 1455 1336 1488 Datum
1364 1456 1483 1489 Romae
1505 1456 1590 1500 apud
1617 1457 1646 1489 S.
1670 1457 1819 1498 Petrum,
1847 1468 1930 1491 anno

1178 1503 1408 1537 Incarnationis
1434 1506 1614 1538 dominicae
1640 1506 1810 1539 millesimo
1835 1507 1930 1550 quin-

1178 1553 1355 1595 gentesimo
1381 1554 1627 1597 quadragesimo
1651 1556 1810 1595 secundo,
1837 1556 1930 1588 tertio

1180 1612 1279 1635 nonas
1288 1602 1436 1639 ianuarii,
1447 1603 1651 1646 pontificatus
1660 1603 1760 1636 nostri
1770 1614 1852 1637 anno
1862 1614 1928 1638 vm.

1223 1652 1314 1684 Anno
1330 1662 1347 1683 a
1360 1651 1518 1685 nativitate
1533 1653 1659 1685 Domini
1675 1663 1796 1694 MDXLH,
1810 1654 1860 1687 die
1872 1654 1931 1687 Lu-

1158 1711 1160 1723 ³
1179 1711 1249 1739 nae,
1264 1700 1414 1743 vigesima
1432 1701 1546 1741 martii,
1567 1708 1750 1744 praesentes
1769 1704 1933 1737 retroscri-

1180 1755 1250 1793 ptae
1268 1750 1377 1782 literae
1398 1751 1497 1783 lectae
1510 1756 1540 1783 et
1555 1751 1736 1794 publicatae
1753 1752 1885 1786 suerunt
1899 1753 1931 1785 in

1180 1800 1273 1842 plena
1306 1799 1438 1832 Camera
1458 1800 1652 1844 Apostoliea,
1676 1806 1706 1834 et
1739 1812 1775 1834 ex
1804 1808 1931 1836 maturo

1179 1848 1278 1892 ipsius
1298 1849 1427 1881 decreto
1448 1849 1632 1892 registratae
1658 1850 1689 1882 in
1710 1849 1792 1884 libro
1813 1851 1852 1884 de
1873 1862 1930 1885 cu-

1180 1897 1225 1929 ria
1245 1902 1302 1930 etc.
1527 1906 1533 1907 ’

1222 1947 1315 1979 Lecta
1344 1951 1374 1979 et
1405 1946 1567 1990 publicata
1596 1947 1652 1980 suit
1679 1947 1710 1979 in
1736 1947 1932 1981 Cancellaria

1179 1996 1358 2039 Apostoliea
1387 1996 1436 2029 die
1464 2007 1537 2029 xxm
1566 1996 1671 2029 martii
1691 2006 1816 2038 Mnxm,
1847 2008 1931 2030 anno

1179 2044 1384 2087 pontificatus
1404 2045 1525 2077 domini
1554 2045 1652 2078 nostri
1674 2056 1738 2078 vm.

1207 2097 1267 2127 [lat.
1284 2098 1330 2127 die
1347 2099 1364 2127 3
1385 2099 1509 2128 ianuarii
1529 2099 1613 2135 1542,
1633 2099 1735 2138 pontif.
1752 2109 1828 2129 anno
1840 2109 1901 2130 vm.

1222 2257 1455 2301 IteqttiSz'lorum
1479 2258 1657 2291 haereticae
1673 2259 1851 2301 pravitatis
1878 2259 1930 2301 fa-

1179 2308 1280 2339 cultas
1308 2308 1501 2350 procedendi
1525 2312 1637 2341 contra
1670 2319 1796 2349 omnes,
1832 2309 1931 2342 etiam

1180 2358 1354 2400 rafstidai-es,
1388 2359 1613 2400 przmllcmztcs
1633 2363 1689 2391 aut
1718 2364 1932 2402 proponentes

1181 2407 1382 2440 scamlalosas
1387 2409 1630 2450 propositiones,
1640 2413 1697 2441 eta
1704 2409 1766 2451 fide
1774 2409 1933 2443 catholica

1180 2456 1405 2499 discrepantes.

1247 2514 1346 2541 Paulus
1366 2515 1508 2550 episcopus
1530 2522 1624 2544 servus
1643 2523 1784 2545 servorum
1807 2516 1869 2550 Dei.

1336 2565 1370 2591 acl
1390 2564 1514 2592 futuram
1541 2566 1583 2593 rei
1605 2566 1773 2594 memoriam.

1223 2613 1256 2645 In
1277 2613 1442 2656 apostolici
1463 2614 1613 2647 culminis
1638 2616 1785 2658 specula,
1808 2615 1929 2648 divinae

1179 2661 1298 2703 gratiae
1308 2672 1454 2703 munere,
1477 2663 1634 2704 collocati,
1653 2665 1731 2697 nihil
1748 2665 1848 2709 magis
1862 2675 1930 2698 esse

1952 272 1998 300 An.
2018 274 2046 301 C.
2065 274 2131 302 ¹502

1968 1179 2036 1201 Iussio
2059 1180 2131 1208 publi-

1947 1213 2016 1232 cundi.

1968 1471 2102 1499 Rogistmuo.

1979 1960 2102 1981 Publia-tio.

1977 2623 2096 2646 Exordium.
