2227 3001
51 281 98 308 Αη,
118 283 144 309 C.
167 283 226 309 t551

67 1628 152 1650 ioannis
169 1628 226 1653 regis

40 1661 150 1688 praeclara
163 1661 227 1685 gesta

40 1690 137 1712 inantea
147 1694 168 1711 et
179 1690 225 1710 aliia

41 1721 161 1744 orientalib.
175 1728 224 1748 pai·-

40 1753 95 1774 tibus
116 1759 153 1780 pto
176 1753 226 1774 reli-

42 1785 104 1810 gione
128 1785 225 1806 christia-

41 1822 66 1837 ηε
85 1815 196 1837 dilatanda.

33 1867 44 1882 0

55 2534 133 2557 nomm
149 2536 224 2557 intuitu

43 2567 161 2594 praedictus
189 2573 224 2589 rex

42 2601 156 2626 perpetuus
166 2598 225 2620 Ordi<

42 2629 75 2650 nis
109 2629 225 2651 Avtsiensis

44 2660 180 2681 nemineum.
197 2662 226 2682 in-

43 2691 142 2715 ntttuitur.

898 278 999 301 ttlLttsss

246 333 399 372 defuncti,
417 342 473 365 seu
488 332 566 364 alias
582 336 669 364 certo
686 332 780 364 modo
798 332 993 371 vacantibus,

245 398 313 427 nos,
330 386 568 420 considerantes
588 385 791 429 magistratus
818 385 997 429 praedictos

244 440 366 473 diversa
387 444 501 479 castra,
524 444 637 480 terras,
656 440 758 480 villas,
774 440 842 471 loca
856 444 886 471 ct
896 450 995 479 arces,

243 493 288 526 eis
306 504 323 526 a
344 493 448 526 clarae
469 493 644 525 memoriae
668 493 881 535 Portugalliac
912 493 995 533 reni-

244 548 302 580 bus
322 553 353 580 et
372 546 442 579 aliis
462 546 682 580 saecularibus
705 547 850 590 personis
870 552 904 579 ut
928 548 996 591 plu-

244 600 361 633 rimum
378 600 506 639 donata,
520 599 551 632 in
563 600 681 644 quibus
692 600 895 642 magistratus
912 600 996 644 ipsos

243 665 301 698 pro
339 659 483 698 tempore
523 654 703 687 obtinentes
742 655 994 687 iurisdictionem

243 712 403 747 exercent,
416 712 444 740 et
455 707 599 751 plurium
617 708 913 751 praeceptoriarum
926 708 996 751 pin-

242 761 403 806 guissimis
429 760 608 794 redditibus
636 761 817 793 dotatarum
853 761 996 793 collatio-

241 825 316 848 nem
335 815 467 848 habere:
498 819 527 847 et
551 820 737 858 propterea,
764 820 827 847 tam
857 825 914 858 pro
945 815 994 847 iu-

242 867 324 901 stitia
334 867 365 900 in
383 867 506 908 castris,
518 867 610 907 villis,
623 867 716 900 terris
731 872 758 900 et
776 867 853 900 locis
874 867 993 900 eisdem

240 921 381 966 perfecte
401 920 672 961 administranda,
700 932 735 953 ac
756 920 884 954 arcibus
906 932 994 964 prae-

240 974 342 1015 dictis,
353 974 391 1007 ad
408 985 508 1017 regna
528 973 692 1018 praedicta
711 974 750 1006 ab
766 973 950 1008 infidelibus
965 979 996 1008 et

240 1038 466 1071 perversorum
487 1027 655 1061 conatibus
675 1027 933 1068 defendendum,
958 1039 993 1061 ac

240 1082 272 1115 in
291 1082 379 1126 pacis
395 1081 565 1115 dulcedine
582 1081 849 1122 conservandum,
862 1081 996 1125 diligen-

239 1141 287 1169 ter
307 1141 337 1170 et
353 1135 490 1169 fideliter
505 1134 734 1174 custodiendis;
756 1145 882 1168 necnon
900 1147 994 1180 prae-

241 1190 393 1234 ceptoriis
412 1189 489 1234 ipsis
509 1189 655 1234 personis
670 1188 888 1229 benemeritis,
906 1200 995 1233 prae-

242 1242 351 1277 sertim
381 1248 493 1276 contra
527 1242 691 1275 christiani
720 1242 860 1275 nominis
888 1243 996 1276 hostes

241 1296 480 1336 dimicantibus,
501 1295 679 1339 plurimum
706 1295 855 1340 expedire
878 1301 912 1329 ut
932 1307 996 1329 ma-

240 1349 390 1393 gistratus
409 1349 563 1394 praedicti
585 1360 740 1393 personae
766 1349 895 1392 regibus
920 1350 996 1395 ipsis
1016 1368 1017 1376 κ

241 1409 272 1437 et
291 1404 422 1437 illorum
443 1403 556 1436 incolis
575 1408 683 1446 gratae
699 1408 730 1435 et
753 1409 915 1447 acceptae,
939 1415 996 1448 per

241 1468 352 1502 quarn,
371 1457 491 1491 nedum
508 1457 540 1490 in
561 1457 687 1490 iuribus
707 1457 772 1490 suis
799 1458 992 1499 conservari,

239 1522 350 1545 verum
371 1512 464 1544 etiam
487 1511 639 1555 adaugeri
655 1516 795 1555 possent,
814 1512 994 1545 committe-

241 1571 366 1606 rentur,
385 1576 422 1598 ac
455 1570 620 1609 sperantes
634 1565 719 1609 quod
739 1565 842 1598 dictus
861 1565 995 1599 loannes
1015 1582 1017 1593 v

241 1629 314 1658 rex,
345 1619 399 1663 qui
427 1618 566 1652 iustitiae
596 1620 714 1652 zelator
744 1623 774 1651 et
799 1619 995 1653 orthodoxae

241 1671 315 1705 fidei
334 1672 513 1706 acerrimus
532 1673 681 1706 defensor
700 1678 832 1706 eatenus
848 1673 950 1706 suerat
966 1679 996 1707 ct

240 1731 317 1759 tunc
338 1726 505 1767 existebat,
529 1738 565 1760 ac
586 1726 750 1760 christiani
771 1726 910 1760 nominis
935 1727 994 1761 ho-

241 1784 314 1821 stes,
337 1784 400 1813 tam
421 1780 453 1813 in
474 1780 578 1813 At'rica
596 1791 691 1824 quam
721 1780 754 1813 in
775 1780 918 1823 partibus
944 1781 994 1813 In-

240 1833 309 1866 diae
321 1833 489 1867 Orientalis
498 1839 527 1866 et
537 1834 705 1880 Edriopiae,
718 1834 879 1867 continuis
889 1834 992 1875 bellis,

240 1897 314 1920 cum
325 1887 582 1920 intolerabilibus
593 1887 748 1931 expensis,
760 1887 916 1920 lacessere
931 1899 994 1921 non

242 1939 418 1980 desinebat,
432 1946 461 1973 et
476 1940 598 1973 incolas
614 1940 691 1973 inibi
704 1947 941 1975 commorantes
955 1942 994 1974 ad

239 1994 446 2028 veriluminis
461 1994 675 2037 cognitionem
688 1995 843 2028 reducere
859 2007 993 2039 magno-

239 2059 315 2092 pere
343 2049 509 2089 studebat,
540 2048 743 2092 magistratus
764 2049 868 2093 ipsOS,
899 2056 992 2094 prout

241 2102 387 2136 militiam
402 2104 473 2136 Iesu
489 2103 616 2143 Christi,
627 2103 844 2136 Cisterciensis
853 2103 991 2142 Ordinis,

240 2156 332 2190 cuius
348 2157 431 2190 idem
449 2157 583 2191 Ioannes
594 2168 648 2190 rex
669 2157 908 2190 administrator
923 2169 994 2202 per-

240 2216 356 2254 petuus
377 2222 434 2255 per
458 2211 571 2245 Sedem
598 2211 794 2256 praedictam
824 2211 994 2255 deputatus

240 2264 403 2303 existebat,
427 2270 558 2299 eatenus
578 2265 782 2299 laudabiliter
801 2271 829 2298 et
851 2266 993 2309 pruden-

239 2323 288 2352 ter
312 2324 448 2359 rexerat,
471 2319 606 2353 feliciter
622 2325 653 2353 et
681 2320 854 2363 tranquille
875 2321 993 2363 guber—

240 2377 331 2406 narat
348 2400 355 2413 ,
386 2373 449 2406 illis
478 2378 583 2417 posset
607 2384 675 2407 esse
703 2373 790 2407 utilis
814 2374 992 2417 plurimum

240 2431 269 2458 et
290 2426 383 2459 etiam
406 2427 602 2459 fructuosus.

285 2480 299 2524 ἓ
318 2478 349 2512 3.
373 2479 415 2512 Ac
436 2481 578 2513 volentes
603 2479 705 2513 eidem
728 2480 837 2513 Ioanni
860 2481 937 2523 regi,
961 2486 995 2513 ut

241 2539 454 2572 expensarum
475 2539 583 2569 onera,
594 2539 676 2572 quae
692 2529 724 2561 in
740 2529 887 2572 gerendis
903 2529 995 2563 bellis

242 2577 413 2623 praedictis
433 2578 540 2611 subire
562 2579 745 2616 tenebatur,
775 2579 901 2612 facilius
924 2590 994 2623 per-

241 2629 325 2661 t'erre
345 2628 475 2668 valeret,
493 2628 531 2661 de
548 2628 683 2662 alicuius
705 2629 920 2662 subventionis
940 2640 995 2662 au-

241 2677 316 2710 xilio
350 2678 536 2722 providere,
569 2683 655 2711 motu
678 2678 822 2722 proprio,
845 2679 994 2712 eumdem

1024 278 1056 301 m
1084 278 1129 300 rr.
1683 266 1744 298 447

1039 331 1189 363 loannem
1201 340 1319 372 regem,
1336 329 1442 372 quoad
1454 328 1580 368 vireret,
1592 327 1792 361 administra-

1039 389 1141 415 torem
1163 388 1356 427 perpetuum
1378 386 1408 414 et
1428 381 1670 414 irrevocabilem
1691 381 1790 425 magi-

1039 442 1198 469 stratuum
1230 436 1417 469 militiarum
1439 435 1545 469 Sancti
1573 435 1678 468 Iacobi
1704 441 1731 469 et
1754 436 1793 469 de

1039 490 1108 523 Aris
1123 490 1322 525 huiusmodi,
1343 489 1539 533 uiriumque,
1556 500 1664 521 rerum
1678 494 1707 521 et
1719 500 1792 534 per-

1040 544 1246 577 tinentiarum
1267 555 1400 576 suarum
1421 543 1566 575 omnium
1580 569 1587 582 ,
1610 542 1704 575 etiam
1729 553 1791 576 una

1039 608 1112 629 rum
1134 598 1321 640 magistratu
1338 597 1469 629 militiae
1486 597 1554 629 Iesu
1571 596 1699 637 Christi,
1718 608 1791 630 cum

1040 652 1132 694 plena
1162 656 1189 682 et
1219 651 1319 683 libera
1354 651 1522 686 facultate,
1551 650 1738 684 auctoritate
1764 656 1794 684 et

1039 709 1204 747 potestate,
1224 704 1331 737 onmia
1348 710 1377 737 ct
1393 704 1531 747 singula,
1544 715 1626 747 quae
1651 704 1792 748 magistri

1039 759 1225 792 militiarum
1247 760 1277 793 S.
1298 759 1402 792 Iacobi
1413 765 1443 792 et
1459 759 1496 791 de
1508 759 1578 792 Avis
1593 759 1790 799 huiusmodi,

1037 813 1090 855 qui
1114 823 1172 856 pro
1192 819 1338 857 tempore
1360 814 1498 853 fuerant,
1522 813 1625 846 facere
1650 818 1680 846 et
1703 824 1792 847 exer-

1037 877 1109 899 cere
1131 871 1314 910 potuerant,
1337 866 1459 899 etiamsi
1481 866 1638 906 habitum,
1652 878 1711 912 per
1730 868 1792 901 fra-

1039 925 1101 951 tres
1130 920 1247 953 milites
1276 920 1434 953 dictarum
1464 920 1651 953 militiarum
1677 922 1792 964 gestari

1038 973 1182 1014 solitum,
1203 985 1369 1017 nunquam
1387 974 1577 1018 susciperet,
1595 985 1654 1008 nec
1670 976 1792 1019 profes-

1037 1027 1170 1063 sionem.
1197 1039 1254 1072 per
1279 1039 1333 1062 eos
1351 1028 1451 1061 emitti
1468 1028 1604 1069 solitam,
1621 1029 1790 1066 emitteret,

1037 1080 1173 1113 faciendi
1195 1086 1225 1113 ct
1245 1081 1425 1121 exercendi,
1457 1081 1645 1115 auctoritate
1665 1087 1792 1126 aposto-

1037 1133 1097 1166 lica
1119 1134 1347 1167 constituimus
1362 1140 1393 1167 et
1412 1134 1647 1178 deputavimus,
1667 1146 1791 1177 curam,

1038 1186 1180 1230 regimen
1189 1192 1218 1220 et
1228 1187 1537 1221 administrationem
1549 1188 1792 1232 magistratuum

1038 1240 1068 1273 S.
1090 1240 1195 1273 lacobi
1212 1245 1241 1273 et
1258 1241 1296 1273 de
1312 1241 1384 1274 Avis
1404 1251 1441 1274 ac
1466 1246 1646 1275 castrorum
1663 1248 1694 1276 et
1713 1242 1792 1277 alio—

1037 1304 1109 1326 rum
1132 1294 1372 1338 praedictorum
1395 1294 1453 1327 sibi
1476 1294 1507 1328 in
1527 1295 1748 1340 spiritualibus
1763 1303 1791 1330 et

1038 1349 1270 1392 temporalibus
1282 1348 1425 1392 plenarie
1442 1349 1685 1391 committendo,
1696 1356 1793 1395 prout

1036 1401 1069 1433 in
1104 1401 1220 1434 nostris
1248 1402 1321 1434 inde
1354 1402 1508 1436 confectis
1534 1402 1635 1436 literis
1667 1404 1793 1447 plenius

1038 1455 1234 1488 continetur.

1082 1508 1138 1551 §la
1157 1508 1236 1541 Cum
1249 1515 1355 1543 autem
1380 1511 1588 1554 postmodum
1602 1511 1686 1545 intra
1701 1524 1791 1547 men-

1039 1561 1076 1594 tis
1102 1567 1228 1595 nostrae
1258 1573 1375 1596 arcana
1403 1564 1531 1608 saepius
1563 1566 1792 1600 revolverimus

1037 1611 1327 1657 singulas'militias
1347 1617 1527 1661 praedictas
1546 1619 1584 1651 ad
1614 1619 1674 1652 hoc
1701 1620 1791 1654 insti-

1037 1673 1121 1701 tutas
1140 1668 1237 1702 fuisse
1257 1675 1292 1703 ut
1318 1676 1428 1704 contra
1454 1671 1562 1705 hostes
1591 1678 1620 1706 et.
1645 1673 1793 1709 inimicos

1037 1721 1111 1754 fidei
1131 1723 1317 1756 huiusmodi
1343 1724 1436 1757 firma
1461 1726 1618 1768 quaedam
1634 1728 1793 1771 praesidia

1037 1782 1161 1817 essent,
1191 1788 1369 1821 eorumque
1398 1779 1511 1812 fratres
1544 1785 1574 1813 et
1598 1781 1714 1815 milites
1735 1794 1793 1827 pro

1037 1835 1181 1874 tempore
1207 1831 1376 1865 existentes
1405 1832 1584 1866 infidelium
1605 1837 1793 1872 eorumdem

1038 1885 1278 1929 expugnationi,
1299 1897 1335 1919 ac
1357 1892 1516 1920 terrarum
1538 1888 1577 1921 ab
1595 1889 1640 1922 eis
1655 1901 1793 1937 occupa-

1036 1944 1141 1971 tarum
1160 1941 1398 1984 recuperationi
1419 1940 1535 1984 iugiter
1556 1950 1716 1985 vacarent,
1733 1952 1794 1980 eta

1037 1994 1187 2037 plurimis
1218 1995 1311 2028 annis
1337 1995 1437 2035 citra,
1465 2002 1562 2039 prout
1597 2002 1660 2030 tam
1686 1999 1793 2033 dilecti

1037 2047 1093 2079 tilii
1114 2048 1269 2091 Alphonsi
1289 2049 1327 2081 de
1352 2049 1549 2090 Alencastro,
1576 2054 1795 2097 praeceptoris

1037 2101 1167 2134 maioris
1197 2103 1340 2136 eiusdem
1369 2103 1501 2136 militiae
1522 2104 1591 2137 Iesu
1612 2105 1738 2148 Christi,
1764 2114 1791 2142 et

1036 2155 1136 2199 ipsius
1148 2156 1274 2189 Ioannis
1286 2157 1369 2200 regis
1385 2158 1581 2199 consobrini,
1599 2164 1627 2191 et
1640 2161 1725 2203 apud
1736 2173 1793 2196 nos

1036 2220 1070 2241 ac
1093 2210 1209 2243 dictam
1232 2211 1345 2244 Sedem
1366 2212 1515 2252 oratoris,
1538 2223 1634 2256 quam
1656 2215 1791 2249 aliarum

1036 2263 1097 2295 fide
1119 2264 1289 2307 dignarum
1310 2276 1522 2310 personarum
1543 2267 1698 2302 relatione
1719 2280 1791 2313 per-

1036 2318 1194 2361 cepimus,
1230 2320 1412 2363 praedictus
1439 2320 1574 2354 Ioannes
1594 2333 1658 2362 rex,
1686 2323 1790 2357 clarae

1036 2373 1210 2406 memoriae
1226 2374 1444 2407 Emmanuelis
1464 2375 1678 2419 Portugalliae
1695 2382 1726 2410 et
1741 2378 1791 2410 Al-

1035 2427 1221 2469 garbiorum
1244 2428 1326 2471 regis
1346 2428 1499 2472 genitoris
1526 2429 1574 2462 sui
1601 2435 1631 2462 et
1651 2430 1788 2464 afiorum

1037 2482 1321 2524 praedecessorum
1339 2493 1472 2515 suorum
1483 2483 1720 2527 praedictorum
1738 2495 1789 2518 ve-

1037 2530 1136 2572 stigiis
1156 2531 1366 2572 inhaerendo,
1381 2532 1417 2565 ad
1435 2532 1531 2565 divini
1550 2533 1689 2565 nominis
1705 2534 1790 2566 exal-

1036 2579 1201 2620 tationem,
1220 2581 1477 2625 christianaeque
1494 2581 1566 2615 tidei
1584 2582 1789 2625 propagatio-

1039 2638 1125 2666 nem,
1140 2629 1171 2661 in
1186 2629 1359 2674 eripiendis
1376 2641 1391 2663 c
1409 2630 1556 2663 inanibus
1577 2631 1720 2674 ipsorum
1744 2631 1790 2663 in-

1038 2676 1181 2711 fidelium
1199 2679 1330 2712 diversis
1346 2679 1530 2725 provinciis.
1549 2679 1642 2712 terris
1661 2684 1690 2712 et
1701 2679 1788 2715 locis.

1807 277 1853 302 Au.
1873 275 1900 301 C*
1920 273 1980 300 155¹

1822 1528 1896 1549 Vatiae
1911 1530 1994 1555 pruvin-

1808 1561 1852 1580 cine
1869 1563 1891 1580 et
1906 1560 1993 1584 amplis-

1808 1593 1873 1612 simae
1892 1597 1994 1615 regiones

1807 1621 1883 1643 Chrtsu
1901 1622 1993 1649 Evange-

1808 1654 1857 1675 liurn
1883 1652 1996 1675 Lusitano-

1809 1691 1853 1706 rum
1869 1691 1933 1712 opera
1949 1692 1994 1706 am-

1809 1717 1937 1744 plectuntur.
