2227 3001
109 251 160 293 jin.
179 266 206 292 c.
227 265 293 292 15112

123 803 203 824 Causae
233 803 293 824 huius

111 835 277 857 constitutionis.

132 1982 248 2003 Concessio
270 1981 303 2001 ta-

120 2014 204 2035 eutiaus
225 2019 303 2040 proce-

119 2047 182 2066 dendi
230 2049 304 2066 contra

120 2081 262 2104 quoscumque
273 2081 304 2096 re-

120 2108 204 2134 guimas
217 2111 238 2129 et
254 2113 305 2134 proe-

121 2141 174 2161 tates
186 2139 306 2166 privilegia-

120 2176 161 2199 tos,
177 2179 219 2193 nou
234 2175 304 2193 tamen

121 2208 241 2234 episcopos.

949 259 1067 282 PAI'Lt'S
1092 258 1124 281 ill
1150 257 1195 280 PF.

307 315 408 349 nostri
428 314 524 348 officii
557 313 719 353 duximus,
747 323 843 356 quam
878 311 989 345 sedulo
1023 322 1057 343 ac

307 369 476 412 diligenter
494 367 602 400 omnia
622 366 884 409 circumspicere,
907 377 988 409 quae
1010 377 1058 398 ca-

307 422 418 456 tholici
438 421 531 455 nohis
551 420 712 454 commissi
723 421 828 463 gregis
845 420 1007 453 custodiae
1023 430 1058 452 ac

308 474 540 510 conservationi
561 474 744 513 conferant,
767 474 919 517 illamque
940 473 971 506 in
992 474 1058 517 pri-

308 530 367 562 mis
387 540 499 563 euram
519 528 695 572 suscipere,
730 535 761 561 ut
795 539 876 572 quae
894 528 1057 560 materiam

307 583 448 616 scandali
468 582 623 626 praebere
644 587 784 625 possent,
807 582 934 625 penitus
955 581 1059 614 succi-

308 637 442 676 dantur,
463 647 500 669 ac
522 635 674 668 radicitus
700 636 915 679 extirpentur,
943 645 1003 668 nec
1023 646 1059 668 ea

307 701 410 734 usque
430 689 593 733 pullulare
613 689 770 722 sinantur.

352 743 408 788 §i
422 743 501 776 Cum
516 743 639 787 itaque,
652 742 730 776 sicut
748 742 941 785 accepimus,
957 742 989 774 in
1005 753 1061 775 no-

309 803 392 832 strae
418 796 581 830 Bononiae
611 808 647 829 ac
678 797 847 830 Mediolani
881 802 911 828 et
946 807 1060 840 quam-

309 850 458 896 plurimis
484 851 554 885 aliis
583 851 690 884 Italiae
718 850 896 884 civitatibus
916 856 946 882 et
968 850 1058 889 locis,

308 904 458 938 nonnulli
467 905 660 945 saeculares,
670 916 706 937 ae
716 903 811 937 etiam
819 903 970 945 religiosi,
982 914 1062 947 pra?-

308 962 396 992 textu
416 959 632 1002 quorumdam
656 957 856 990 indultorum
873 967 909 989 ac
933 967 1062 989 conces-

310 1012 438 1046 sionum
455 1023 511 1045 seu
528 1012 769 1056 privilegiorum
780 1016 807 1043 et
820 1010 1060 1053 exemptionum

309 1076 328 1098 a
347 1065 427 1099 Sede
453 1065 636 1109 Apostolica
661 1075 718 1108 per
742 1064 828 1107 ipsos
855 1064 1062 1097 obtentorum

310 1123 341 1152 et
359 1119 399 1151 ab
419 1118 665 1162 inquisitoribus
686 1117 865 1151 haereticae
886 1117 1060 1161 pravitatis,

310 1172 343 1205 in
363 1172 483 1206 eisdem
505 1171 683 1205 civitatibus
709 1176 737 1203 et
762 1170 841 1203 locis
866 1181 925 1214 per
950 1170 1064 1204 Sedem

310 1225 527 1269 Apostolicam
539 1230 593 1257 aut
612 1224 698 1257 illius
718 1223 907 1256 auctoritate
930 1224 1064 1267 deputa-

310 1279 358 1319 tis,
370 1279 502 1312 illorum
517 1278 738 1311 iurisdictione
755 1282 919 1320 exemptos
931 1288 962 1310 se
977 1288 1066 1321 prae-

311 1324 496 1363 tendentes,
518 1323 621 1356 varias
642 1321 878 1366 propositiones
898 1322 1066 1355 scandalo-

311 1384 360 1406 sas
380 1378 411 1406 et
431 1383 583 1406 erroneas
612 1384 649 1405 ac
682 1371 810 1415 piarum
835 1371 992 1403 mentium
1019 1372 1066 1404 of-

311 1421 446 1455 fensivas
485 1427 515 1454 et
545 1421 740 1465 quandoque
778 1419 873 1453 etiam
908 1419 1066 1452 haeresim

313 1470 483 1515 sapientes,
505 1482 542 1504 ac
563 1470 740 1504 catholicae
767 1469 841 1502 fidei
863 1468 969 1501 minus
990 1480 1067 1501 con-

313 1531 419 1561 sonas,
438 1521 698 1564 christianaeque
714 1519 823 1563 pietati
845 1523 875 1551 ct
894 1517 987 1550 bonis
1003 1529 1069 1551 mo-

315 1569 404 1602 ribus
424 1569 557 1602 minime
578 1569 780 1607 conformes,
798 1567 927 1611 publice
949 1578 1068 1610 propo—

315 1629 391 1652 nere
402 1629 440 1651 ac
450 1618 614 1662 disputare
630 1624 659 1650 et
678 1628 736 1660 pro
753 1616 874 1649 viribus
890 1616 1067 1656 sustinere,

316 1678 444 1701 necnon
463 1667 592 1711 populis
612 1665 812 1710 praedicare,
836 1676 901 1697 non
922 1665 990 1697 sine
1006 1676 1070 1697 ma-

316 1727 378 1759 gno
407 1716 665 1750 christifidelium
692 1715 873 1747 animarum
903 1714 1068 1757 periculo,

317 1766 483 1810 ipsiusque
507 1766 581 1798 fidei
609 1763 802 1797 detrimento
832 1768 862 1795 et
882 1763 978 1796 totius
998 1764 1072 1796 reli-

316 1816 419 1859 gionis
439 1814 625 1860 opprobrio,
646 1820 767 1847 temere
783 1813 921 1845 audeant
937 1819 964 1845 et
982 1824 1072 1856 prae-

317 1870 458 1899 sumant,

361 1915 375 1958 g
395 1914 425 1946 2.
448 1913 522 1953 Nos,
540 1912 595 1957 qui
610 1911 830 1945 desideranter
844 1910 876 1943 in
895 1911 975 1943 rotis
991 1910 1072 1953 geri-

317 1975 389 1997 mus
408 1968 443 1996 ut
463 1963 541 1996 fides
562 1962 703 2006 praefata
724 1960 841 1993 nostris
864 1965 1073 2004 prosperetur

317 2013 528 2058 temporibus,
545 2016 575 2045 et
590 2011 726 2055 pravitas
742 2009 893 2043 liseretica
906 2010 944 2042 de
954 2009 1073 2042 tinibus

319 2063 463 2096 fidelium
484 2061 673 2106 extirpetur,
696 2060 895 2093 attendentes
916 2069 980 2091 non
1001 2059 1072 2092 ideo

319 2113 358 2146 ab
382 2111 565 2156 Apostolica
593 2111 674 2144 Sede
707 2109 873 2154 privilegia
901 2113 931 2141 et
965 2119 1072 2141 exem-

319 2162 445 2207 ptiones
472 2161 606 2194 concedi
641 2160 749 2193 solitas
788 2169 855 2192 esse
887 2163 923 2190 ut
952 2168 1010 2200 per
1038 2168 1073 2190 ea

320 2211 470 2245 scandala
497 2214 528 2243 et
559 2209 633 2242 fidei
660 2208 830 2241 diminutio
859 2212 1070 2250 generentur,

319 2261 375 2295 sed
389 2260 494 2304 potius
511 2259 550 2292 ad
566 2270 602 2292 ea
618 2258 796 2291 tollendum
814 2262 843 2290 et
860 2257 961 2301 ipsam
978 2256 1073 2289 sidem

319 2310 518 2353 augendum,
534 2309 750 2352 volentesque,
768 2318 807 2339 ne
823 2306 861 2339 dc
879 2312 998 2343 cetero,
1018 2316 1075 2349 per

321 2358 555 2404 propositiones
589 2363 619 2391 et
638 2356 910 2401 praedicationem
937 2354 964 2395 2,
988 2355 1074 2399 quod

321 2409 421 2448 absit,
443 2407 569 2440 animae
589 2406 734 2439 fidelium
760 2406 993 2450 prolabantur,
1017 2404 1074 2437 ob-

322 2457 418 2497 viare,
439 2462 469 2490 et
490 2467 547 2496 ne,
570 2455 809 2499 exemptionum
838 2454 1075 2500 praedictarum

323 2512 500 2552 praetextu,
513 2506 637 2539 valeant
645 2505 758 2538 talium
767 2509 1030 2549 praesumptores
1044 2503 1076 2535 in

323 2566 436 2589 eorum
457 2560 522 2588 tam
549 2554 727 2588 detestabili
755 2553 934 2587 temeritate
955 2553 1076 2597 perdu-

362 2625 370 2649 1
395 2622 514 2650 Cherub.
538 2622 598 2656 legit.
610 2630 661 2654 per
680 2624 870 2654 propositiones
889 2625 914 2647 et
933 2623 1075 2653 praedica-

326 2672 408 2695 tiones
424 2669 573 2695 huiusmodi
584 2669 611 2693 ἱη
624 2669 814 2700 perditionem,
827 2669 893 2700 queit
906 2670 952 2693 etc.
972 2666 1009 2702 (a.
1026 2665 1077 2700 τ.).

1099 320 1183 348 rare,
1206 316 1383 349 eorumque
1400 304 1550 348 iniquitas
1566 306 1728 334 remaneat
1745 300 1848 342 impu-

1101 363 1177 403 nita,
1199 361 1313 394 morbo
1334 357 1517 392 huiusmodi
1534 354 1746 389 necessariam
1762 354 1849 386 adhi-

1100 417 1176 448 here
1197 415 1368 453 medelam,
1386 417 1474 445 motu
1495 409 1627 455 proprio
1644 413 1674 441 et
1691 419 1727 440 cx
1742 412 1850 440 nostra

1101 475 1186 503 certa
1206 468 1337 501 scientia
1364 468 1528 504 volumus,
1558 462 1728 496 statuimus
1747 465 1778 493 et
1797 472 1850 494 or-

1101 523 1249 556 dinamus
1267 522 1354 565 quod
1372 519 1576 563 inquisitores
1591 515 1723 561 praefati
1741 515 1772 547 in
1787 519 1852 548 tota

1101 577 1188 610 Italia
1214 581 1243 609 ct
1270 575 1375 608 insula
1399 572 1468 607 Chii
1500 570 1660 615 deputati,
1683 575 1711 602 et
1741 568 1772 600 in
1794 578 1851 612 po-

1101 636 1222 663 sterum
1243 627 1437 673 deputandi,
1460 632 1571 659 contra
1599 634 1710 658 omnes
1737 628 1767 655 et
1787 621 1852 655 sin-

1101 684 1209 726 gulos,
1246 688 1309 715 tam
1343 681 1523 714 saeculares
1543 689 1640 723 quam
1674 676 1851 719 religiosos,

1101 736 1288 780 quorumvis
1297 735 1465 774 Ordinum,
1484 733 1578 766 ctiam
1594 730 1854 769 Mendicantium,

1103 791 1310 833 professores,
1334 788 1569 830 cuiuscumque
1590 796 1695 824 sexus,
1717 783 1852 826 gradus,

1103 849 1220 883 status,
1243 841 1452 880 conditionis,
1475 839 1635 883 dignitatis
1655 844 1685 871 ct
1706 836 1855 881 praeemi-

1104 897 1242 937 nentiae,
1265 908 1331 929 non
1350 901 1458 928 tamen
1478 893 1680 937 episcopalis,
1704 892 1854 930 existant,

1104 951 1159 994 qui
1179 950 1416 994 propositiones
1437 953 1617 992 suspectas,
1640 945 1854 983 scandalosas,

1105 1003 1322 1047 periculosas,
1346 1012 1473 1034 errores
1501 999 1722 1038 continentes,
1745 999 1857 1031 haere-

1105 1057 1163 1090 sim
1189 1056 1369 1101 sapientes,
1400 1066 1436 1088 ac
1469 1054 1547 1087 alias
1581 1053 1756 1086 catholicae
1784 1052 1858 1085 fidei

1106 1110 1212 1143 minus
1247 1120 1426 1147 consonas,
1462 1107 1718 1149 christianaeque
1752 1105 1860 1149 pietati

1107 1170 1134 1197 et
1160 1164 1253 1197 bonis
1273 1163 1418 1196 moribus
1439 1162 1570 1195 minime
1597 1161 1778 1194 conformes
1798 1160 1859 1192 hu-

1108 1218 1258 1258 iusmodi,
1272 1218 1319 1250 vel
1341 1227 1452 1249 earum
1473 1215 1629 1259 quaslibet
1643 1214 1674 1246 in
1695 1220 1861 1257 posterum

1108 1282 1266 1311 asserere,
1297 1281 1353 1303 seu
1380 1269 1509 1314 publice
1535 1278 1718 1312 proponere
1746 1271 1776 1299 et
1803 1276 1860 1310 po-

1108 1324 1191 1369 pulis
1207 1324 1393 1368 praedicare
1410 1322 1547 1355 audeaut
1571 1322 1619 1354 vel
1636 1325 1860 1364 praesumant,

1109 1378 1194 1411 iuxta
1215 1378 1438 1410 auctoritatem
1466 1381 1497 1409 ct
1522 1379 1711 1419 potestatem
1742 1372 1787 1405 eis
1813 1372 1862 1404 in·

1109 1431 1319 1475 quisitoribus
1354 1441 1371 1463 a
1397 1430 1467 1462 iure
1496 1434 1549 1461 aut
1577 1427 1654 1460 alias
1684 1425 1863 1470 quomodo-

1110 1486 1187 1519 libet
1212 1485 1360 1517 traditam
1389 1489 1417 1517 et
1451 1493 1658 1522 concessam,
1689 1481 1864 1525 procedere

1111 1544 1138 1572 et
1148 1539 1325 1583 inquirere,
1339 1549 1496 1581 suamque
1507 1536 1762 1570 iurisdictionem
1779 1545 1865 1568 exer-

1111 1603 1183 1625 cere
1217 1593 1365 1625 debeant.
1395 1592 1526 1624 Necnon
1554 1590 1598 1623 eis
1632 1595 1743 1622 contra
1772 1588 1862 1625 illos,

1111 1646 1197 1678 iuxta
1217 1645 1413 1689 praedictam
1435 1649 1623 1688 potestatem
1637 1670 1644 1683 ,
1668 1648 1699 1675 ut
1722 1642 1864 1686 praeser-

1112 1707 1176 1738 tur,
1199 1699 1393 1743 procedendi
1416 1704 1447 1731 et
1478 1696 1662 1741 inquirendi
1684 1701 1714 1729 et
1740 1695 1866 1728 iurisdi-

1113 1754 1226 1787 ctionis
1246 1753 1434 1786 huiusmodi
1455 1751 1650 1785 exercendae
1667 1751 1863 1787 facultatem,

1112 1814 1271 1851 quatenus
1292 1818 1374 1851 opus
1399 1806 1456 1847 sit,
1487 1806 1598 1839 eadem
1619 1803 1807 1837 auctoritate
1827 1803 1865 1836 de

1113 1874 1194 1895 novo
1216 1861 1435 1895 concedimus.

1158 1912 1172 1955 ξ
1197 1912 1228 1945 3.
1257 1913 1474 1945 Decernentes
1500 1909 1724 1955 praesentibus
1751 1908 1868 1941 nostris

1113 1961 1231 2001 literis,
1253 1961 1313 1993 nisi
1333 1972 1391 2004 per
1411 1960 1607 2002 signaturam
1638 1969 1735 1990 manu
1762 1962 1870 1989 nostra

1114 2011 1279 2054 signatam,
1297 2010 1428 2043 minime
1439 2009 1585 2052 derogari
1607 2019 1711 2052 posse,
1730 2007 1871 2040 irritum-

1115 2073 1176 2105 que
1201 2067 1229 2094 et
1254 2061 1348 2093 inane
1369 2059 1525 2104 quicquid
1545 2069 1637 2092 secus
1660 2068 1758 2101 super
1784 2057 1833 2090 his
1853 2068 1871 2089 a

1115 2122 1292 2154 quoquam,
1312 2111 1422 2154 quavis
1437 2108 1642 2147 auctoritate,
1665 2108 1803 2140 scienter
1822 2107 1870 2140 vel

1115 2166 1311 2202 ignoranter,
1335 2158 1505 2201 contigerit
1531 2156 1690 2190 attentari.

1160 2210 1174 2253 ξ
1195 2209 1224 2242 4.
1249 2208 1493 2251 Districtiusque
1519 2207 1700 2239 inhibentes
1720 2207 1869 2239 locorum

1116 2259 1298 2299 ordinariis,
1317 2259 1375 2291 sub
1392 2256 1551 2290 interdicti
1579 2256 1740 2299 ingressus
1765 2256 1868 2288 cccle-

1117 2309 1180 2342 siae
1202 2314 1229 2340 et
1252 2307 1471 2352 suspensionis
1498 2318 1515 2339 a
1540 2306 1696 2348 regimine
1716 2310 1745 2338 et
1766 2304 1869 2338 admi—

1117 2359 1303 2391 nistratione
1331 2368 1462 2390 suarum
1491 2355 1720 2395 ecclesiarum,
1744 2365 1869 2387 necnon

1118 2408 1278 2441 civitatum
1290 2413 1320 2440 et
1331 2408 1479 2440 locorum
1490 2404 1707 2449 quorumlihet
1721 2403 1869 2443 dominis,

1117 2457 1388 2500 gubernatoribus
1408 2461 1437 2488 et
1460 2454 1639 2488 rectoribus
1660 2459 1686 2487 et
1709 2453 1778 2486 aliis
1798 2453 1869 2497 qui-

1118 2508 1333 2550 buscumque,
1354 2506 1412 2538 sub
1433 2503 1773 2537 excommunicationis
1789 2503 1869 2534 latae

1119 2557 1294 2589 sententiae
1329 2567 1365 2588 ac
1401 2556 1562 2587 bonorum
1598 2563 1731 2586 suorum
1766 2551 1869 2595 priva—

1121 2605 1215 2638 tionis
1234 2605 1357 2649 poenis,
1378 2615 1415 2637 eo
1436 2604 1517 2648 ipso,
1540 2603 1565 2636 si
1586 2607 1695 2635 contra
1717 2600 1868 2638 fecerint,

1122 2654 1339 2695 incurrendis,
1351 2664 1391 2687 ne
1402 2652 1606 2698 inquisitores
1618 2651 1873 2695 praesatOS,quo-

1861 248 1877 272 Α
1887 254 1910 271 n.
1930 245 1956 270 C.
1977 244 2042 270 151ιὲ

1896 1920 2005 1941 tjt-usutae
2016 1925 2067 1946 prn-

1885 1959 1914 1973 sei
1922 1954 2012 1973 vativae.

1885 2217 1951 2238 iussio
1965 2217 2068 2237 ohedien-

1885 2250 1903 2269 (ti
1937 2247 2070 2274 inquisitori-

1885 2281 1929 2300 bus.
