2227 3001
98 221 148 248 Α11.
166 222 193 248 C.
215 220 279 249 ¹538

944 219 1059 243 rarrt's
1080 218 1112 241 111
1137 218 1181 240 l'i'.

295 275 440 315 lendum,
462 285 498 307 ac
519 273 622 308 dictae
643 273 798 307 eeclesiae
819 279 847 306 et
876 273 950 306 aliis
970 283 1048 306 0011-

1739 207 1798 239 Ξιζιῖ

1135 274 1149 313 ς’
1170 270 1200 302 «1.
1220 270 1299 303 Cum
1322 273 1475 313 potestate
1492 267 1592 301 dictas
1614 272 1721 312 partes
1738 279 1843 311 respe-

1861 219 1908 244 Aa.
1927 217 1953 243 C.
1979 218 2045 243 1:555

1881 278 2004 304 tlitwdique
2027 279 2046 297 iu

1861 310 1921 329 [thia
1942 312 1962 328 nt
1978 312 2045 331 01110,

296 329 480 367 5010011010,
499 334 588 362 motu
609 328 707 361 simili
728 333 758 361 et
778 340 813 361 ex
833 333 919 361 certa
940 333 1048 360 nostra
1091 325 1170 357 011νο
1191 330 1218 356 et
1242 334 1354 357 omnes
1373 324 1465 360 alios,
1487 333 1569 365 quos
1595 333 1677 366 opus
1697 321 1790 354 suerit
1814 326 1839 352 et
1863 341 1970 359 ,uhwbffli
1993 343 2036 358 2

296 383 427 416 scientia
447 394 483 415 ac
501 383 539 415 dc
560 382 650 415 Sedis
666 382 867 426 Apostolicae
884 381 1050 426 potestatis

296 437 496 479 plenitudine
511 464 518 477 ‚
550 447 663 469 omnes
695 442 725 469 et
762 436 904 478 singulas
940 445 1051 468 causas

296 490 379 522 inter
409 490 511 523 dictos
540 490 715 523 canonicos
741 495 769 522 et
806 489 985 533 capitulum
1014 500 1049 520 ac

296 544 502 587 eappellanos
523 543 699 587 respective
720 554 775 576 seu
797 543 975 586 quemlilwt
995 552 1050 574 00-

296 606 415 629 rumex
426 608 501 636 una,
511 601 539 629 et
551 607 775 640 quascumque
792 597 870 629 alias
887 606 1050 639 personas,

297 659 406 681 coram
420 649 682 694 tpiibuscumque
700 650 863 683 iudicibus
881 647 1054 681 ordinariis

301 713 337 734 ac
358 703 632 743 extraonlfflariis,
648 702 879 736 commissariis
895 708 922 735 et
941 713 1053 734 execu-

299 756 442 795 toribus,
470 756 565 789 etiam
592 757 624 789 S.
653 757 688 789 R.
718 757 752 789 E.
781 755 1000 789 cardinalibus
1025 759 1052 787 et

302 808 398 841 Rotae
415 808 617 841 auditoribus
629 816 657 842 et
674 808 943 844 loeatenentibus,
958 818 1055 850 super

302 863 564 907 quibuscumque
578 863 686 901 rebus,
696 862 831 896 bonisac
841 862 1054 905 pecuniarum

299 915 435 948 suminis
461 921 621 949 vertentes
645 921 674 949 et
697 916 885 959 pendentes,
910 914 1056 958 partibus

299 980 336 1001 ex
356 970 468 1006 altera,
492 970 529 1001 ad
556 981 614 1002 nos
635 969 764 1013 penitus
784 969 993 1005 advocantes,
1017 968 1055 999 il-

299 1023 428 1065 lamque
449 1028 475 1055 et
500 1023 580 1061 illas,
603 1028 763 1065 qnatenus
783 1022 877 1054 etiam
900 1032 981 1064 opus
1002 1021 1053 1057 sit,

299 1075 406 1107 denuo
427 1075 594 1108 inchoatas
614 1080 641 1107 et
666 1075 879 1114 inchoandas,
902 1085 939 1107 ac
960 1085 1055 1117 quas-

300 1138 440 1171 cumque
460 1127 538 1160 alias
558 1139 669 1160 causas
689 1127 796 1160 civiles
817 1133 845 1160 et
872 1127 1057 1160 criminales

301 1192 338 1214 ac
350 1181 474 1221 mixtas,
494 1192 551 1224 per
565 1181 748 1225 praedictos
763 1181 936 1214 canonicos
951 1192 987 1214 ac
1004 1192 1056 1215 ca-

302 1234 441 1277 pitulum
464 1239 492 1266 et
510 1235 726 1277 cappellanos,
742 1245 797 1267 seu
815 1245 928 1267 eorum
945 1246 1057 1277 quem-

303 1288 396 1328 libet,
411 1293 520 1320 contra
539 1299 761 1332 quascumque
784 1299 950 1331 personas.
975 1300 1057 1332 quo-

303 1341 346 1374 vis
380 1342 510 1374 nominc
550 1347 754 1385 nuncupatas
771 1368 778 1381 ,
815 1342 988 1384 collegium
1029 1348 1055 1374 et

303 1394 482 1438 capitulum
518 1406 555 1427 ac
601 1394 841 1427 uniwrsitatem
881 1395 1080 1438 respective»

302 1453 405 1481 motas
421 1454 450 1481 et
467 1448 652 1484 movendas,
666 1453 697 1480 01
712 1448 756 1480 sic
774 1448 873 1481 active
891 1454 918 1481 et
937 1448 1058 1492 passive

302 1513 400 1545 snper
411 1502 673 1545 quibuscumque
685 1502 899 1546 pecuniarum
909 1502 1055 1537 summis,

303 1555 465 1595 censibus,
489 1555 685 1594 canonibus,
708 1555 988 1598 respcmsionibus,
1012 1567 1059 1587 re-

304 1609 364 1641 bus
384 1614 413 1641 et
434 1608 527 1641 bonis
541 1635 548 1645 ,
570 1608 609 1640 ad
630 1619 871 1652 quamcumque
897 1620 1057 1641 summam

304 1661 519 1705 pecuniarum
533 1688 540 1699 ,
578 1672 751 1694 1100101001
782 1667 810 1694 01
846 1662 1058 1705 quantitatem

304 1726 340 1748 ac
358 1717 501 1749 valorem
526 1715 774 1748 ascendentibus
800 1716 961 1760 rebusque
989 1716 1059 1749 aliis

305 1769 335 1801 iu
366 1769 446 1802 actis
475 1780 592 1802 causae
613 1774 641 1802 et
673 1780 845 1802 causarum
871 1769 1058 1803 huiusmodi

303 1822 398 1855 latius
418 1821 564 1855 deductis
584 1827 613 1855 et
636 1822 832 1856 deducendis
846 1850 853 1863 ,
877 1829 905 1857 et
928 1823 1058 1856 illorum

303 1875 486 1915 occasione,
499 1885 572 1908 curn
583 1876 734 1908 omnibus
744 1882 771 1909 et
784 1876 919 1920 singulis
931 1877 997 1909 suis
1013 1877 1060 1909 in-

303 1927 496 1968 cidentibus,
506 1928 763 1971 dependentibus
770 1935 797 1962 et
809 1930 1058 1973 emergentibus.

303 1981 436 2014 annexis
454 1987 483 2013 01
502 1982 667 2022 connexis,
694 1982 799 2015 eidem
816 1983 853 2015 R.
868 1983 903 2015 D.
924 1984 1059 2015 Alexan-

303 2035 372 2075 dro,
381 2034 538 2067 moderno
549 2035 842 2079 archipresbytero,
855 2036 1060 2069 1001000100-

304 2089 380 2122 ctim
397 2099 495 2132 quam
512 2089 649 2125 divisim,
664 2089 853 2129 summarie,
871 2090 1061 2133 simpliciter

304 2148 334 2175 01
350 2143 388 2175 de
406 2143 520 2186 plano,
539 2143 607 2176 sinc.
628 2144 765 2187 strepitu
778 2149 806 2176 et
819 2144 923 2186 figura
936 2143 1058 2178 iudicii,

305 2196 371 2229 sola
393 2196 465 2228 sacti
486 2197 617 2229 veritate
646 2197 789 2240 inspecta
804 2224 811 2237 ,
834 2208 870 2229 ac
901 2202 1061 2240 quatenus

306 2262 387 2293 opus
408 2250 458 2289 sit,
482 2251 643 2284 exeeutive
660 2257 689 2283 et
707 2262 805 2284 manu
822 2251 922 2293 regia,
940 2251 1060 2293 absque

305 2304 522 2337 terminorum
557 2305 818 2338 substantialium
854 2311 881 2338 et
922 2304 1062 2337 alicuius

305 2359 386 2391 telae
408 2359 596 2392 iudiciariae
617 2359 852 2399 observatione,
867 2359 934 2392 sine
952 2360 1061 2392 confe-

306 2414 412 2447 ctione
446 2414 580 2457 regestri
614 2413 676 2447 sive
701 2419 881 2451 extractus,
907 2424 1063 2456 quacum-

306 2474 369 2505 que
399 2462 617 2506 appellatione
651 2463 828 2506 postposita
843 2490 850 2501 ,
886 2461 1060 2499 audiendi,

1092 390 1148 410 sua
1186 378 1402 410 communiter
1426 377 1473 409 vel
1499 375 1624 408 divisim
1657 375 1844 411 inttj¹rti·ssct,

1093 431 1187 463 etiam
1200 430 1231 462 111
1248 430 1435 463 executione
1452 428 1624 467 citationis,
1643 427 1844 466 nominandi,

1095 485 1125 517 111
1152 486 1292 517 Romana
1319 484 1414 516 timia
1441 494 1478 516 ac
1508 488 1595 516 extra
1624 493 1716 521 eam,
1750 482 1844 513 etiam

1096 537 1304 580 peredit-tum
1323 537 1504 580 publicum,
1519 535 1656 569 constito
1673 534 1848 567 summarie

1095 596 1124 623 01.
1145 590 1431 623 extraiudiciatiter
1451 591 1489 623 110
1511 601 1574 623 11011
1601 595 1669 622 tuto
1697 600 1846 625 accessu,

1095 644 1232 683 eitaudij,
1260 656 1296 677 ae
1326 644 1445 677 eisdem
1477 644 1629 677 omnibus
1650 648 1677 676 et
1700 642 1847 685 singulis,

1096 697 1193 730 etiain
1214 697 1377 730 iudicibus
1398 697 1647 741 suprascriptis,
1671 708 1706 729 ac
1732 696 1851 739 quibus

1096 756 1124 783 et
1142 751 1268 793 quoties
1289 762 1371 795 opus
1387 751 1496 790 suerit,
1514 751 1610 783 etiam
1629 750 1689 783 sub
1707 749 1853 782 censuris

1096 805 1322 837 ecclesiasticis
1338 810 1365 837 ct
1385 804 1581 848 pecuniariis·
1598 804 1722 847 poenis,
1734 814 1792 836 suo
1805 813 1854 835 ar—

1097 858 1191 890 bitrio
1217 858 1423 891 moderandis
1453 863 1480 890 et
1511 857 1734 901 applicandis,
1757 857 1852 890 etiam

1099 922 1155 953 per
1175 910 1279 943 simile
1296 911 1450 949 edictum,
1470 911 1649 950 iuhibendi;
1668 916 1695 942 et
1714 910 1745 942 in
1762 920 1853 943 evcn-

1098 969 1165 995 tum
1187 974 1252 995 non
1274 963 1457 1006 paritionis,
1490 974 1609 1006 poenas
1635 974 1670 995 ac
1702 973 1855 996 censuras

1098 1017 1278 1060 praedictas
1299 1016 1527 1049 damnabiliter
1548 1017 1724 1049 incurrisse
1747 1016 1853 1048 decla-

1098 1070 1203 1109 randi,
1222 1071 1414 1113 aggravandi
1431 1077 1459 1103 et
1477 1070 1719 1113 reaggrax‘andi,
1738 1075 1767 1103 01
1785 1070 1855 1102 bra-

1099 1124 1162 1156 chii
1184 1124 1359 1157 saecularis
1375 1124 1529 1157 auxilium
1548 1124 1728 1163 invocandi,
1747 1124 1855 1156 locove

1099 1177 1273 1209 sententiae
1303 1188 1359 1209 seu
1388 1177 1622 1210 sententiarum
1649 1176 1856 1219 proferenda-

1099 1241 1184 1269 rum,
1208 1230 1358 1263 mandata
1377 1229 1386 1252 ¹
1406 1230 1568 1262 executira
1591 1229 1622 1261 in
1640 1231 1743 1262 forma
1764 1228 1855 1260 solita

1099 1288 1127 1315 et
1150 1289 1305 1317 consueta
1326 1283 1542 1319 decernendi.
1567 1283 1712 1326 illudque
1733 1283 1781 1315 vel
1803 1282 1856 1314 illa

1099 1342 1127 1368 et
1149 1337 1308 1380 quidquid
1331 1348 1388 1380 per
1409 1343 1437 1370 te
1464 1336 1643 1369 iudicatum
1666 1336 1761 1369 fuerit
1783 1345 1855 1368 exe-

1099 1391 1231 1432 quendi,
1244 1401 1463 1434 expensasque
1474 1390 1598 1422 taxandi
1608 1401 1643 1422 ac
1653 1388 1853 1427 moderandi,

1100 1444 1274 1487 omniaque
1292 1445 1351 1477 alia
1369 1450 1396 1477 et
1415 1445 1540 1487 singula
1557 1444 1706 1480 faciendi,
1725 1443 1856 1486 gerendi

1100 1503 1128 1529 et
1161 1498 1328 1531 exercendi
1347 1525 1354 1539 ,
1395 1499 1428 1530 in
1463 1498 1647 1541 praemissis
1676 1497 1856 1530 necessaria

1100 1562 1156 1585 seu
1178 1552 1422 1595 quomodolibet
1445 1557 1640 1595 opportuna.

1145 1606 1159 1646 ξ
1180 1606 1209 1638 2.
1233 1606 1303 1638 Non
1324 1606 1524 1639 obstantibus
1550 1605 1750 1649 praemissis,
1779 1615 1856 1637 0011-

1100 1658 1321 1691 stitutionibus
1333 1664 1363 1691 et
1380 1659 1639 1692 ordinationibus
1657 1658 1854 1702 apostolIcis,

1100 1713 1179 1756 stylo
1205 1713 1327 1753 Palatii,
1353 1714 1462 1755 regula
1483 1712 1699 1745 Cancellariae
1721 1713 1856 1755 Aposto-

1101 1765 1180 1798 licae
1197 1765 1391 1809 probibendi
1409 1766 1560 1798 mandata
1576 1766 1669 1798 aliter
1684 1776 1781 1809 quani
1799 1766 1858 1798 sub

1102 1819 1234 1862 plumbo
1267 1820 1411 1864 expediri
1442 1831 1556 1863 posse,
1592 1819 1800 1852 facultatibus
1829 1826 1858 1852 et

1101 1868 1381 1901 iurisdictionilms
1410 1869 1628 1912 supradictis,
1659 1869 1718 1901 sub
1749 1868 1859 1911 quavis

1101 1917 1274 1950 verborum
1300 1918 1422 1955 forma,
1445 1918 1541 1950 eliani
1564 1918 1719 1950 clausulis
1739 1929 1859 1961 urgen-

1103 1966 1244 2003 tissimis,
1267 1978 1326 2011 per
1346 1978 1404 2000 nos
1416 1968 1524 1999 forsan
1546 1968 1706 2000 concessis
1723 1973 1751 2000 et
1770 1967 1861 1999 inno-

1102 2015 1190 2054 vatis,
1213 2027 1294 2059 quas
1314 2028 1369 2049 seu
1392 2017 1524 2049 illorum
1547 2021 1695 2056 tenores,
1719 2026 1755 2048 ac
1776 2015 1801 2048 si
1822 2016 1860 2049 de

1101 2065 1198 2096 verbo
1219 2066 1257 2097 ad
1277 2065 1411 2098 verbum
1434 2065 1582 2108 specialis
1603 2065 1654 2097 bic
1676 2065 1798 2097 mentio
1816 2066 1860 2097 fa-

1102 2118 1151 2145 cta
1174 2114 1275 2150 foret,
1298 2126 1357 2158 pro
1379 2113 1535 2157 expressis
1555 2113 1667 2146 haberi
1688 2114 1858 2151 volumus,

1103 2163 1282 2207 ceterisque
1304 2163 1475 2196 contrariis
1495 2163 1769 2206 quibuscumque.
1790 2164 1859 2195 Sta-

1103 2217 1170 2243 tum
1192 2217 1221 2244 et
1243 2212 1355 2244 merita
1377 2224 1492 2245 causae
1503 2217 1532 2245 et
1549 2222 1721 2244 causarum
1743 2211 1859 2244 liuius-

1105 2261 1202 2300 modi,
1226 2266 1255 2293 et
1276 2261 1407 2293 nomina
1424 2273 1460 2293 ac
1479 2261 1673 2303 cognomina
1691 2266 1721 2293 et
1751 2261 1858 2304 quali-

1104 2315 1182 2342 tates
1194 2310 1332 2353 partium
1351 2316 1379 2343 et
1394 2321 1605 2354 personarum
1619 2310 1856 2353 praedictarum

1105 2370 1229 2392 necnon
1246 2359 1405 2393 dictorum
1427 2360 1568 2403 collegii⁷
1591 2360 1723 2404 capituli
1742 2365 1772 2392 et
1788 2359 1862 2391 uni—

1104 2408 1280 2445 versitatis.
1309 2410 1628 2453 praemissorumque
1655 2409 1799 2442 omnium
1830 2414 1858 2440 et

1104 2457 1242 2490 aliorum
1277 2458 1316 2491 de
1350 2459 1539 2491 necessitate
1573 2457 1859 2502 exprimemlorum

308 2511 524 2553 cognoscendi
544 2537 552 2550 ,
588 2511 758 2544 decidendi
795 2511 923 2555 fineque
954 2511 1062 2543 debito
1082 2503 1084 2519 ¹
1106 2513 1244 2547 tenoreS,
1263 2518 1322 2550 pro
1343 2508 1438 2551 plene
1459 2519 1495 2540 ac
1516 2508 1713 2540 sutlicieuter
1733 2517 1861 2549 expres-

308 2560 520 2599 terminandi,
544 2565 654 2592 tenore
681 2560 900 2602 praesentium
921 2560 959 2593 de
981 2570 1062 2592 novo
1104 2556 1146 2588 tssiS
1166 2556 1332 2590 habentes.

307 2609 534 2644 constituimus
554 2620 589 2642 ac
612 2609 816 2643 mandamus,

1142 2619 1152 2645 ¹
1172 2620 1327 2646 Mandatum
1349 2628 1393 2647 seu
1411 2622 1549 2653 attitulata,
1567 2618 1683 2647 Cherub.
1703 2618 1741 2654 (n.
1755 2617 1806 2652 τ.).

1886 1615 1996 1636 Clausutae
2020 1617 2059 1637 de*

1873 1648 2000 1673 rugatoriae.
