2227 3001
454 234 517 269 ⁶278

409 298 561 341 Augusta,
579 308 615 330 ac
632 296 736 331 Sancti
752 295 878 329 Ioannis
893 296 1061 340 Baptistae,
1080 308 1155 330 nec-

408 361 472 383 non
501 351 690 384 Sanctorum
718 349 849 382 Cosmae
870 354 899 382 et
915 350 1072 391 Damiani,
1098 362 1154 383 na-

408 404 502 437 tionis
533 404 752 444 Florentinae,
789 415 825 436 ac
857 403 1023 447 hospitalis
1055 404 1154 437 nostri

408 457 440 490 S.
459 457 595 500 Spiritus
610 457 642 490 in
663 457 765 496 Saxia,
783 456 908 490 Ordinis
923 457 1030 490 Sancti
1045 458 1154 500 Augu-

408 510 478 542 stini
492 537 499 550 ‚
522 517 551 543 et
571 511 680 554 Campi
701 510 824 551 Sancti,
856 511 1154 544 confraternitatum

407 563 549 597 eiusdem
566 564 665 605 urbis,
689 576 746 608 pro
767 571 912 609 tempore
933 565 1151 603 existentibus,

408 617 599 661 illarumque
620 629 656 652 ac
680 619 793 652 Beatae
821 619 936 652 Mariae
961 620 998 651 de
1015 619 1151 663 Populo,

405 671 498 704 etiarn
516 671 553 704 de
570 672 665 709 Urbe,
684 673 827 706 ecclesiis
842 684 878 706 ac
894 672 1154 706 christifidelibus

405 725 473 757 illas
492 725 701 767 visitantibus,
725 738 782 770 per
797 738 1019 771 quoscumque
1035 727 1152 760 Roma-

403 788 461 811 nos
487 779 657 812 Pontifices
687 781 950 823 praedecessores
973 786 1099 813 nostros
1124 784 1152 812 ct

403 842 604 865 successores
629 834 788 867 concessis
815 840 846 867 et
865 835 1094 873 concedendis,
1123 838 1153 866 et

402 885 519 928 quibus
539 886 583 919 illi
600 892 747 925 utuntur,
765 889 933 932 potiuntur
949 894 976 921 et
998 888 1148 930 gaudent,

401 949 437 971 ac
453 939 510 980 uti,
529 939 624 983 potiri
639 945 667 973 ct
688 942 827 984 gaudere
844 946 993 985 poterunt
1015 951 1151 984 quomo-

401 992 517 1026 dolibet
544 994 575 1026 in
597 995 762 1027 futurum:
789 1006 929 1038 quorum
950 1001 1089 1033 tenores,
1116 1006 1151 1027 ac
1172 1017 1174 1025 ,

401 1046 425 1078 si
445 1047 483 1079 de
498 1048 593 1081 verbo
609 1049 647 1081 ad
666 1049 796 1081 verbum
814 1049 1042 1087 insererentur,
1062 1060 1151 1092 prae-

401 1100 543 1133 sentibus
571 1113 629 1145 pro
659 1103 815 1146 expressis
842 1103 953 1135 haberi
988 1103 1148 1141 volumus,

401 1163 436 1185 ex
455 1165 539 1187 nunc
557 1161 585 1188 et
605 1156 635 1188 in
653 1162 846 1200 perpetuum
864 1162 1006 1195 utantur,
1031 1156 1151 1200 potian-

402 1212 453 1238 tur
472 1213 502 1240 et
521 1209 691 1250 gaudeant,
710 1220 746 1242 ac
768 1210 825 1249 uti,
838 1210 934 1253 potiri
955 1215 983 1243 et
1009 1209 1149 1251 gaudere

401 1260 499 1293 libere
520 1267 549 1294 et
570 1262 653 1296 licite
674 1264 798 1296 valeant
822 1264 853 1296 in
874 1263 1023 1297 omnihus
1044 1269 1071 1295 ct
1094 1274 1151 1306 per

400 1314 506 1347 onmia
520 1342 527 1354 ,
564 1315 696 1359 perinde
723 1328 759 1349 ac
781 1316 805 1349 si
827 1316 880 1349 illa
900 1317 945 1349 eis
970 1316 1150 1360 specialiter

399 1371 429 1399 et
449 1378 594 1412 expresse
623 1381 773 1403 concessa
800 1370 942 1407 fuissent,
966 1376 994 1402 ct
1016 1370 1047 1401 in
1069 1370 1150 1401 futu·
1170 1389 1172 1414 Ξ

213 241 262 269 An.
279 242 307 270 C.
329 241 393 270 ¹559

1006 244 1183 268 Bt'LLAth'M
1209 245 1358 268 ROMANI'M

400 1431 471 1453 rum
490 1423 756 1461 concederentur,
776 1424 985 1457 concedimus
1001 1429 1029 1456 ct
1047 1423 1150 1456 indul-
1170 1424 1171 1434 ¹

399 1484 521 1516 gemus.
540 1477 675 1520 Ipsaque
691 1477 866 1521 privilegia,
886 1477 1021 1517 indulta,
1045 1487 1149 1509 cxem-

398 1527 533 1570 ptiones,
545 1529 717 1570 libertates,
736 1530 965 1571 immunitates,
980 1530 1148 1572 indulgen·
1169 1521 1171 1533 '

398 1580 475 1622 tias,
511 1583 606 1616 etiam
640 1584 800 1628 plenarias
818 1612 825 1625 ,
862 1596 897 1618 ac
938 1589 1146 1629 peccatorum
1169 1573 1171 1617 i

398 1635 602 1669 remissiones
623 1643 652 1670 et
672 1638 749 1670 alias
775 1638 892 1681 gratias
913 1639 951 1671 ad
973 1638 1149 1671 confratres
1169 1647 1170 1650 ’

398 1689 666 1724 confraternitatis
681 1692 876 1725 Sanctissimi
892 1692 1042 1736 Corporis
1057 1691 1148 1725 Chri-
1169 1714 1171 1726 t

398 1742 435 1775 sti
452 1742 637 1777 huiusmodi
653 1756 688 1778 ac
710 1746 795 1779 illius
811 1747 1028 1790 cappellanus,
1053 1745 1148 1777 mini—
1169 1735 1171 1777 Ϊ

398 1801 479 1829 stros
499 1803 529 1831 et
549 1809 701 1842 personas
722 1811 779 1843 pro
800 1806 944 1843 lOIUpOl‘O
966 1800 1146 1837 existentes,

397 1849 515 1884 eisdem
537 1853 725 1886 auctoritate
746 1859 775 1886 et
801 1860 927 1891 tenore,
949 1853 1148 1887 extendimus

397 1909 427 1936 et
443 1905 487 1937 eis
499 1907 792 1940 communicamus.

442 1959 456 2001 ξ
477 1959 528 1991 14.
552 1960 681 1993 Necnon
704 1961 965 1994 christifidelibus
986 1960 1146 2005 praefatis,

398 2011 453 2055 qui
473 2013 590 2046 dictam
620 2015 913 2048 confraternitatem
939 2014 1148 2048 Sacratissimi

399 2065 549 2110 Corporis
564 2067 679 2101 Christi
700 2069 932 2112 ingredientur,
952 2069 1001 2102 dic
1018 2069 1148 2101 illorum

400 2119 560 2162 ingressus
577 2122 774 2163 huiusmodi,
794 2123 971 2167 plenariam
993 2123 1031 2155 ad
1053 2123 1150 2154 instar

400 2172 543 2215 Iubilaei,
571 2186 607 2209 ac
627 2187 740 2209 corum
762 2177 902 2220 peccatis
922 2176 1011 2220 prius
1028 2177 1149 2209 confes-

400 2227 452 2267 sis,
473 2233 503 2260 ct
523 2236 723 2263 sacramento
739 2231 926 2263 huiusmodi
943 2242 1000 2275 per
1020 2241 1073 2263 cos
1094 2230 1148 2262 de-

399 2290 468 2317 vote
489 2292 630 2330 recepto,
655 2293 701 2320 tcr
722 2288 751 2320 in
778 2289 838 2321 rita
865 2288 1010 2321 similiter
1039 2288 1148 2331 plena-

231 2012 383 2039 indulgentiam

201 2046 327 2066 confratrum
351 2048 383 2066 die

200 2078 307 2102 ingressus
323 2080 343 2097 et
353 2081 384 2097 ter

199 2109 219 2129 in
231 2110 271 2129 vini
280 2110 383 2133 concedit,

400 2341 479 2375 riam
500 2344 646 2376 omnium
667 2351 873 2388 peccatorum
895 2357 1040 2379 suorum.

443 2403 457 2445 ἓ
477 2403 528 2437 15.
557 2403 700 2447 Ipsisque
722 2405 936 2439 confratribus
953 2406 1007 2449 qui
1028 2406 1148 2449 praefa-

201 2462 273 2518 ulitmin
290 2472 385 2518 ·;ῡέ;ζ
399 2467 467 2494 tum
491 2462 734 2495 Sacramentum
756 2464 874 2497 eisdem
897 2464 1033 2497 infirmis
1055 2463 1149 2497 mini—

202 2532 264 2549 menu
281 2531 301 2548 vt
317 2530 385 2565 jater—
399 2520 565 2553 strandum
579 2522 813 2559 associaverint,
824 2533 879 2555 seu
896 2522 1051 2566 iriipediii,
1067 2534 1150 2556 asso-

201 2562 384 2614 fniiiimoffiiifruu‘ii
400 2577 529 2619 ciari‚ut
541 2580 731 2623 praefertur,
744 2580 886 2620 fecerint,
896 2591 932 2613 ac
946 2580 1064 2614 eisdem
1078 2593 1150 2626 pro-

201 2626 222 2644 Ε*
264 2624 384 2646 ‘¹⁵⁴¹“¹'⁰¹¹⁹
400 2636 596 2671 cessionibus
608 2637 759 2672 etdivinis
771 2638 892 2680 officiis,
905 2650 986 2682 quae
1005 2652 1062 2683 per
1078 2652 1147 2674 eos-

1961 244 2010 273 An⁴
2029 245 2057 273 C.
2075 244 2144 274 1539

1197 297 1268 330 dem
1279 298 1465 338 confratres,
1475 302 1511 331 ut
1526 298 1715 342 praefertur,
1731 297 1886 331 celebrari
1900 297 1947 332 fa·
1960 309 2038 346 eccl-s.
2059 309 2071 330 n
2099 309 2144 345 ῃ.-

1198 362 1269 384 cere
1280 351 1457 394 contigerit,
1468 352 1678 394 interfuerint,
1690 353 1814 397 quoties
1822 352 1853 386 id
1866 353 1946 386 fece-
1960 346 2081 398 ζ’ἓῇῙῇἶῗη
2100 341 2124 362 Μ’

1197 404 1421 444 rint,centum·,
1437 405 1576 449 quivero
1593 406 1708 440 dictam
1725 406 1894 440 ecclesiam
1906 407 1945 440 de

1196 458 1331 491 Minerva
1356 458 1469 492 diebus
1483 460 1611 493 Veneris
1629 460 1799 494 cuiuslibet
1821 460 1944 493 hebdo-

1197 512 1307 544 madae
1341 512 1438 545 totius
1471 513 1545 545 anni
1584 513 1693 547 devote
1732 514 1943 554 visitaverint,

1196 564 1306 597 decem
1334 576 1495 598 annorum
1519 571 1549 599 et
1567 567 1699 600 totidem
1723 568 1944 611 quadragena-

1196 630 1269 651 rum
1296 618 1514 652 iniunctarum
1540 619 1584 653 eis
1605 620 1874 664 poenitentiarum
1895 620 1944 654 in-

1195 672 1374 715 dulgentias
1390 678 1420 705 et
1431 673 1646 713 remissiones,
1672 674 1797 717 quoties
1813 674 1842 708 id
1861 675 1945 708 fece-

1195 725 1268 765 rint,
1282 726 1533 760 misericorditer
1544 727 1575 760 in
1587 728 1721 761 Domino
1737 728 1945 762 concedimus

1195 784 1222 811 et
1244 780 1429 822 elargimur.

1239 833 1253 875 ξ
1278 833 1325 865 16.
1349 834 1479 866 Necnon
1497 834 1686 869 mulieribus
1701 835 1844 869 eiusdem
1865 846 1943 869 con-

1195 886 1411 927 fraternitatis,
1425 887 1554 931 quibus,
1577 894 1709 933 propter
1729 889 1940 930 honestatem,

1194 950 1258 972 non
1279 939 1351 973 lieet
1367 952 1425 984 per
1441 941 1554 974 urbem
1570 941 1672 986 ipsam
1689 942 1806 986 passim
1822 943 1939 987 vagari,

1193 993 1318 1037 quotics
1338 995 1465 1037 signum
1487 1006 1663 1039 campanae
1678 996 1864 1030 huiusmodi
1884 1009 1942 1031 au-

1193 1047 1318 1087 dierint,
1353 1049 1450 1081 semel
1471 1048 1655 1082 Orationem
1681 1050 1880 1083 Dominicam
1913 1056 1944 1084 et

1194 1100 1323 1133 totidem
1358 1101 1589 1135 Salutationem
1615 1103 1820 1145 Angelicam‚
1856 1104 1944 1137 flexis

1192 1155 1338 1197 genibus,
1362 1156 1471 1189 devote
1491 1156 1706 1197 recitaverint,
1728 1163 1763 1190 ut
1782 1168 1894 1191 omnes
1914 1163 1944 1191 et

1192 1208 1333 1251 singulas
1350 1209 1575 1253 indulgentias,
1597 1211 1821 1244 concessiones
1830 1217 1860 1245 et
1871 1222 1943 1255 gra-

1192 1262 1260 1301 tias‚
1277 1262 1346 1295 aliis
1358 1264 1573 1297 confratribus
1590 1264 1853 1298 interessentibus
1865 1275 1942 1298 con-

1192 1326 1306 1356 cessas,
1328 1324 1567 1361 consequantur
1587 1324 1614 1351 ct
1637 1319 1790 1362 consequi
1806 1319 1940 1352 valeant.

1236 1372 1250 1411 ς’
1275 1369 1322 1402 17.
1346 1371 1388 1403 Ac
1410 1371 1528 1404 eisdem
1556 1372 1724 1414 utriusque
1752 1383 1844 1405 sexus
1870 1382 1943 1405 con—

1191 1422 1342 1455 fratribus
1354 1430 1384 1457 et
1406 1435 1519 1457 eorum
1540 1425 1685 1467 singulis,
1703 1430 1738 1458 ut
1752 1436 1942 1469 quemcum-

1191 1487 1253 1518 que
1271 1478 1491 1521 presbyterum
1510 1480 1707 1512 saecularem
1730 1479 1778 1512 vel
1802 1479 1942 1513 cuiusvis

1191 1530 1317 1562 Ordinis
1340 1533 1534 1573 regularem,
1561 1532 1655 1565 etiam
1677 1532 1709 1564 in
1730 1532 1840 1566 mortis
1865 1533 1940 1566 arti-

1191 1584 1276 1624 culo,
1289 1585 1411 1618 etiamsi
1433 1597 1518 1619 mors
1537 1591 1613 1619 tunc
1630 1597 1694 1619 non
1715 1586 1940 1630 subsequatur,

1192 1638 1221 1670 in
1243 1648 1335 1671 suum
1351 1639 1471 1682 possint
1491 1639 1608 1682 eligere
1628 1640 1856 1680 confessorem3
1873 1640 1940 1683 qui,

1191 1702 1302 1724 eorum
1334 1693 1589 1726 confessionibus
1617 1694 1786 1737 diligenter
1813 1693 1939 1735 auditis,

1191 1756 1244 1778 eos
1265 1751 1291 1778 ct
1315 1758 1427 1779 eorum
1445 1747 1588 1790 singulos
1604 1747 1643 1780 ab
1659 1747 1810 1781 omnibus
1830 1753 1860 1781 et
1875 1747 1940 1781 sin-

1191 1798 1273 1841 gulis
1294 1810 1405 1832 eorum
1428 1801 1582 1843 pcccatis,
1606 1801 1810 1843 criminibus,
1834 1812 1941 1835 exces-

1191 1851 1278 1885 sibus
1289 1859 1316 1885 et
1329 1854 1463 1905 deliqtis,
1477 1860 1778 1899 quantumcumque
1794 1855 1943 1898 gravibus

1191 1911 1220 1939 et
1240 1907 1438 1948 enormibus,
1463 1919 1520 1951 per
1540 1919 1594 1941 eos
1613 1914 1642 1941 et
1664 1920 1777 1942 eorum
1798 1909 1943 1952 singulos

1192 1971 1249 2003 pro
1266 1965 1410 2004 tempore
1428 1962 1628 2005 perpetratis,
1647 1962 1742 1995 etiam
1763 1962 1836 1995 Sedi
1856 1963 1942 2007 Apo-

1191 2014 1320 2047 stolicae
1341 2020 1368 2047 et
1391 2026 1503 2048 corum
1526 2015 1537 2038 1
1561 2016 1731 2048 ordinariis
1757 2016 1939 2057 reservatis,

1192 2074 1417 2112 praeterquam
1443 2080 1460 2101 a
1485 2069 1642 2101 contentis
1663 2069 1694 2101 in
1714 2069 1815 2102 literis
1834 2069 1866 2102 in
1891 2069 1941 2103 die

1191 2121 1315 2155 Coenae
1336 2123 1461 2155 Domini
1477 2123 1538 2165 legi
1559 2123 1670 2162 solitis,
1688 2128 1737 2155 ter
1752 2124 1784 2156 in
1803 2124 1865 2156 vita
1884 2124 1942 2156 ab·

1192 2176 1323 2216 solvere,
1337 2182 1363 2209 et
1387 2176 1430 2209 eis
1450 2177 1677 2221 poenitentiam
1700 2178 1871 2211 salutarem
1893 2177 1942 2210 in-

1191 2230 1336 2272 iungere.

1236 2288 1250 2329 ,Q
1271 2288 1322 2321 (18.
1347 2289 1476 2322 Necnon
1503 2289 1644 2323 eiusdem
1672 2289 1942 2324 confraternitatis
1965 2306 2136 2333 studiaquflpw

1192 2337 1503 2371 administratoribus
1519 2344 1547 2371 et
1565 2340 1778 2373 confratribus
1790 2350 1849 2383 pro
1864 2345 1942 2373 tem·
1958 2339 2058 2364 '‘³3³¹''m0
2071 2338 2139 2358 ΜΗ

1193 2398 1270 2429 pore
1301 2387 1516 2427 existentibus,
1546 2399 1604 2432 pro
1626 2389 1711 2421 illius
1744 2394 1826 2423 statu
1857 2389 1942 2422 salu·
1958 2368 2139 2422 Eiiiilssi‘iif¹‘'“¹⁵

1192 2436 1290 2468 hriori
1312 2437 1488 2479 dirigendo,
1510 2444 1543 2470 ut
1561 2450 1786 2482 quaecumque
1807 2438 1891 2471 licita
1913 2445 1941 2472 et

1193 2485 1324 2517 honesta
1358 2491 1472 2519 statuta
1498 2492 1525 2519 ct
1555 2488 1771 2521 ordinationes
1798 2487 1871 2520 felix
1894 2498 1942 2521 re-

1192 2534 1297 2576 gimen
1319 2539 1346 2566 ct
1369 2546 1559 2578 prosperum
1591 2542 1705 2569 statum
1726 2548 1761 2569 ac
1785 2536 1942 2579 guberna-

1192 2583 1309 2615 tionem
1328 2583 1456 2616 illormn
1470 2590 1498 2617 et
1510 2585 1645 2618 aliarum
1659 2597 1940 2630 quarumcumque

1229 2652 1237 2676 1
1259 2652 1289 2676 ΕΙ
1310 2652 1437 2683 Iocorum,
1458 2651 1553 2687 Ripoll.
1576 2652 1613 2688 (n.
1635 2653 1683 2689 T.).

1971 840 2000 860 Αι·
2018 846 2036 860 ni
2053 839 2140 860 lteram

1957 877 1998 891 nou
2023 871 2141 892 valentibus

1957 902 2078 923 Sam-amen.
2107 909 2142 922 ns—

1957 934 2046 958 sociare,
2062 933 2098 953 sed
2117 939 2142 954 o-

1957 965 2051 986 rantibus
2068 964 2140 985 uth'c.

1972 1386 2066 1406 facultas
2088 1392 2140 1407 con-

1956 1417 2042 1438 stan-uui
2062 1418 2140 1444 eligen-

1957 1450 1976 1469 di
1995 1448 2139 1469 consessorem

1957 1481 1990 1507 qni
2012 1486 2049 1501 eos
2069 1479 2140 1501 absul-

1957 1514 1989 1532 vat
2005 1514 2054 1537 ete,
