2227 3001
206 269 255 296 Αῐι.
274 269 303 297 C.
323 269 385 297 ¹50¹

214 970 326 992 Decretum
339 969 385 990 irri-

201 1006 256 1024 tans.

224 2153 303 2175 Causae
321 2153 381 2174 huius

199 2185 362 2206 constitutionis.

446 257 510 295 316

403 324 467 357 rint
483 324 515 356 in
536 324 681 358 fraudem
697 322 883 357 huiusmodi
905 322 1152 362 constitutionis,

403 387 467 410 non
487 378 667 420 suffragari.
691 378 727 409 Et
747 376 771 408 si
792 376 825 416 ii,
843 376 897 419 qui
914 377 1155 420 impetrationes

403 431 497 463 modo
515 431 675 474 praedicto
697 429 841 469 fecerint,
859 429 1016 462 beneficia
1037 430 1081 462 sic
1098 430 1154 462 im-

402 488 524 526 petrata
554 483 805 525 resignaverint,
830 483 1102 525 quandocumque
1123 484 1151 515 id

402 536 546 576 fecerint,
565 536 646 571 illos,
665 535 783 578 quibus
803 535 841 568 de
861 536 1026 569 beneficiis
1041 536 1153 569 huius-

401 590 486 622 modi
506 601 565 633 per
584 590 831 632 resignationem
856 590 894 622 de
916 590 960 623 eis
984 590 1098 622 factam
1124 595 1153 622 et

400 643 569 675 admissam
592 643 753 686 provisum
770 643 877 683 fucrit,
900 643 1059 687 praesenti
1081 653 1154 676 con-

400 696 554 729 stitutioni
575 696 753 737 subiacere,
776 697 851 729 etin
872 697 983 729 eodem
1005 702 1099 736 statu,
1122 697 1153 729 in

399 760 463 793 quo
484 749 588 782 dictus
617 750 782 792 resignans
801 755 946 793 tempore
967 750 1153 783 huiusmodi

400 803 622 846 resignationis
642 810 725 844 erat,
757 804 863 847 quoad
897 805 958 837 hoc
979 803 1103 837 censeri
1124 809 1152 836 01

401 867 481 889 esse.

443 910 458 953 ἓ
483 910 513 943 6.
543 910 659 954 Sicque
679 911 711 943 in
733 910 915 954 praemissis
936 911 1087 943 omnibus
1103 910 1152 943 iu-

400 963 574 997 dicandum
590 965 667 1005 sore,
684 965 817 1005 sublata,
837 970 909 1005 etc.;
928 965 1053 997 irritum
1071 976 1152 1009 quo-

400 1029 462 1061 que
488 1023 545 1051 etc.

444 1072 561 1112 Placet,
584 1073 768 1116 publicetur
788 1079 818 1107 ct
835 1073 1045 1107 describatur.
1070 1075 1104 1106 A.

442 1126 535 1158 Lecta
570 1132 600 1159 et
628 1126 789 1170 publicata
817 1127 875 1160 suit
899 1127 931 1160 iu
956 1127 1151 1161 Cancellaria

399 1179 580 1222 Apostolica
616 1179 666 1212 die
705 1180 843 1219 sabbati,
865 1180 1151 1225 vigesimaseptima

399 1233 526 1275 augusti
560 1239 591 1266 et
625 1233 801 1266 successive
832 1234 1003 1267 undecima
1023 1235 1151 1267 decem-

400 1286 475 1323 bris,
497 1297 581 1319 anno
602 1287 773 1320 millesimo
794 1288 1051 1331 quingentesimo
1071 1299 1150 1331 qua-

400 1340 578 1382 dragesimo
599 1341 715 1384 primo.

421 1402 493 1432 Pub.
510 1403 555 1433 die
574 1404 604 1433 11
625 1404 737 1434 deceni.
754 1405 840 1441 1541,
858 1404 958 1444 pontis.
976 1414 1052 1434 anno
1065 1414 1124 1434 vui.

704 1655 846 1688 xxxx'll.

405 1741 576 1774 innovatio
598 1741 765 1774 literarum
790 1741 1041 1783 Bom'facv'iPP.
1068 1741 1151 1774 VIII

441 1805 535 1838 super
554 1795 709 1828 solutione
728 1796 939 1833 dccimarmn,
957 1806 1029 1827 cum
1044 1795 1148 1829 ‹lesla-

442 1849 568 1881 ratione
591 1849 673 1891 qnod
689 1849 725 1881 de
748 1849 1029 1882 cle'stributionibus
1045 1850 1147 1892 quoti-

442 1903 552 1934 dianis
572 1903 695 1936 decima
714 1904 813 1936 etiam
832 1903 911 1935 solvi
926 1903 1033 1936 debeat
1055 1903 1079 1935 ¹.

425 2001 525 2030 Paulus
542 2002 613 2037 Papa
632 2002 676 2036 111,
693 2003 726 2030 ad
745 2002 871 2031 futuram
891 2002 931 2031 rei
951 2002 1118 2032 memoriam.

441 2090 456 2133 ἓ
480 2090 511 2123 1.
535 2090 626 2132 Cum,
642 2091 722 2124 sicut
740 2091 936 2135 accepimus,
953 2091 1074 2124 diversa
1095 2102 1147 2124 ca-

398 2143 499 2188 pitula
522 2145 753 2178 cathedralium
774 2156 810 2178 ac
838 2145 1079 2188 collegiatarum
1101 2157 1149 2179 cc-

399 2198 588 2238 clesiarum,
617 2199 676 2231 sub
717 2205 882 2242 praetextu
916 2200 1002 2243 quod
1037 2211 1147 2233 earum

398 2263 520 2285 massae
552 2264 607 2286 scu
633 2265 760 2287 mensae
786 2254 979 2297 capitulares
998 2254 1148 2287 distribu—

397 2307 539 2339 tionibus
555 2307 748 2349 quotidianis
772 2313 928 2349 constent,
942 2309 980 2341 de
993 2309 1148 2342 fructibus

399 2366 429 2393 et
449 2360 624 2394 redditibus
636 2361 729 2394 certis
741 2362 927 2395 earumdem
936 2362 1076 2395 decimas
1090 2374 1147 2405 pro

398 2419 543 2458 tempore
576 2415 739 2458 impositas
768 2417 888 2448 solvere
918 2416 1079 2453 differant,
1116 2416 1147 2449 in

397 2477 551 2510 magnum
580 2467 731 2501 Gamerae
761 2468 962 2512 Apostolicae
988 2469 1148 2512 praeiudi-

399 2520 496 2553 cium.

441 2573 493 2617 §2
504 2573 577 2615 Nos,
585 2574 782 2608 attendentes
791 2575 987 2618 quodselicis
998 2576 1148 2610 recorda-

436 2667 447 2692 ¹
474 2666 514 2693 Ex
538 2666 644 2702 Regest..
661 2667 686 2694 in
704 2666 815 2695 Archiv.
833 2667 917 2694 Vatic.

998 266 1178 293 BULLARIUM
1201 266 1352 293 ROMANUM

1197 321 1292 354 tionis
1304 321 1484 355 Bonifacius
1497 320 1651 365 Papavlll
1660 320 1698 354 de
1710 319 1943 354 distributioni-

1197 375 1455 417 l‘nisquotidianis
1464 376 1619 408 decimam
1628 375 1704 409 solvi
1713 375 1828 408 dehere
1838 374 1944 407 decla·
1958 363 1970 384 ᾳ

1197 428 1292 468 ravit,
1325 428 1467 461 eiusdem
1501 429 1665 467 Bonifacii,
1689 427 1945 472 praedecessoris

1197 482 1307 521 nostri,
1329 481 1467 525 vestigiis
1478 481 1691 523 inhaerentes,
1711 488 1799 515 motu
1812 482 1945 526 proprio

1197 541 1223 569 ot
1250 547 1286 568 cx
1306 542 1392 568 certa
1412 536 1542 568 scientia
1561 536 1720 575 volumus,
1743 536 1947 569 decernimus

1197 595 1226 621 et
1241 589 1442 622 declaramus
1470 588 1557 631 quod
1573 600 1797 632 quaecumque
1808 590 1947 633 capitula

1197 642 1429 675 cathedralium
1445 648 1473 675 01
1491 641 1810 685 metropolitanarum
1831 653 1866 675 ac
1883 643 1947 676 col-

1197 695 1383 738 legiatarum
1405 695 1613 729 ecclesiarum
1629 706 1687 739 per
1701 700 1798 728 totam
1810 697 1945 738 Italiam,

1196 749 1290 782 etiam
1320 750 1351 783 in
1385 761 1484 794 regno
1512 749 1650 789 Siciliae,
1670 749 1885 791 consistentia,
1909 752 1947 784 de

1195 803 1474 836 distributionibus
1493 802 1703 846 quotidianis,
1730 803 1761 835 in
1791 803 1948 837 fructibus

1196 857 1290 889 certis
1306 856 1563 892 consistentibus,
1574 862 1602 889 et
1616 856 1702 895 alias,
1712 855 1798 888 iuxta
1812 857 1947 890 sormam

1196 910 1423 953 extravagantis
1442 910 1595 943 Bonifacii
1615 910 1871 954 praedecessoris
1889 911 1948 943 hu-

1196 963 1342 1003 iusmodi,
1363 965 1494 1004 solvere,
1516 970 1543 997 et
1559 964 1638 997 adid
1655 975 1712 1007 per
1727 974 1879 997 censuras
1898 975 1949 998 ec-

1195 1018 1386 1051 clesiasticas
1401 1024 1431 1051 ct
1446 1018 1506 1051 alia
1516 1023 1699 1062 opportuna
1710 1017 1947 1059 iurisremedia,

1195 1083 1252 1114 pro
1287 1072 1420 1105 decimis
1441 1071 1627 1116 penultimis
1668 1082 1704 1104 ac
1737 1071 1858 1104 ultimis
1890 1083 1948 1115 per

1196 1136 1252 1158 nos
1273 1125 1429 1169 impositis
1453 1137 1549 1169 quam
1571 1126 1603 1158 in
1620 1126 1764 1158 futurum
1781 1126 1948 1170 imponen-

1194 1178 1253 1216 dis,
1276 1179 1345 1221 cogi
1360 1184 1388 1211 ct
1406 1180 1556 1223 compelli
1577 1179 1724 1212 debeant.

1237 1233 1252 1275 ξ
1276 1232 1306 1265 3.
1330 1233 1398 1266 Non
1414 1233 1614 1266 obstantibus
1633 1233 1817 1276 apostolicis
1827 1234 1946 1267 consti-

1194 1286 1371 1319 tutionibus
1381 1293 1411 1320 ct
1425 1287 1691 1327 ordinationibus,
1703 1297 1739 1320 ac
1751 1286 1943 1330 iuramento,

1194 1340 1438 1374 confirmatione
1475 1341 1651 1384 apostolica
1686 1341 1733 1373 vel
1763 1341 1872 1384 quavis
1894 1342 1947 1375 fir-

1195 1392 1300 1426 mitate
1316 1394 1376 1426 alia
1396 1394 1555 1427 roboratis
1578 1393 1702 1426 statutis
1722 1399 1752 1427 et
1771 1400 1945 1428 consuetu-

1193 1445 1333 1486 dinibus,
1369 1447 1542 1490 privilcgiis
1564 1458 1714 1491 quoque,
1749 1447 1881 1481 indultis
1909 1459 1945 1481 ac

1192 1498 1291 1532 literis
1311 1501 1494 1544 apostolicis
1513 1512 1571 1544 per
1590 1512 1813 1544 quoscumque
1828 1502 1944 1535 Roma-

1193 1564 1250 1586 nos
1274 1554 1445 1587 Pontifices
1469 1555 1732 1598 praedecessores
1765 1560 1889 1588 nostros
1908 1566 1944 1588 ac

1193 1617 1250 1640 nos
1270 1613 1299 1640 et
1319 1609 1433 1642 Sedem
1458 1609 1672 1653 Apostolicam
1702 1610 1945 1653 quomodolibet

1192 1662 1363 1702 concessis,
1382 1663 1580 1696 confirmatis
1589 1663 1794 1705 etinnovatis,
1812 1664 1941 1707 quibus,

1192 1715 1320 1748 illorum
1340 1722 1483 1755 tenores,
1515 1728 1627 1749 causas
1646 1722 1677 1749 et
1704 1717 1835 1749 effectus
1855 1728 1946 1761 prae-

1191 1770 1333 1802 sentibus
1341 1782 1398 1814 pro
1406 1770 1602 1803 sufficienter
1611 1770 1767 1812 expressis
1777 1771 1942 1813 habentes,

1190 1824 1305 1855 harum
1327 1824 1407 1857 serie
1428 1825 1610 1868 specialiter
1630 1830 1660 1858 et
1680 1835 1827 1869 expresse
1852 1826 1944 1859 dero-

1191 1887 1302 1919 gamus
1321 1905 1327 1917 ,
1373 1877 1551 1920 ceterisque
1596 1878 1764 1911 contrariis
1809 1879 1943 1922 quibus-

1192 1942 1341 1973 cumque.
1370 1931 1432 1964 Nos
1462 1931 1546 1964 enim
1572 1943 1715 1965 exnunc
1741 1932 1866 1965 irritum
1887 1933 1942 1966 de-

1191 1984 1353 2018 cernimus
1382 1991 1412 2018 et
1439 1985 1533 2019 inane
1553 1985 1710 2030 quidquid
1735 1997 1826 2019 secus
1846 1997 1944 2030 super

1190 2037 1238 2070 his
1248 2049 1264 2070 a
1274 2050 1450 2082 quoquam,
1464 2040 1573 2083 quavis
1593 2039 1794 2081 auctoritate,
1806 2040 1944 2073 scienter

1190 2092 1236 2124 vel
1257 2091 1442 2133 ignoranter
1461 2093 1640 2136 contigerit,
1663 2093 1821 2126 attentari.

1961 1277 1968 1295 t

1958 263 2007 292 An.
2025 265 2054 292 C.
2072 263 2136 292 litut

1981 326 2098 348 Declaratio
2108 326 2142 352 (do

1972 363 1998 377 ua
2006 357 2029 377 in
2039 357 2140 383 rubrica).

1973 1243 2085 1269 Derogauo
2094 1248 2142 1264 con-

1971 1280 2081 1296 ranorum.

1236 2146 1251 2188 ξ
1270 2145 1301 2178 4.
1330 2146 1366 2178 Ε1
1385 2146 1518 2190 insuper
1536 2147 1684 2180 volumus
1704 2153 1732 2180 01
1754 2147 1838 2179 dicta
1863 2157 1941 2191 apo·
1956 2158 2018 2180 rides
2033 2162 2139 2180 transum-

1191 2199 1301 2232 stolica
1317 2199 1505 2232 auctoritate
1517 2200 1722 2233 decernimus
1744 2200 1831 2243 quod
1846 2211 1939 2243 prae-

1191 2253 1328 2286 sentium
1337 2254 1555 2298 transumptis,
1567 2264 1663 2286 manu
1672 2254 1809 2287 alicuius
1823 2254 1940 2287 notarii

1191 2308 1311 2351 publici
1332 2308 1536 2351 subscriptis,
1559 2312 1615 2341 etc.

1233 2362 1346 2395 Datum
1366 2363 1484 2395 Romae
1509 2363 1594 2405 apud
1624 2363 1775 2396 Sanctum
1795 2363 1936 2404 Petrum,

1190 2414 1249 2446 sub
1268 2416 1388 2448 annulo
1410 2415 1590 2455 Piscatoris‚
1609 2416 1659 2449 die
1674 2426 1744 2449 xxvi
1758 2417 1939 2450 novembris

1190 2478 1298 2509 MDXLJ,
1320 2468 1524 2512 pontificatus
1544 2469 1643 2502 nostri
1663 2480 1747 2502 anno
1769 2479 1835 2503 vul.

1258 2521 1318 2551 Dat.
1334 2522 1380 2552 die
1392 2522 1430 2552 26
1442 2522 1504 2552 dec.
1522 2523 1604 2561 15111,
1622 2523 1722 2562 pontif.
1740 2533 1816 2553 anno
1828 2532 1887 2554 vm.

1955 2193 2044 2217 plorum.
