2227 3001
188 303 239 328 An.
257 300 286 327 C.
305 301 371 326 ¹5⁸5

388 352 461 392 illis,
476 351 531 395 qui
553 356 598 383 est
617 349 787 383 laudabilis
807 353 836 381 et
856 346 1055 390 gloriosusin
1066 355 1135 377 sae-

386 405 470 444 cula,
483 404 566 437 diem
577 403 667 435 illum
678 399 923 435 canonizationis
938 398 1039 441 ipsius
1053 397 1136 429 beati

386 457 537 490 Antonini
555 457 586 488 in
606 455 710 488 medio
728 454 876 487 basilicae
886 451 1043 494 Principis
1057 461 1135 493 apo-

387 511 543 544 stolorum
571 510 609 543 de
641 509 745 548 Urbe,
773 518 837 550 quo
868 505 1004 538 maxima
1033 503 1137 536 omnis

387 563 513 605 generis
532 563 718 605 ordinisque
735 558 905 593 multitudo
923 557 1133 597 confluxerat,

389 616 598 649 celebrandae
619 618 782 651 statuerat,
794 612 861 651 uhi,
877 616 998 643 astante
1016 610 1136 654 populo

388 675 418 701 et
437 669 584 702 universo
606 668 708 706 clero,
731 666 768 698 de
784 665 845 697 vita
865 669 894 696 et
914 664 997 696 fama
1018 668 1048 695 et
1077 663 1136 694 mi-

389 722 506 755 raculis
533 720 675 753 eiusdem
697 717 860 757 Antonini,
871 717 985 749 humili
996 717 1136 749 devotio-

388 785 492 818 neque
501 774 596 817 pleno
604 783 752 805 sermone
765 782 823 815 per
836 770 984 803 eumdem
1006 769 1138 802 Hadria-

387 838 464 860 num
484 826 763 869 praedecessorem
776 851 783 863 ,
798 829 830 856 ut
853 824 952 856 moris
971 827 1028 862 est,
1046 822 1137 855 hahi-

388 887 430 913 to:
449 879 562 911 deinde
583 878 693 911 litania
714 883 741 910 et
768 878 887 920 hymno
909 876 987 908 l'em'
1007 875 1139 909 Creator

386 933 528 975 Spiritus
556 932 666 964 devote
687 931 839 969 cantatis,
863 940 899 962 ac
921 929 1052 971 reliquis
1072 940 1139 962 om-

387 986 483 1019 nibus
495 984 635 1027 legitime
648 984 798 1027 peractis,
810 982 994 1026 praedictus
1011 981 1138 1015 Ordinis

387 1038 647 1071 Praedicatorum
659 1037 690 1069 in
702 1047 797 1070 causa
815 1040 1007 1079 procurator
1024 1036 1055 1067 in
1071 1046 1138 1068 me-

388 1092 439 1124 dio
467 1097 571 1129 stans,
594 1090 780 1133 dictumque
807 1089 887 1121 illud
912 1088 993 1120 beati
1014 1088 1139 1121 Ioannis

388 1143 522 1188 apostoli
552 1143 638 1176 clara
661 1153 736 1175 voce
758 1152 958 1185 proponens,
981 1141 1137 1174 videlicet:

390 1198 463 1230 Tres
481 1202 556 1229 sunl
572 1198 627 1240 qui
653 1196 873 1229 testimonialia
898 1196 977 1227 (lant
991 1195 1022 1226 [n
1045 1195 1137 1233 coelo,

388 1251 499 1290 Pater,
528 1250 657 1282 Verbum
681 1254 708 1281 e!
729 1249 872 1291 Spiritus
891 1247 1042 1286 Sanetus,
1065 1258 1139 1290 pro-

388 1303 516 1336 baverat
550 1302 633 1346 ipsas
662 1302 773 1335 beatae
801 1300 961 1333 Trinitatis
988 1311 1141 1343 personas

389 1356 608 1389 testimonium
630 1355 799 1398 perhibere
817 1354 905 1397 quod
923 1353 1034 1386 heatus
1046 1353 1141 1385 Anto-

388 1410 484 1442 ninus
494 1409 525 1441 in
538 1409 634 1441 coelis
643 1414 735 1441 esset.
748 1407 872 1439 Patrem
882 1406 1025 1438 videlicet
1042 1407 1073 1438 in
1086 1406 1142 1438 mi-

389 1462 575 1495 raculorum
588 1462 740 1505 potentia,
752 1460 867 1492 Filium
882 1459 913 1491 in
928 1459 1082 1491 doctrina]
1097 1470 1143 1491 sa-

390 1515 521 1559 pientia,
538 1520 566 1547 et
580 1515 733 1558 Spiritum
746 1514 898 1546 Sanctum
914 1512 945 1544 in
958 1512 1028 1544 ritae
1044 1512 1143 1555 ipsius

390 1569 541 1601 bonitate.
565 1569 601 1600 Et
625 1573 796 1611 propterea
821 1576 885 1598 nou
911 1566 1016 1598 solum
1044 1565 1144 1597 nomi—

391 1621 485 1654 nibus
505 1621 664 1660 omnium,
686 1620 740 1663 qui
762 1620 952 1652 antedictam
974 1618 1143 1650 canoniza-

392 1674 511 1707 tionem
532 1674 602 1707 tieri
624 1673 895 1717 supplicaverant,
918 1672 971 1704 sed
992 1671 1087 1704 etiam
1108 1682 1142 1703 ex

392 1727 591 1771 parteipsius
607 1733 724 1760 sancta*
741 1738 775 1758 ac
787 1736 921 1758 summae
931 1730 961 1757 et
976 1724 1144 1757 11111111111151ι

393 1780 565 1820 Trinitatis,
588 1780 688 1813 Patris
705 1785 733 1812 ct
752 1779 820 1811 Filii
838 1784 865 1811 et
878 1778 1014 1822 Spiritus
1024 1778 1142 1817 Sancti,

393 1839 551 1876 quatenus
562 1833 627 1876 ipse.
638 1833 817 1866 Hadrianus
828 1831 1044 1874 praedecessor
1054 1841 1144 1863 eum-

393 1887 466 1919 dem
487 1887 521 1919 B.
544 1886 740 1919 Antoninum
763 1891 908 1917 sanetum
930 1884 1145 1927 pronunciare

394 1939 580 1981 dignaretur
590 1940 812 1983 postulaverat.
824 1938 865 1970 Ea
875 1943 1007 1981 propter
1016 1936 1146 1969 lladria-

394 2003 456 2025 uus
476 1993 703 2035 praedecessor
719 1990 916 2031 huiusmodi,
939 1990 1146 2023 considerans

395 2045 481 2088 quod
493 2045 524 2077 in
535 2046 645 2078 eadem
667 2044 909 2078 canonizatione
929 2054 994 2076 non
1010 2043 1145 2087 permis-

395 2109 491 2131 surus
511 2104 591 2131 essct
612 2099 695 2131 Deus
716 2098 821 2141 ipsum
843 2096 1147 2139 errare,quiomnia

397 2151 428 2183 in
439 2162 474 2184 ca
484 2152 723 2194 quomodolibet
736 2151 886 2193 requisita
897 2151 1060 2183 observata
1071 2149 1147 2181 suis-

397 2214 429 2236 se
451 2210 641 2247 cognoverat
663 2210 692 2237 et
712 2203 871 2237 observari
894 2203 1009 2235 fecerat
1023 2229 1030 2240 ,
1052 2207 1147 2245 prout

397 2257 629 2297 observaverat,
653 2257 711 2289 sub
732 2257 804 2289 data
819 2256 962 2288 videlicet
985 2256 1086 2299 pridie
1097 2256 1150 2287 lta-

979 292 1157 318 BULLARIUM

397 2315 507 2348 lendas
527 2314 619 2352 iunii,
642 2313 846 2357 pontificatus
857 2314 905 2345 sui
922 2324 1006 2345 anno
1031 2313 1146 2356 primo,

397 2371 437 2404 de
470 2372 659 2404 eorumdem
693 2372 826 2403 fratrum
862 2380 995 2402 suorum
1023 2376 1150 2403 sanctae

400 2428 561 2462 Romanae
582 2428 741 2461 Ecclesiae
760 2427 970 2460 cardinalium
989 2427 1150 2459 omnium—

399 2496 462 2529 que
473 2486 689 2529 praelatorum
709 2485 739 2517 in
755 2485 896 2517 Romana
908 2484 1002 2517 Curia
1018 2485 1151 2517 existen-
1169 2508 1173 2523 :

400 2543 480 2574 tium
493 2542 636 2575 unanimi
653 2553 811 2575 consensu
828 2547 855 2574 et
868 2547 993 2574 maturo
1004 2541 1150 2581 consilio,
1170 2530 1173 2549 ¹

400 2599 439 2631 de
460 2599 687 2642 omnipotentis
706 2599 760 2631 Dei
782 2598 999 2630 misericordia
1021 2608 1055 2630 ac
1077 2597 1151 2629 hea—

1182 286 1331 314 ROMAM‘M

1176 341 1320 374 ctoritate
1341 340 1613 379 confisus,beatae
1633 336 1807 371 memoriae
1826 337 1923 369 Anto-

1175 393 1287 426 ninum
1298 393 1532 433 Florentinum,
1546 402 1654 425 sacrae
1664 389 1842 433 theologiae
1854 399 1925 433 pro-

1177 446 1342 486 fessorem,
1366 456 1400 478 ex
1421 445 1544 487 gremio
1564 444 1646 478 sacri
1666 444 1739 477 Ord.
1762 443 1926 477 Praedica-

1176 504 1283 531 torum
1311 503 1342 530 et
1362 508 1398 530 ex
1432 498 1538 531 officio
1564 497 1735 530 vicariatus
1769 495 1926 539 generalis

1176 549 1433 593 congregationis
1458 550 1613 583 Thuseiae
1639 549 1795 592 regularis
1816 549 1925 581 obser-

1175 604 1297 637 vantiae
1308 603 1495 636 huiusmodi
1514 603 1545 635 in
1562 602 1841 646 archiepiscopum
1857 601 1927 633 Flo-

1177 657 1340 689 rentinum
1351 660 1715 699 assumptum,sanctum
1728 661 1841 695 esse,et
1851 654 1927 687 alio-

1177 720 1249 742 rum
1257 714 1440 742 sauctorum
1454 709 1507 741 Dei
1525 709 1667 751 catalogo
1679 708 1925 740 adscribendum

1178 768 1205 795 ct
1219 762 1457 805 aggregandum
1473 762 1553 801 sore,
1571 772 1607 793 ac
1624 761 1760 794 fideliter
1775 761 1926 794 firmiter-

1177 826 1239 858 que
1252 814 1353 847 teneri
1365 814 1481 855 debere
1497 814 1647 854 decrevit,
1666 814 1836 858 ipsumque
1854 824 1926 847 san-

1178 874 1304 902 ctorum
1328 868 1549 901 1⁷·onfessorum
1578 873 1608 899 ct
1635 868 1822 908 doctorum,
1847 877 1928 911 quos

1178 921 1347 954 sanctaDei
1359 926 1528 953 veneratur
1537 920 1690 959 Ecclesia,
1705 920 1865 953 consortio
1875 930 1927 953 so-

1178 974 1326 1006 lemniter
1342 973 1511 1017 adscripsit
1527 973 1784 1016 agot-egaritque,
1803 984 1839 1006 ac
1854 984 1928 1006 eum

1179 1033 1341 1070 tamquam
1378 1032 1523 1059 sanctum
1553 1026 1681 1069 publice
1717 1026 1929 1069 privatimque

1180 1080 1352 1113 colendum
1373 1090 1440 1112 esse
1461 1079 1631 1112 declararit
1651 1090 1688 1112 ac
1708 1079 1817 1112 voluit.

1223 1134 1238 1176 ξ
1259 1132 1311 1166 32.
1339 1133 1517 1175 Statuitque
1541 1138 1571 1165 et
1591 1132 1749 1165 mandarit
1774 1132 1930 1165 universis

1179 1185 1415 1218 venerabililnis
1436 1186 1586 1218 fratribus
1611 1185 1738 1226 nostris,
1756 1191 1833 1218 tunc
1850 1185 1927 1225 suls,

1181 1238 1389 1282 patriarchis,
1420 1238 1688 1281 archiepiscopis,
1716 1238 1874 1281 episcopis
1900 1243 1931 1271 et

1181 1292 1303 1324 dilectis
1323 1291 1396 1323 tiliis
1416 1291 1588 1331 dietorum,
1600 1302 1636 1323 ac
1652 1290 1929 1334 patriarchalium,

1181 1344 1501 1388 metropolitanarum
1522 1349 1551 1376 et
1572 1343 1804 1376 cathedralium
1828 1344 1931 1376 eccle-

1182 1397 1302 1429 siarum
1332 1397 1480 1440 capitulis
1506 1402 1536 1429 et
1556 1397 1742 1440 quorumvis
1761 1396 1930 1438 Ordinum,

1182 1455 1245 1482 tani
1266 1449 1513 1493 Mendicantium
1543 1460 1640 1492 quani
1664 1460 1729 1483 non
1749 1450 1931 1483 lllendican-

1183 1503 1281 1543 tium,
1299 1503 1546 1546 professoribus,
1564 1514 1622 1536 nce
1639 1514 1703 1536 non
1719 1503 1931 1546 quibuscum-

1183 1567 1245 1598 que
1256 1556 1480 1589 ecclesiasticis
1495 1556 1651 1599 personis,
1664 1556 1822 1589 utsestum
1832 1556 1932 1600 ipsius

1184 1608 1283 1641 sancti
1303 1608 1465 1649 Antonini,
1484 1609 1625 1641 secunda
1640 1608 1690 1641 die
1711 1609 1828 1642 mensis
1843 1609 1930 1649 maii,

1183 1661 1319 1704 quadie,
1331 1673 1412 1694 nexu
1426 1661 1530 1694 carnis
1539 1662 1654 1702 soluta,
1665 1661 1735 1694 eius
1748 1661 1854 1694 anima
1862 1673 1933 1706 pre-

1184 1714 1269 1747 ciosa
1289 1716 1395 1748 coelos
1415 1715 1613 1755 ascenderat,
1632 1714 1765 1757 singulis
1779 1715 1871 1748 annis
1886 1725 1935 1748 so-

1185 1768 1334 1800 lemniter
1360 1773 1390 1800 ct
1413 1768 1527 1800 devote
1549 1768 1768 1808 celebrarent,
1793 1767 1935 1800 divinum

1185 1821 1339 1861 officium,
1355 1820 1450 1853 reluti
1467 1831 1525 1864 pro
1546 1832 1610 1853 uno
1632 1822 1813 1854 consessore
1828 1820 1934 1865 ponti-

1186 1873 1245 1906 tice
1261 1874 1511 1914 etdoctorc,tam
1523 1874 1650 1917 publice
1667 1884 1764 1916 quam
1774 1874 1934 1917 privatim,

1186 1934 1282 1970 prout
1315 1927 1529 1969 contingeret,
1560 1927 1780 1970 persolvendo.
1811 1926 1937 1959 Dilectis

1187 1990 1260 2012 vero
1281 1980 1355 2012 tiliis
1371 1979 1523 2028 fratribus
1543 1979 1617 2011 dicti
1634 1979 1759 2012 Ordinis
1768 1979 1936 2012 Praedica-

1187 2038 1293 2065 torum
1302 2032 1486 2066 huiusmodi
1494 2032 1648 2074 osticium,
1659 2033 1717 2065 sub
1728 2033 1849 2077 duplici
1858 2034 1937 2066 sesto

1187 2091 1215 2118 ct
1233 2086 1357 2127 maiori,
1381 2097 1454 2119 eum
1468 2085 1595 2125 octaris,
1618 2097 1654 2118 eo
1670 2086 1766 2118 modo
1782 2096 1846 2129 quo
1858 2085 1937 2118 alio-

1188 2150 1259 2171 rum
1270 2139 1344 2172 dicti
1352 2139 1478 2173 Ordinis
1486 2138 1743 2171 Praedicatorum
1754 2143 1938 2171 sanctorum

1189 2193 1352 2225 celebrare
1373 2193 1462 2232 festa,
1486 2198 1549 2225 tam
1566 2191 1597 2223 in
1614 2191 1663 2224 die
1684 2202 1781 2234 quam
1804 2191 1837 2224 in
1852 2197 1939 2224 octa-

1188 2245 1232 2277 ris
1253 2251 1495 2285 consueverant,
1509 2244 1601 2277 ctiam
1623 2244 1655 2276 in
1674 2244 1825 2277 vacantiis
1844 2244 1939 2277 seria-

1190 2313 1261 2335 rum
1282 2303 1564 2336 hebdomadalium
1591 2302 1622 2334 in
1651 2301 1825 2345 provincia,
1855 2302 1941 2335 iuxta

1190 2361 1455 2393 consuetudinem
1466 2359 1591 2393 Ordinis
1607 2359 1741 2402 praefati,
1758 2359 1941 2393 celebrandi

1191 2418 1349 2451 concessit
1365 2419 1559 2451 facultatem.

1235 2479 1250 2519 δ’
1270 2476 1322 2508 33.
1342 2476 1463 2514 Quibus
1483 2475 1587 2508 debite
1609 2476 1757 2519 peractis,
1780 2475 1943 2509 inchoato-

1191 2545 1253 2577 qne
1266 2533 1481 2577 pei-cumdem
1502 2533 1699 2566 Hadrianum
1720 2533 1943 2578 praedecesso—

1193 2603 1259 2624 rem
1282 2596 1311 2624 et
1338 2592 1524 2631 decantato,
1556 2603 1591 2623 ac
1619 2592 1656 2623 ad
1685 2591 1782 2624 tinem
1804 2600 1905 2633 usquc
1925 2600 1943 2622 a

1939 279 1990 307 An.
2009 276 2120 308 (21523

1944 1145 2069 1171 Festumque
2079 1144 2127 1170 ipsi-

1943 1183 1967 1197 us
1982 1176 2016 1196 die
2035 1175 2129 1194 secunda

1945 1209 1992 1228 maii
2023 1204 2129 1226 celebrari

1945 1239 2014 1265 iussin

1971 2490 2086 2511 Decantato
2104 2495 2141 2517 [ιο-

1958 2525 2004 2542 stea
2019 2522 2095 2548 hymno
2116 2521 2142 2540 Τι·

1957 2553 2021 2573 Deam
2035 2552 2143 2572 laudunum

1958 2587 2008 2609 οἱα,
2025 2583 2143 2604 orationem

1959 2615 2063 2642 propriam
2082 2614 2107 2634 de
2123 2614 2143 2633 i-

401 2662 508 2690 torum
522 2657 604 2688 l'ctri
625 2662 654 2688 et
672 2656 759 2689 l'auli
780 2656 1000 2698 apostolormn
1018 2654 1152 2686 eiusau-
1171 2657 1176 2720 ι
1194 2649 1376 2681 cantoribus
1393 2654 1562 2691 prosecuto
1584 2648 1701 2692 hymno
1715 2648 1753 2681 Te
1768 2647 1943 2681 Deumlalt·
1960 2645 2143 2674 ⁹³⁰5··⁴¹¹¹⁰¹¹¹²¹⁰
