2227 3001
216 251 255 276 :ln
285 249 313 276 C.
335 251 393 277 15:21

224 1325 394 1350 Exempiinnniii-

211 1363 250 1384 que
275 1363 286 1377 a
309 1358 393 1377 demini<

248 1805 395 1833 Vectigatirpio

211 1839 253 1859 vtiii
266 1845 302 1864 ,iro
314 1844 349 1859 sex
358 1844 395 1859 ve-

211 1871 293 1896 getibus
308 1869 327 1890 2.

226 2068 330 2089 lii-lullum
343 2070 397 2089 virt-

213 2101 268 2120 teiidi
294 2100 397 2120 recti-xli.-

214 2136 251 2151 ΗΓ.
265 2135 284 2150 rt
297 2138 332 2157 pru
349 2137 397 2151 ui:-

212 2164 281 2183 uunes
311 2163 399 2189 exigen-

213 2196 232 2214 di
248 2194 266 2215 3.

414 302 646 335 consuetudine
668 313 704 334 ac
719 302 796 334 alias
818 301 1059 344 quomodolibet
1073 306 1167 334 utun-

413 362 475 396 tur,
497 356 666 400 potiuntur
686 362 713 389 et
735 355 888 397 gaudent,
911 355 1005 388 etiam
1026 355 1085 396 uti,
1108 366 1166 399 po-

413 409 466 442 tiri
487 415 517 442 et
537 409 676 452 gaudere
705 409 805 441 libere
831 413 861 441 et
886 408 970 441 lirite
996 409 1118 451 possint
1138 414 1167 441 et

413 462 549 503 valeant,
572 473 644 495 vere
665 468 695 494 et
711 472 776 494 non
797 461 890 499 ficte,
913 461 945 493 in
966 461 1117 494 omnibus
1138 466 1165 493 et

414 526 472 558 per
491 515 596 548 omnia
611 541 618 554 ,
640 526 676 547 ac
697 514 721 546 si
747 514 785 547 de
813 514 1029 547 illustrissimo
1050 525 1167 556 genere

414 579 449 600 ex
470 573 609 610 utroque
630 572 762 610 parente
793 567 954 609 procreati
987 568 1101 600 forent:
1125 567 1167 599 ita

413 620 499 664 qnod
529 620 685 653 intereos
712 625 740 653 et
767 620 852 663 ipsos
880 620 1038 659 illustres,
1061 620 1168 664 quoad

413 673 609 706 nobilitatem
642 679 672 706 et
700 673 762 705 alia
788 673 826 705 ad
856 673 943 705 illam
965 673 1165 712 necessaria,

413 726 501 758 nulla
522 727 649 770 penitus
660 726 697 759 sit
715 726 912 764 differentia,
930 737 989 759 nec
1011 726 1167 759 ficie1lo-

413 790 486 811 cum
518 780 644 815 lialieat,
668 779 858 812 auctoritate
883 786 914 812 et
941 785 1052 812 tenore
1074 791 1167 823 prae-

412 832 504 865 dictis
525 832 741 875 indulgemus.
765 833 799 865 Ei
826 833 857 865 in
886 834 1014 876 signum
1035 833 1168 866 lionoris

412 891 442 918 et
462 886 637 918 nobilitatis
657 886 855 925 huiusmodi,
871 887 915 919 eis
931 892 959 919 et
976 897 1089 919 eorum
1105 886 1168 919 cui-

412 939 488 972 libet
519 945 583 972 tres
616 945 741 972 montes
765 946 793 972 et
824 941 956 973 alteram
986 951 1023 973 ex
1049 940 1168 973 laureis

412 991 474 1025 sive
496 992 623 1026 coronis
644 992 856 1035 insigniorum
878 999 1073 1034 nostrorum,
1095 993 1167 1037 qui-

411 1045 471 1078 bus
501 1056 614 1078 eoruni
649 1046 890 1090 unusquisqne,
922 1052 1019 1090 prout
1052 1047 1168 1081 melius

411 1098 469 1132 sibi
488 1098 658 1138 videbitur,
682 1110 746 1132 una
762 1111 836 1132 cum
862 1100 1006 1143 insigniis
1030 1100 1096 1133 suis
1118 1102 1167 1134 vel

411 1151 531 1195 absque
548 1152 620 1193 illis,
642 1153 792 1196 deinceps
808 1160 966 1197 perpetuo
989 1154 1032 1186 uti
1057 1155 1166 1198 possit,

410 1205 548 1247 gratiose
569 1205 727 1239 donamus
747 1211 775 1239 et
797 1206 1013 1250 impertimur.

455 1259 469 1302 ξ
489 1258 520 1291 3.
544 1259 588 1291 Ac
608 1260 737 1291 eosdem
767 1259 982 1303 patriarchas,
1005 1261 1166 1304 archiepi-

411 1322 526 1356 scopos
547 1317 576 1344 et
597 1312 767 1356 episcopos
793 1319 820 1346 et
847 1324 959 1346 eorum
990 1314 1133 1356 singulos
1150 1325 1166 1347 a

411 1365 569 1398 solutione
604 1367 840 1410 cuiuscumque
870 1367 1035 1408 decimae,
1071 1367 1165 1400 etiam

411 1428 469 1462 per
489 1429 547 1452 nos
559 1419 712 1452 etSedem
731 1420 927 1464 praedictam
946 1431 1004 1464 pro
1021 1427 1167 1464 tempore

410 1471 590 1515 impositae,
609 1478 661 1505 aut
684 1473 920 1516 cuiuscumque
938 1473 1074 1516 pedagii,
1094 1475 1166 1507 sub-

409 1524 497 1564 sidii,
527 1526 670 1569 gabellae
701 1532 731 1559 et
761 1526 997 1569 cuiuscumque
1035 1528 1168 1560 alterins

409 1578 548 1621 generis,
567 1579 722 1612 ordinarii
734 1586 762 1612 et
780 1580 1035 1619 extraordinarii,
1047 1580 1167 1625 ubique

409 1631 555 1665 locorum
583 1637 670 1666 etex
697 1633 806 1676 quavis
834 1644 930 1666 causa
963 1633 1102 1677 impesiti
1139 1639 1168 1667 et

409 1684 609 1727 imponendi.

452 1738 467 1781 g
487 1737 517 1770 4.
542 1738 683 1778 Necnon,
704 1739 742 1772 ad
760 1739 859 1772 instar
874 1740 1166 1774 referendariorum

411 1796 607 1831 nostrorum,
625 1792 710 1825 circa
730 1793 862 1835 vectigal
883 1793 956 1833 vini,
974 1805 1031 1837 pro
1048 1805 1100 1827 sex
1115 1806 1167 1828 ve-

410 1846 537 1888 getibus
557 1846 741 1886 dumtaxat,
765 1846 885 1879 eisdem
913 1848 1104 1881 auctoritate
1139 1854 1166 1881 et

410 1900 533 1935 tenore,
557 1894 727 1928 eximimus
749 1900 775 1927 et
789 1896 975 1936 liberamus,
997 1907 1033 1929 ac
1050 1897 1168 1930 liberos

411 1950 439 1977 et
461 1950 625 1988 exemptos
645 1955 713 1977 esse
740 1945 898 1977 volumus.

455 1993 469 2036 g
489 1994 519 2025 ἴ).
544 1993 581 2026 Et
601 1993 734 2037 insuper
754 1994 873 2026 eisdem
897 1994 1098 2037 patriarchis,
1122 2006 1169 2027 ar-

412 2041 626 2086 chiepiscopis
655 2048 684 2075 et
719 2042 878 2086 episcopis
908 2048 938 2075 et
967 2053 1080 2076 eorum
1102 2043 1167 2076 sin-

412 2091 519 2133 gulis,
551 2097 585 2124 iit
613 2096 826 2130 monasteria,
864 2092 1015 2125 eeclesias
1044 2097 1072 2124 et
1107 2092 1167 2125 alia

413 2151 637 2182 quaecumque
671 2140 828 2173 beneficia
853 2140 1068 2174 ecclesiastiea
1095 2152 1167 2174 sua-

413 2199 485 2221 rum
507 2188 667 2221 civitatum
690 2194 718 2221 et
739 2189 936 2227 dioecesum,
965 2201 1000 2222 ac
1026 2190 1108 2222 infra
1129 2191 1166 2222 li-

413 2237 504 2270 mites
525 2237 739 2271 decanatuum
759 2265 765 2278 ,
789 2239 1110 2272 archidiaconatuum
1138 2246 1166 2272 et

412 2285 549 2318 aliorum
562 2286 793 2320 beneficiorum
807 2288 1098 2321 ecclesiasticorum
1111 2299 1168 2332 per

412 2345 478 2374 eos,
498 2346 534 2368 ex
555 2335 718 2378 quibusvis
739 2336 1031 2378 dispensationibus
1047 2342 1075 2369 et
1093 2348 1167 2370 con-

413 2383 611 2417 cessionibus
626 2385 822 2428 apostolicis,
841 2386 872 2418 in
888 2386 1018 2418 titulum
1036 2392 1064 2418 et
1081 2397 1168 2419 coni-

412 2432 561 2466 mendam
589 2438 619 2466 et
644 2433 721 2466 alias
750 2435 993 2477 quomodolibet
1022 2446 1107 2468 nunc
1138 2441 1165 2468 et

451 2502 458 2525 t
480 2502 571 2531 fii-iia,
593 2500 708 2527 cherub.
727 2500 765 2535 (n.
786 2501 836 2535 T.).
874 2503 890 2527 ⁶2
909 2503 944 2529 De
963 2511 1017 2537 qno
1035 2503 1094 2530 ride
1106 2512 1165 2537 sup.

412 2543 483 2572 Pauli
514 2544 545 2570 ΙΙΙ
575 2548 660 2571 const.
687 2552 756 2570 xxx.
796 2546 811 2570 5
837 2545 891 2572 Hoc
914 2548 1051 2572 revocavit
1071 2551 1096 2573 et
1122 2550 1167 2573 ile-

413 2588 522 2614 ctararit
539 2589 683 2615 Concilium
697 2588 783 2621 Trid„
801 2597 865 2616 sess.
886 2597 965 2621 xxiv,
988 2592 1022 2616 De
1036 2591 1165 2624 Reform..
1188 2613 1189 2625 ,

413 2639 470 2667 cap.
493 2634 517 2659 5.

1185 2664 1191 2684 l

1011 249 1190 273 BULLARJL'M
1215 247 1368 272 ROMANUM

1211 311 1268 343 pro
1286 305 1431 343 tempore
1452 298 1670 338 obtentorum,
1694 308 1874 341 eorumque
1894 308 1966 342 per-

1210 363 1316 393 sonas,
1334 352 1366 384 in
1387 352 1504 396 quibus
1524 351 1596 392 sibi,
1615 350 1738 384 ratione
1754 350 1964 384 ecclesiarum

1210 416 1342 438 suarum
1386 416 1423 438 ac
1455 405 1689 445 decanatuum,
1720 404 1964 438 archidiacona-

1210 464 1301 491 tuum
1321 463 1351 491 et
1371 458 1508 491 aliorum
1531 458 1766 492 beneficiorum
1782 457 1964 502 praedicto-

1210 522 1296 551 rum,
1314 511 1500 544 visitationis
1516 511 1670 551 officium,
1687 512 1725 544 (le
1742 511 1811 544 iure
1827 511 1875 544 vel
1892 521 1966 544 con-

1210 564 1391 604 suetudine,
1409 565 1572 608 competit,
1591 575 1649 607 per
1669 575 1766 597 unam
1783 575 1838 597 seu
1857 564 1966 607 plures

1210 628 1365 661 personas
1390 617 1537 657 idoneas,
1559 628 1639 660 quas
1663 617 1702 650 ad
1729 618 1792 650 hoc
1816 616 1966 650 duxerint

1210 670 1421 714 deputandas,
1450 670 1604 714 quamdiu
1630 670 1774 704 ecclesiis
1794 669 1966 714 praedictis

1211 724 1427 767 praefuerint,
1450 735 1487 757 ac.
1508 724 1682 757 decanatus
1709 729 1740 756 et
1764 723 1965 756 archidiaco-

1211 782 1304 809 natus
1325 782 1353 810 et
1374 777 1435 810 alia
1454 777 1613 810 beneficia
1632 777 1795 821 praedicta
1816 776 1965 810 obtinue-

1211 830 1284 870 rint,
1306 836 1333 863 et
1355 830 1481 874 quoties
1496 830 1683 864 visitationis
1695 836 1822 874 tempus
1837 830 1967 872 ingrue-

1210 884 1263 923 rit,
1286 885 1380 917 etiain
1403 885 1485 925 duo,
1507 885 1568 917 tria
1589 895 1644 917 seu
1666 885 1759 929 plura
1789 895 1826 917 ex
1847 883 1966 917 eisdem

1211 937 1438 978 monasteriis,
1469 933 1613 970 ecclesiis
1645 948 1701 970 seu
1736 937 1815 970 locis
1844 948 1908 970 una
1937 941 1968 970 et

1211 991 1322 1023 cadem
1350 990 1400 1023 die
1420 990 1561 1031 visitare,
1583 996 1613 1024 et
1633 990 1871 1035 procurationis
1896 990 1968 1024 iura

1211 1049 1238 1076 et
1261 1044 1479 1076 emolumenta
1499 1055 1737 1088 quaecumque,
1761 1044 1885 1077 ratione
1896 1043 1967 1077 visi-

1209 1096 1338 1129 tationis
1365 1097 1552 1130 huiusmodi
1579 1097 1637 1130 sibi
1668 1098 1794 1138 debita,
1818 1097 1913 1131 etiam
1941 1096 1966 1129 si

1210 1159 1370 1182 summam
1402 1150 1531 1194 triginta
1558 1150 1715 1184 librarum
1738 1150 1965 1184 turonensium

1210 1203 1350 1246 argenti,
1369 1214 1506 1247 quarum
1530 1203 1701 1237 duodecim
1717 1205 1843 1237 valeant
1862 1214 1966 1237 unum

1209 1256 1370 1289 florenum
1404 1257 1442 1290 de
1471 1257 1650 1297 Florentia,
1676 1268 1733 1301 pro
1754 1257 1804 1291 die
1825 1257 1968 1301 qualibet

1210 1309 1358 1349 excedat,
1381 1310 1420 1342 ab
1441 1309 1560 1343 eisdem
1578 1311 1733 1351 ecclesiis,
1750 1311 1964 1351 monasteriis,

1211 1362 1289 1395 locis
1309 1368 1339 1395 et
1356 1363 1501 1406 personis
1517 1363 1622 1396 taliter
1638 1363 1768 1397 visitatis
1780 1365 1811 1397 in
1829 1364 1968 1408 pecunia

1210 1421 1379 1448 numerata
1400 1416 1545 1460 recipere
1567 1422 1595 1449 et
1617 1417 1754 1461 exigere.

1255 1469 1269 1512 ξ
1289 1469 1318 1502 6.
1342 1469 1473 1502 Necnon
1495 1480 1608 1503 omnes
1624 1476 1653 1503 et
1669 1470 1813 1514 singulos
1829 1471 1964 1512 fructus,

1212 1521 1354 1555 redditus
1374 1527 1402 1555 et
1423 1528 1597 1566 proventus
1621 1534 1806 1557 mensarum
1833 1535 1966 1558 suarum

1212 1575 1487 1618 patriarchalium,
1505 1576 1832 1621 archiepiscopalium
1848 1584 1878 1612 et
1901 1578 1968 1623 epi-

1210 1629 1388 1672 scopalium
1404 1635 1434 1663 et
1453 1641 1737 1674 quorumcumque
1755 1631 1966 1666 monasterio-

1210 1693 1283 1715 rum
1317 1689 1347 1716 et
1380 1682 1614 1716 beneficiorum
1649 1684 1964 1728 ecclesiasticorum,

1211 1746 1284 1768 cuin
1313 1747 1391 1769 cura
1415 1742 1445 1769 et
1473 1736 1540 1770 sine
1568 1748 1661 1777 cura,
1697 1738 1912 1772 saecularium
1938 1745 1969 1773 et

1210 1789 1398 1832 quorumvis
1418 1789 1574 1823 Ordinum
1596 1791 1806 1834 regularium,
1827 1802 1884 1836 per
1898 1803 1965 1835 eos,

1211 1853 1247 1875 ex
1274 1843 1439 1886 quibusris
1460 1843 1723 1877 concessionibus
1750 1851 1781 1878 et
1800 1845 1965 1891 dispensa-

1210 1896 1353 1930 tionibus
1378 1897 1585 1940 apostolicis,
1607 1898 1640 1930 in
1661 1898 1790 1932 titulum
1819 1905 1850 1933 et
1876 1911 1965 1934 com·

1211 1949 1360 1982 mendam
1381 1955 1435 1982 aut
1464 1950 1540 1983 alias
1561 1961 1619 1993 pro
1650 1956 1794 1995 tempore
1818 1952 1966 1987 obtento-

1211 2013 1296 2043 rum,
1313 2002 1478 2046 quibusvis
1494 2004 1652 2048 personis,
1665 2004 1759 2037 etiam
1776 2004 1878 2048 laiciS,
1891 2017 1966 2040 cum

1210 2056 1329 2099 quibus
1349 2066 1440 2089 suam
1468 2062 1498 2089 et
1527 2068 1713 2090 mensarum
1739 2069 1776 2091 ac
1805 2065 1964 2093 monaste-

1212 2109 1334 2142 riorum
1385 2109 1685 2155 beneficiorumque
1725 2112 1965 2155 praedictorum

1210 2163 1427 2196 conditionem
1449 2165 1576 2197 efficere
1598 2165 1761 2208 potuerint
1782 2165 1965 2207 meliorem,

1211 2226 1312 2260 iisque
1329 2218 1367 2250 ad
1384 2217 1549 2250 biennium
1566 2229 1583 2250 a
1596 2218 1645 2251 die
1663 2219 1898 2253 arrendationis
1913 2219 1967 2253 de-

1210 2281 1307 2313 super
1327 2271 1366 2303 ab
1395 2271 1440 2304 eis
1464 2271 1512 2304 vel
1537 2272 1603 2305 suis
1631 2273 1898 2316 procuratoribus
1917 2273 1964 2306 sa-

1210 2322 1342 2357 ciendae
1373 2325 1649 2368 computandum,
1687 2337 1744 2370 pro
1779 2326 1882 2370 pretio
1907 2337 1963 2360 seu

1210 2377 1336 2420 pretiis,
1369 2378 1406 2410 de
1436 2389 1500 2421 quo
1526 2379 1573 2411 vel
1600 2379 1718 2422 quibus
1744 2379 1788 2413 eis
1813 2381 1860 2413 vel
1887 2391 1962 2424 prc-

1210 2431 1413 2464 curatoribus
1433 2431 1498 2465 suis
1518 2431 1688 2473 videbitur,
1702 2433 1888 2475 arrendare,
1906 2444 1961 2468 seu

1209 2479 1247 2511 ail
1268 2479 1394 2512 firmam
1410 2481 1456 2513 vel
1475 2491 1615 2513 annuam
1636 2482 1823 2525 pensionem
1845 2493 1962 2516 conce-

1210 2528 1302 2567 dere;
1325 2539 1361 2561 ac
1382 2529 1520 2572 pretium
1549 2541 1605 2563 seu
1625 2531 1726 2574 pretia
1756 2530 1959 2571 huiusmodi,

1210 2576 1304 2610 etiam
1326 2577 1421 2611 unico
1443 2584 1593 2612 contextu
1626 2585 1656 2612 et
1681 2579 1852 2623 anticipata
1877 2582 1963 2614 solii-

1212 2632 1308 2667 tione,
1337 2626 1367 2659 in
1402 2628 1540 2671 pecunia
1561 2634 1727 2662 numerata
1754 2629 1898 2674 recipere
1931 2635 1961 2663 et

1980 241 2029 268 An.
2046 243 2075 270 C.
2097 243 2159 271 ¹55t

1995 1483 2130 1514 Locaiiilique
2142 1486 2166 1507 ad

1981 1516 2088 1537 biennium
2121 1517 2152 1537 rra
2160 1529 2167 1532 -

1981 1551 2027 1568 cius
2055 1547 2168 1569 beiieticio-
2208 1565 2227 1574 .-

1981 1585 2033 1604 rum,
2044 1580 2106 1599 eiiam
2131 1587 2169 1598 ¹ia-

1980 1610 2067 1636 ίὶειρῑιι,Ι
2079 1611 2168 1631 solutiu-

1982 1646 2016 1661 ne.
