2227 3001
112 240 160 266 An.
179 239 208 267 C.
229 240 294 267 151ιο

309 291 459 325 ficiorum
498 289 793 325 ecclesiasticorum
832 299 890 333 per
936 300 991 323 eos
1030 290 1062 322 in

308 346 473 390 quibusvis
492 344 636 379 ecclesiis
656 344 719 377 sive
744 344 822 376 loeis
839 354 926 377 nunc
946 349 977 377 et
1003 354 1061 388 pro

308 405 453 443 tempore
487 399 694 432 obtentorum
729 402 759 429 et
792 397 1060 438 obtinendorum,

308 453 402 485 etiam
418 452 443 485 si
454 451 664 485 canonicatus
676 456 703 483 et
716 450 917 493 praebendae
932 456 961 483 et
972 450 1061 489 alias,

308 510 343 538 ut
362 505 555 549 praefertur,
574 504 758 547 qualismata
778 503 908 541 fuerint,
931 514 967 536 ac
987 514 1063 547 per-

307 558 451 591 sonalem
462 556 668 590 residentiam
681 567 717 589 ex
734 562 864 595 statuto,
878 557 1063 589 fundatione

307 615 363 643 aut
382 610 616 643 consuetudine
637 609 815 653 requirant,
835 610 929 642 etiam
951 610 975 642 si
994 610 1062 641 sru-

307 669 388 704 ctus,
415 663 559 696 redditus
585 668 614 695 et
634 668 808 706 proventus
827 663 924 696 unius
944 662 1064 695 benefi—

308 716 433 749 ciorum
453 715 652 756 huiusmodi,
676 715 803 749 nonnisi
820 716 851 748 in
868 716 1064 749 distributio-

307 769 403 802 nibus
427 769 622 813 quotidianis
656 769 844 808 consistant,
870 775 900 802 et
925 769 1062 801 aliorum

306 822 453 856 omnium
489 833 563 855 cum
590 833 627 855 ea
647 823 826 865 integritate
856 822 1064 865 (quotidianis

307 874 589 909 distributionibus
615 876 721 920 quoad
751 875 814 908 alia
834 876 998 909 dumtaxat
1014 886 1064 907 ex-

307 929 427 972 ceptis)
453 940 528 962 cum
555 940 618 973 qua
645 929 717 962 illos
742 929 958 973 perciperent,
986 929 1011 961 si
1032 928 1064 960 in

306 981 427 1015 eisdem
457 983 601 1016 ecclesiis
637 983 699 1016 sive
738 982 819 1015 locis
851 981 1065 1026 personaliter

308 1035 485 1069 residerent
513 1047 550 1070 ac
576 1037 713 1080 primam
743 1036 949 1069 residentiam
970 1036 1063 1068 fecis-

307 1093 391 1128 sent,
414 1100 464 1129 ac,
486 1090 593 1132 quoad
618 1100 719 1122 unum
747 1100 784 1121 ex
811 1088 977 1121 beneficiis
1001 1089 1063 1121 hu-

307 1142 458 1184 iusmodi,
489 1143 601 1175 divinis
621 1149 652 1176 et
671 1142 822 1176 omnibus
849 1142 919 1174 aliis
940 1141 1064 1174 actibus

307 1195 506 1235 interessent,
534 1200 564 1229 et
584 1196 623 1228 ad
649 1195 855 1228 residendum
882 1194 1010 1227 interim
1031 1194 1063 1226 in

306 1247 427 1281 eisdem
458 1248 601 1282 ecclesiis
621 1248 684 1282 sive
708 1247 798 1287 locis,
819 1247 851 1279 in
867 1247 986 1290 quibus
1006 1247 1062 1280 be—

307 1301 421 1335 neficia
447 1302 515 1346 ipsa
538 1301 676 1342 suerint,
713 1301 847 1334 minime
874 1306 1061 1339 teneantur,

307 1364 366 1387 nec
386 1354 425 1387 ad
445 1354 476 1387 id
501 1366 518 1387 a
539 1365 705 1398 quoquam
726 1354 813 1387 inviti
836 1354 993 1386 coarctari
1014 1365 1064 1386 va-

307 1408 403 1448 leant,
426 1408 607 1453 percipere.

350 1461 365 1504 ἓ
387 1460 438 1494 13.
462 1462 505 1494 Ac
525 1461 696 1494 residendo
718 1461 773 1494 ubi
795 1471 910 1505 supra,
943 1460 1063 1494 eisdem

306 1515 472 1548 beneficiis
492 1515 729 1555 ecclesiasticis,
753 1526 826 1548 cum
849 1526 926 1548 cura
948 1519 978 1547 et
997 1515 1064 1547 sine

307 1579 401 1609 cura,
430 1569 651 1602 saecularibus
678 1575 708 1602 et
738 1569 953 1611 regularibus,
981 1579 1064 1611 quae

306 1622 339 1654 in
360 1621 480 1655 eisdem
507 1622 652 1655 ecclesiis
678 1621 741 1654 sive
769 1621 849 1654 loeis
875 1621 907 1653 in
932 1621 1063 1654 titulum

306 1675 353 1707 vel
375 1675 617 1715 commendam,
641 1680 676 1707 ut
696 1676 896 1719 praefertur,
920 1674 1065 1707 obtinent

306 1728 387 1762 etin
410 1734 576 1772 posterum
603 1728 813 1768 obtinebunt,
843 1739 900 1771 per
932 1729 1064 1771 cappel-

306 1782 396 1815 lanos
417 1793 472 1815 seu
493 1781 628 1815 vicarios
648 1781 795 1821 idoneos,
814 1782 853 1814 ad
874 1792 987 1814 eorum
1009 1792 1065 1814 nu-

306 1840 375 1867 tum
403 1835 609 1875 amovibiles,
639 1834 671 1867 in
697 1834 811 1867 divinis
836 1834 1006 1873 deserviri,
1036 1840 1064 1867 et

306 1887 488 1920 animarum
514 1898 592 1920 cura
613 1887 768 1927 exerceri,
792 1893 820 1920 et
837 1898 1065 1931 quaecumque

306 1940 522 1974 ecclesiastica
543 1947 744 1974 sacramenta
765 1940 939 1973 ministrari
960 1942 1065 1974 facere

305 1995 406 2028 libere
427 2000 457 2028 et
476 1995 562 2028 licite
578 1996 716 2035 valeant,
740 1994 923 2028 dioecesani
952 1995 1014 2027 loci
1036 2001 1066 2028 et.

307 2047 446 2082 cuiusvis
473 2048 605 2082 alterius
631 2047 762 2081 licentia
787 2059 885 2091 super
914 2048 976 2081 hoc
1004 2048 1064 2081 mi-

305 2101 393 2135 nime
414 2101 580 2145 requisita.

351 2156 366 2198 ἓ
380 2155 433 2188 14,
453 2155 584 2188 Necnon
600 2160 635 2188 ut
651 2155 791 2199 aliquem
812 2155 964 2188 idoneum
979 2166 1065 2198 pres-

306 2208 454 2252 byterum
476 2209 675 2242 saecularem
700 2209 748 2241 vel
774 2208 913 2242 cuiusvis
939 2208 1066 2241 Ordinis

309 2261 492 2304 regularem
518 2261 550 2294 in
571 2272 666 2295 suum
692 2261 815 2305 possint
844 2261 962 2305 eligere
988 2272 1066 2295 con-

309 2316 475 2356 sessorem,
498 2315 571 2358 qui,
593 2315 654 2348 vita
674 2315 720 2348 eis
740 2315 868 2355 comite,
892 2315 923 2347 in
940 2316 1067 2348 casibus

310 2368 383 2401 Sedi
402 2369 582 2412 praedictae
597 2369 1014 2413 reservatis<praeterquam
1024 2370 1067 2401 of-

310 2422 418 2455 fensae
439 2422 673 2455 ecclesiasticae
693 2421 866 2462 libertatis,
893 2421 1064 2454 criminum

311 2471 464 2512 haeresis,
484 2471 668 2504 rebellionis
697 2476 752 2504 aut
767 2471 1014 2514 conspirationis
1035 2470 1066 2502 in

312 2530 483 2563 personam
495 2521 543 2553 vel
553 2525 670 2553 statum
682 2520 817 2552 Romani
830 2520 994 2553 Pontitieis
1010 2530 1065 2552 seu

312 2570 427 2602 Sedent
462 2570 678 2614 praedictam,
715 2570 858 2602 falsitatis
897 2570 1066 2602 literarum

311 2619 582 2662 apostolicarum,
615 2618 887 2662 supplicationum
916 2623 944 2650 et
978 2628 1066 2650 eom-

106 1521 212 1550 !ndultum
235 1522 292 1543 clrca

106 1554 251 1575 residentiam.

144 2222 293 2245 confessorem

109 2255 148 2276 sibi
164 2255 243 2282 eligunt
257 2262 293 2277 rc-

109 2285 239 2313 terendam,
260 2288 294 2314 qut

110 2318 130 2337 in
155 2318 238 2338 casibus
261 2319 295 2339 di-

110 2348 156 2373 ctio,
181 2351 205 2370 de
221 2350 295 2376 quilius

111 2378 152 2404 h‘c,
183 2381 294 2402 absolvere

111 2413 132 2430 ot.
146 2415 195 2432 vutn
205 2413 238 2433 lite
253 2419 294 2433 non

111 2446 200 2470 excepta
239 2451 294 2465 com.

113 2478 191 2495 mutare
243 2481 294 2502 pos-

113 2508 167 2525 sunt.

961 236 1078 260 PAL‘LL'S
1102 236 1136 260 111
1162 236 1208 259 PP.

1106 288 1308 328 missionum,
1326 286 1509 327 invasionis,
1525 286 1793 330 depraedationis,
1808 297 1861 320 oc-

1107 342 1285 384 cupationis
1314 347 1369 374 aut
1395 339 1618 374 devastationis
1644 345 1804 372 terrarum
1831 346 1861 372 et

1108 395 1202 427 maris
1235 395 1398 428 Romanae
1432 393 1593 427 Ecclesiae
1636 393 1773 425 mediate
1812 393 1859 426 vel

1108 448 1309 480 immediatae
1335 448 1568 487 subiectorum,
1592 447 1731 479 offensae
1753 457 1861 489 perso-

1108 501 1186 533 nalis
1207 501 1237 533 in
1259 502 1449 545 episcopum
1470 506 1525 534 aut
1544 501 1643 533 alium
1665 500 1858 543 praelatum,

1109 555 1333 596 prohibitionis
1373 554 1586 587 devolutionis
1624 563 1794 586 causarum
1822 553 1860 585 ad

1119 608 1283 640 'tomanam
1310 608 1458 647 Curiam,
1490 606 1659 640 delationis
1694 616 1861 639 armorum

1107 666 1137 692 ct
1156 661 1295 694 aliorum
1323 661 1560 705 prohibitorum
1589 660 1628 693 ad
1657 665 1764 703 partes
1788 659 1861 692 infi-

1107 713 1259 756 delium),
1289 714 1387 746 semel
1408 715 1572 747 dumtaxat
1593 713 1623 745 in
1644 712 1717 753 vita,
1740 712 1772 745 in
1792 712 1862 745 aliis

1107 777 1180 799 vcro
1200 767 1326 810 quoties
1345 767 1442 799 fuerit
1470 772 1689 810 opportunum
1705 793 1712 806 ,
1740 765 1861 799 conses-

1106 819 1251 853 sionibus
1284 831 1398 853 eorum
1433 820 1604 863 diligenter
1632 819 1766 860 auditis,
1802 831 1861 863 pro

1106 873 1285 906 commissis
1310 873 1354 905 eis
1375 873 1512 906 debitam
1539 873 1775 906 absolutionem
1801 873 1862 906 im-

1108 927 1240 969 pendat,
1264 933 1294 960 et
1320 927 1466 970 iniungat
1492 927 1721 970 poenitentiam
1743 927 1861 960 saluta·

1107 991 1186 1012 rem.
1220 981 1350 1013 Necnon
1384 986 1454 1013 vota
1488 991 1714 1024 quaecumque
1741 981 1862 1023 (ultra-

1109 1034 1245 1075 marino,
1267 1034 1455 1067 visitationis
1475 1034 1624 1067 liminum
1642 1034 1862 1078 apostolorum

1109 1086 1190 1119 Petri
1224 1092 1254 1119 et
1278 1087 1388 1127 Pauli,
1415 1098 1451 1119 ac
1472 1087 1502 1120 S.
1531 1086 1636 1119 Iacobi
1662 1087 1694 1119 in
1727 1087 1863 1130 Compo-

1108 1140 1210 1179 stella,
1228 1150 1355 1172 necnon
1377 1139 1528 1172 castitatis
1544 1145 1573 1172 et
1588 1139 1763 1182 Religionis
1784 1139 1863 1172 votis

1107 1191 1271 1225 dumtaxat
1293 1193 1452 1236 exceptis)
1482 1192 1513 1224 in
1534 1192 1595 1224 alia
1620 1192 1745 1235 pietatis
1765 1203 1864 1236 opcra

1107 1251 1307 1278 commutare
1339 1246 1451 1278 valeat.
1489 1245 1646 1288 Quodque
1680 1246 1861 1285 confessor,

1106 1308 1203 1340 quem
1225 1298 1374 1332 duxerint
1395 1299 1598 1342 eligendum,
1621 1298 1768 1332 omnium
1788 1309 1863 1342 pec-

1107 1356 1253 1384 catorum
1275 1363 1409 1385 suorum
1424 1378 1431 1391 ,
1460 1351 1499 1384 de
1519 1351 1638 1394 quilius
1663 1352 1760 1385 corde
1790 1362 1864 1385 con-

1108 1404 1170 1436 triti
1191 1410 1222 1437 et
1241 1415 1296 1437 ore
1318 1404 1455 1437 confessi
1481 1405 1617 1444 suerint,
1646 1405 1742 1437 etiam
1767 1405 1864 1438 semel

1109 1459 1138 1491 in
1159 1459 1232 1499 vita,
1255 1465 1285 1492 et
1306 1459 1338 1491 in
1359 1458 1471 1492 mortis
1491 1459 1640 1499 articulo,
1663 1459 1791 1503 plenam
1814 1469 1865 1491 re-

1110 1513 1293 1546 missionem
1315 1513 1360 1545 eis
1380 1513 1412 1545 in
1433 1513 1616 1546 sinceritate
1633 1512 1719 1552 fidei,
1743 1512 1865 1545 unitate

1118 1566 1209 1599 lictae
1245 1567 1407 1599 Romanae
1433 1566 1594 1600 Ecclesiae
1621 1577 1658 1599 ac
1683 1565 1865 1599 obedientia

1108 1625 1217 1652 nostra
1238 1625 1268 1652 et
1288 1630 1514 1652 successorum
1535 1624 1719 1652 nostrorum
1745 1619 1864 1652 Roma-

1109 1683 1225 1705 norum
1256 1672 1448 1705 Pontificum
1479 1673 1633 1705 canonice
1661 1672 1863 1713 intrantium,

1109 1725 1362 1769 persistentium,
1382 1726 1572 1758 auctnssiritate
1594 1725 1769 1769 apostolica
1790 1736 1863 1758 con-

1109 1779 1222 1811 cedere
1243 1779 1353 1822 possit.
1378 1778 1428 1812 Sic
1445 1784 1553 1812 tamen
1583 1779 1670 1822 quod
1688 1778 1771 1811 idem
1788 1789 1863 1812 con·

1110 1833 1208 1865 sessor
1228 1833 1266 1865 de
1287 1833 1356 1872 his,
1379 1833 1417 1865 de
1438 1832 1557 1875 quibus
1578 1832 1673 1865 suerit
1695 1832 1786 1865 alteri
1817 1843 1866 1865 sa-

1110 1886 1243 1919 tisfactio
1264 1885 1501 1929 impendenda,
1524 1897 1594 1919 eam
1623 1885 1697 1925 illis,
1721 1897 1778 1929 per
1798 1896 1864 1925 eos,

1109 1938 1132 1970 si
1161 1939 1415 1983 supervixerint,
1442 1940 1491 1972 vel
1512 1950 1570 1982 per
1595 1939 1686 1979 alios,
1710 1939 1735 1971 si
1760 1939 1866 1971 forsan

1109 1997 1185 2024 tunc
1226 1992 1438 2031 decesserint,
1476 1992 1654 2025 faciendam
1696 1992 1865 2036 iniungat,

1109 2056 1206 2088 quam
1228 2045 1287 2089 ipsi
1308 2047 1355 2079 vel
1377 2045 1429 2078 alii
1450 2046 1555 2079 facere
1580 2050 1761 2078 teneantur.

1153 2100 1167 2143 ξ
1188 2100 1240 2133 15.
1265 2099 1435 2142 Liceatque
1456 2099 1501 2132 cis
1521 2099 1640 2131 habere
1665 2099 1764 2131 altare
1790 2109 1866 2142 por-

1110 2153 1207 2193 tatile,
1220 2164 1318 2198 super
1332 2163 1408 2196 quo,
1423 2152 1454 2184 in
1464 2152 1544 2185 loeis
1554 2152 1591 2185 ad
1606 2153 1667 2185 hoc
1682 2163 1866 2196 congruen-

1110 2206 1192 2239 tibus
1213 2212 1243 2239 et
1263 2207 1416 2245 honestis,
1436 2206 1503 2239 sine
1524 2205 1603 2238 iuris
1619 2205 1715 2239 alieni
1736 2206 1865 2249 praeiu—

1109 2260 1204 2297 dicio,
1228 2266 1255 2293 et
1277 2272 1379 2305 quum
1405 2260 1542 2304 qualitas
1571 2259 1781 2304 negociorum
1807 2271 1866 2304 pro

1110 2320 1254 2358 tempore
1280 2313 1501 2356 ingruentium
1528 2314 1559 2347 id
1587 2313 1746 2357 exegerit,
1769 2314 1864 2347 etiam

1109 2373 1281 2412 antequam
1317 2368 1482 2401 illucescat
1515 2367 1602 2408 dies,
1640 2367 1726 2401 circa
1758 2372 1865 2400 tamen

1110 2421 1259 2454 diurnam
1281 2422 1400 2461 lucem,
1424 2422 1447 2454 si
1470 2421 1576 2455 forsan
1597 2432 1651 2454 eos
1667 2421 1706 2454 ad
1726 2421 1795 2454 loca
1812 2431 1866 2454 ec-

1110 2469 1289 2503 clesiastico
1304 2469 1474 2503 interdicto
1495 2475 1560 2503 tam
1584 2469 1747 2503 ordinaria
1768 2480 1864 2512 quam

1110 2519 1286 2561 apostolica
1306 2519 1494 2552 auctoritate
1515 2519 1681 2563 supposita
1696 2529 1750 2551 eos
1770 2517 1866 2550 decli-

1112 2578 1186 2599 nare
1207 2567 1417 2610 contingerit,
1440 2567 1473 2599 in
1498 2567 1578 2607 illis,
1606 2567 1722 2600 clausis
1748 2565 1863 2605 ianuis,

1111 2626 1173 2647 non
1197 2616 1329 2658 pulsatis
1350 2616 1516 2660 campanis
1541 2622 1568 2649 et
1596 2615 1754 2649 submissa
1774 2624 1863 2656 voce,

1875 232 1925 259 An.
1942 231 1972 260 C.
1994 231 2060 260 {5110

1909 2108 2005 2129 Facultan
2045 2116 2068 2130 ι-

1882 2140 1944 2160 bendi
2000 2142 2067 2161 altare

1882 2171 1981 2198 portatile
1998 2176 2018 2191 et
2031 2178 2067 2192 ct·-

1882 2202 1976 2222 lebnmdi
1993 2203 2012 2222 in
2035 2203 2066 2223 Ιυ-

1882 2235 1911 2254 cIs
1950 2234 2066 2255 interdicto

1882 2265 2005 2292 suppositis.
