2227 3001
265 279 316 307 Αη.
334 279 362 307 C.
380 281 445 307 ¹524

507 272 549 307 64

462 347 542 378 gnra
565 335 686 375 iudicii,
709 335 741 367 in
761 335 830 367 aliis
850 345 935 369 vero,
959 339 1052 376 prout
1074 333 1209 375 qualitas

461 399 573 421 eorum
595 388 743 431 exegerit,
775 387 909 419 iustitiae
935 386 1207 428 complementum

460 441 651 473 ministrare.
682 440 857 473 inhibendo
879 439 973 471 etiam
995 438 1207 480 quibuscum-

458 505 520 537 que
550 494 710 525 iudicibus
730 491 919 536 praedietis,
957 496 1019 523 tam
1041 491 1071 523 in
1093 490 1207 533 prinei-

458 547 511 590 pio
531 557 628 589 quam
658 545 689 577 in
717 545 821 577 medio
851 544 897 576 vel
928 543 959 576 in
989 543 1051 575 line
1073 554 1203 581 causae,

457 609 496 632 ne
526 599 558 631 in
592 599 695 631 eausis
728 597 888 629 dictorum
923 597 1075 636 fratrum,
1112 595 1204 628 etiam

457 650 689 689 criminalibus,
719 649 837 682 eisdem
860 648 974 688 invitis,
1001 659 1033 681 se
1067 658 1205 691 quomo-

455 704 574 737 dolibet
594 703 822 741 intromittant3
845 712 881 735 ae
904 707 1116 745 occupatores
1149 713 1202 734 seu

455 757 654 795 detentores,
698 761 878 794 exactores,
923 760 1201 799 praesunmtores,

456 810 673 842 molestatores
706 819 742 841 ae
774 808 976 841 iniuriatores
1004 808 1200 845 huiusmodi,

454 872 578 895 necnon
615 861 835 895 inobedientes
855 867 885 894 et
917 862 1070 902 rebelles,
1099 862 1204 894 euius-

452 926 591 959 eumque
611 915 783 958 dignitatis,
813 920 924 954 status,
957 915 1087 957 gradus,
1116 916 1202 948 ordi—

452 968 500 1002 nis
538 968 586 1002 vel
621 967 815 1001 conditionis
844 967 1014 1007 extiterint,
1055 969 1201 1010 quando-

451 1032 591 1064 cumque
612 1027 642 1054 et
661 1021 928 1065 quotiescumque
949 1022 1134 1065 expedierit,
1149 1033 1202 1055 au-

450 1074 594 1107 ctoritate
614 1080 735 1114 nostra,
767 1084 824 1117 per
848 1084 1018 1107 censuram
1049 1075 1200 1107 ecelesia-

450 1127 572 1167 >dicam,
599 1126 815 1171 appellatione
840 1126 1036 1170 postposita,
1069 1138 1200 1170 compe-

449 1179 579 1219 aeendo,
610 1179 756 1212 invocato
778 1178 873 1212 etiam
894 1179 932 1211 ad
953 1179 1027 1220 hoe,
1063 1179 1087 1211 si
1119 1190 1201 1224 opus

450 1227 556 1273 suerit,
579 1232 696 1265 auxilio
730 1232 853 1265 brachii
874 1232 1059 1266 saecularis.
1096 1233 1132 1265 Et
1152 1233 1200 1265 ni-

450 1284 624 1317 hilominus
661 1284 812 1327 legitimis
838 1296 936 1328 super
968 1285 1017 1318 his
1046 1283 1201 1318 habendis

449 1337 577 1371 servatis
598 1337 814 1381 processibus,
837 1338 919 1378 illos,
948 1349 1029 1381 quos
1049 1348 1200 1371 Censuras

448 1395 475 1421 et
497 1400 617 1432 poenas
639 1401 695 1433 per
721 1400 775 1423 vos
803 1400 861 1433 pro
882 1395 1027 1434 tempore
1053 1390 1131 1423 latas
1152 1390 1199 1423 in-

448 1442 584 1476 rurrisse
606 1442 798 1482 eonstiterit,
829 1454 881 1476 eas
901 1443 1075 1476 incurrisse
1096 1443 1201 1477 deela-

449 1506 530 1536 rare,
543 1501 584 1535 et,
606 1495 732 1538 quoties
752 1506 834 1539 opus
855 1496 963 1533 suerit,
987 1496 1081 1529 etiam
1103 1496 1198 1529 itera-

448 1549 485 1581 tis
508 1548 630 1581 vicibus
659 1558 830 1591 aggravare
865 1548 993 1582 curetis.
1035 1548 1196 1589 Ceterum,

448 1601 471 1633 si
492 1611 550 1645 per
570 1601 781 1634 smnmariam
802 1601 1076 1641 informationem,
1101 1613 1200 1646 super

449 1654 496 1687 his
515 1665 573 1698 per
593 1665 647 1687 vos
667 1654 866 1694 habendam,
904 1654 998 1687 etiam
1019 1654 1106 1687 vobis
1126 1665 1199 1687 eon-

447 1706 558 1739 stiterit
592 1707 679 1750 quod
699 1708 737 1739 ad
758 1707 840 1744 loca,
864 1707 894 1739 in
920 1706 1037 1749 quihus
1058 1717 1197 1750 oet-upa-

447 1765 542 1799 tores,
570 1760 762 1798 detentores,
786 1765 961 1795 exactores.
988 1759 1200 1803 pi·a‹i·s‹3·ri1‘›to-

546 1813 765 1845 molestatores
798 1819 825 1846 et
859 1812 1063 1845 iniuriatores
1090 1813 1199 1845 huius-

762 1876 842 1910 quos
877 1871 1059 1908 praesentes
1088 1866 1197 1898 literae

447 1824 508 1853 res,

447 1865 532 1899 modi
561 1877 597 1898 ae
619 1866 716 1906 alios,

446 1925 666 1960 concernunt,
694 1930 752 1962 pro
781 1924 926 1962 tenqiore
963 1918 1079 1951 iuorari
1101 1919 1198 1951 eonti-

446 1972 537 2015 gerit,
565 1983 623 2015 pro
655 1972 886 2005 monitionibus
921 1972 996 2015 ipsis
1025 1978 1052 2004 et
1075 1971 1196 2005 eitatio-

448 2025 540 2058 nibus
565 2025 602 2057 de
623 2026 668 2057 eis
694 2025 847 2058 faciendis
883 2030 969 2057 tutus
998 2036 1059 2057 uon
1093 2030 1195 2068 pateat

446 2089 609 2118 accessus,
640 2089 697 2111 nos
724 2078 811 2110 vobis
839 2078 1004 2110 citationes
1033 2083 1060 2110 et
1094 2077 1197 2110 moni-

447 2131 549 2163 tiones
573 2131 741 2174 quaslibet,
765 2142 822 2174 per
842 2131 943 2163 editi-ta
970 2131 1099 2174 publica
1120 2131 1198 2163 los-Is

447 2183 604 2226 affigenda
625 2183 762 2226 publicis
782 2188 808 2215 et
834 2183 977 2225 partibus
994 2182 1054 2215 illis
1074 2183 1194 2220 vieinis,

448 2236 485 2269 de
506 2236 622 2280 quibus
643 2236 680 2268 sit
704 2236 882 2268 verisimilis
906 2235 1089 2268 ‹·onie‹:tura
1111 2236 1196 2278 quod

448 2289 486 2322 ad
508 2289 650 2322 notitiam
682 2289 883 2321 eitaudorum
905 2294 933 2321 et
962 2288 1196 2320 monendorum

449 2342 633 2375 huiusmodi
657 2341 821 2384 pervenire
850 2342 991 2377 valeant,
1017 2342 1142 2383 plenam
1168 2347 1196 2373 et

451 2395 581 2427 liberam
592 2394 812 2429 c‹1›11‹;edi11111÷2,
835 2399 944 2425 tenore
966 2393 1194 2436 praesentium,

451 2449 646 2486 laenitatem,
673 2458 707 2479 ae
742 2447 889 2478 volumus
923 2451 949 2478 et
977 2446 1058 2478 dieta
1087 2452 1197 2478 amto-

451 2501 540 2533 ritate
575 2500 779 2534 decernimus
815 2499 899 2541 quod
932 2499 1121 2532 monitiones
1155 2499 1196 2531 sie

452 2556 562 2593 saetae,
584 2554 717 2597 perinde
737 2553 865 2586 eosdem
888 2552 999 2585 citatos
1020 2558 1047 2585 et
1061 2552 1198 2585 monitos

451 2608 592 2643 aretent,
622 2615 658 2636 ae
686 2603 709 2635 si
731 2603 775 2635 eis
807 2601 1017 2646 personaliter
1038 2601 1198 2634 intimatae

451 2657 633 2686 extitissent.

1056 281 1232 304 sst‘tiLAttlt‘M
1258 282 1284 304 tit
1291 282 1405 305 ›MANt'M

1294 333 1308 373 ,ξ
1328 333 1357 365 3.
1382 334 1449 366 Non
1470 335 1667 368 obstantibus
1687 340 1750 368 tam
1773 336 1871 369 felicis
1893 347 1997 369 weor-

1250 384 1385 417 dationis
1402 386 1552 419 Bonifaeii
1570 388 1671 431 Papae
1684 388 1795 427 octavi,
1811 389 1998 431 praedeees-

1249 437 1328 469 soris
1345 438 1455 474 nostri,
1482 439 1519 471 de
1545 451 1621 480 una,
1644 447 1669 473 e!
1694 440 1819 473 eoueilii
1840 442 1997 484 generalis

1248 489 1286 521 de
1299 489 1422 522 duabus
1435 490 1556 531 diaetis,
1575 493 1751 526 dummodo
1763 503 1827 525 non
1839 494 1922 525 ultra
1934 499 1997 527 tres

1248 540 1366 574 diaetas
1390 542 1516 585 aliquis,
1551 545 1738 578 auctoritate
1764 545 1993 588 praesentium,

1247 604 1311 626 non
1332 595 1477 627 trahatur
1490 595 1500 618 ¹
1515 622 1522 635 ‚
1540 607 1635 639 quam
1655 597 1995 641 aliisquilmseumque

1247 646 1528 681 constitutionibus
1545 654 1575 681 et
1594 649 1850 683 ordinationilms
1871 657 1997 694 aposto-

1247 698 1330 737 licis,
1366 705 1429 732 tam
1451 700 1488 733 de
1511 700 1670 734 iudicibus
1690 702 1841 746 delegatis
1862 710 1892 737 et
1916 714 1994 737 con-

1246 752 1470 792 servatorilms,
1493 764 1589 796 quam
1611 755 1755 797 personis
1771 756 1853 788 ultra
1870 761 1994 789 eertum

1245 815 1417 837 numerum
1457 806 1495 838 ad
1536 806 1691 839 iudieium
1731 819 1794 841 non
1822 809 1992 849 vocandis;

1245 867 1369 890 neenou
1399 858 1562 901 quibusvis
1595 859 1767 902 privilegiis
1800 866 1830 894 et
1863 861 1994 895 indultis

1243 910 1437 953 apostolicis,
1473 911 1637 954 quibusvis
1661 913 1817 956 personis,
1849 915 1993 947 saecula-

1244 963 1332 996 ribus
1356 964 1402 996 vel
1424 964 1637 1007 regularibus,
1660 965 1792 1006 militiis,
1815 967 1995 1000 eommuni-

1242 1016 1370 1057 tatibus,
1395 1017 1663 1059 universitatibus,
1687 1019 1846 1062 capituliS,
1868 1020 1990 1061 castris,

1242 1069 1334 1110 villis,
1357 1070 1449 1102 terris
1461 1076 1491 1103 et
1512 1071 1589 1104 loeis
1610 1072 1791 1114 praedietis,
1814 1083 1850 1105 ae
1862 1073 1993 1116 quibus-

1242 1122 1285 1154 vis
1297 1122 1545 1164 eathedralibus,
1560 1124 1654 1156 etiam
1666 1125 1932 1168 metropolitanis,
1944 1127 1992 1160 vel

1242 1175 1416 1218 collegiatis
1427 1182 1479 1209 aut
1492 1176 1561 1209 aliis
1573 1178 1727 1215 ecelesiis,
1746 1178 1906 1221 capitulis,
1918 1190 1993 1213 eon-

1241 1228 1397 1268 ventibus,
1420 1230 1637 1271 monasteriis,
1656 1231 1867 1275 hospitalibus
1879 1237 1908 1265 et
1923 1232 1992 1266 aliis

1242 1282 1300 1325 piis
1321 1283 1410 1321 loeis,
1438 1283 1532 1315 etiam
1550 1288 1639 1316 motu
1661 1284 1793 1327 proprio
1813 1290 1841 1317 et
1858 1295 1894 1318 ex
1905 1291 1993 1319 certa

1241 1335 1383 1375 seientia,
1416 1335 1511 1368 etiam
1541 1336 1578 1368 de
1609 1347 1673 1369 non
1693 1337 1858 1370 trahendis
1877 1348 1991 1371 eorum

1241 1383 1374 1416 subditis
1399 1384 1445 1416 vel
1489 1385 1634 1427 personis
1664 1384 1805 1428 ipsarum
1840 1386 1990 1420 ecelesia-

1241 1443 1325 1471 rum,
1340 1432 1515 1473 rivitatum,
1530 1433 1785 1473 universitatum,
1796 1440 1989 1475 castrorum,

1241 1481 1386 1514 villarum
1408 1487 1436 1514 et
1457 1483 1604 1515 loeorum
1622 1483 1796 1526 respective
1813 1488 1899 1516 extra
1923 1495 1989 1525 eas,

1239 1537 1292 1564 aut
1327 1541 1435 1564 eoram
1469 1531 1540 1564 aliis
1569 1532 1729 1565 iudicibus
1758 1538 1787 1565 et
1817 1534 1987 1577 personis,

1239 1590 1335 1622 quam
1357 1591 1413 1620 eis,
1443 1586 1537 1613 etiam
1568 1591 1673 1623 vigore
1707 1591 1991 1626 quarumcumque

1240 1629 1406 1661 literarum
1432 1629 1694 1672 apostolicarum,
1724 1635 1775 1662 aut
1806 1630 1883 1663 alias
1915 1631 1989 1675 qui-

1240 1677 1344 1709 busvis
1378 1677 1479 1710 modis
1508 1682 1539 1709 et
1566 1677 1845 1722 qualitercumque
1872 1684 1902 1711 et
1930 1680 1989 1713 sub

1239 1726 1403 1769 quibusvis
1422 1727 1592 1759 verborum
1619 1726 1730 1759 formis
1758 1732 1788 1759 et
1817 1728 1986 1770 clausulis,

1239 1774 1361 1807 etiamsi
1378 1775 1484 1817 plena,
1498 1785 1658 1816 expressa,
1671 1775 1828 1818 specialis,
1839 1776 1990 1820 specifica

1239 1830 1267 1856 et
1294 1823 1454 1856 individua
1492 1835 1528 1855 ae
1562 1824 1600 1855 de
1630 1824 1726 1856 verbo
1761 1824 1800 1856 ad
1834 1825 1986 1865 verbum,

1239 1883 1303 1905 non
1323 1877 1429 1905 autem
1447 1883 1504 1915 per
1524 1872 1685 1905 clausulas
1705 1873 1871 1914 generales
1904 1873 1988 1907 idem

1238 1921 1459 1964 inqiortantes,
1482 1921 1601 1953 mentio
1630 1932 1685 1953 seu
1706 1921 1835 1964 quaevis
1854 1922 1914 1955 alia
1934 1933 1988 1956 ex-

1239 1970 1359 2014 pressio
1381 1970 1525 2002 habenda
1538 1970 1628 2009 foret,
1652 1976 1778 2003 tenores
1801 1971 1987 2004 huiusmodi

1239 2019 1460 2064 praesentibus
1499 2030 1556 2062 pro
1604 2020 1800 2052 sufficienter
1832 2020 1989 2064 expressis

1238 2069 1401 2104 habentes,
1426 2068 1486 2100 illis
1515 2068 1592 2100 alias
1618 2068 1649 2100 in
1680 2079 1737 2101 suo
1767 2068 1883 2101 robore
1913 2080 1987 2112 per-

1240 2117 1409 2156 mansuris,
1433 2118 1492 2149 hae
1511 2117 1577 2149 viee
1603 2117 1778 2155 dumtaxat,
1808 2117 1988 2161 specialiter

1238 2172 1267 2199 et
1288 2176 1434 2209 expresse
1455 2166 1658 2208 derogamus.
1682 2166 1837 2208 Quodque
1857 2176 1910 2198 vos
1931 2165 1985 2198 filii

1238 2215 1401 2255 eanouiei,
1430 2215 1581 2247 offieiales
1601 2220 1631 2246 et
1646 2214 1753 2246 viearii
1770 2215 1808 2247 de
1829 2215 1985 2258 personis,

1238 2275 1319 2308 quae
1346 2263 1492 2306 deputari
1519 2262 1639 2305 possint
1659 2268 1899 2296 conservatores
1923 2274 1985 2296 nou

1238 2314 1324 2348 sitis:
1355 2324 1410 2345 seu
1433 2312 1457 2344 si
1491 2311 1663 2353 aliquibus,
1687 2311 1904 2344 communiter
1940 2313 1985 2345 vel

1239 2362 1382 2399 divisim,
1409 2372 1426 2392 a
1447 2360 1606 2403 praedicta
1642 2360 1679 2392 sit
1713 2360 1793 2393 Sede
1827 2360 1985 2394 indultum

1238 2411 1324 2454 quod
1345 2409 1630 2445 excommunicari,
1671 2409 1823 2452 suspendi
1857 2410 1904 2442 vel
1938 2409 1986 2442 in-

1239 2458 1348 2491 terdici
1370 2468 1433 2490 non
1454 2457 1576 2500 possint
1601 2468 1657 2500 per
1672 2457 1779 2490 literas
1798 2457 1987 2500 apostolicas·

1238 2518 1302 2540 non
1336 2507 1486 2538 t'aeientes
1519 2506 1646 2548 plenam
1672 2511 1702 2538 et
1740 2516 1921 2549 expressam
1950 2518 1981 2539 ai

1239 2557 1277 2588 de
1297 2554 1392 2587 verbo
1413 2554 1450 2586 ad
1471 2554 1602 2586 verbum
1623 2554 1661 2586 de
1678 2554 1801 2586 indulto
1821 2559 1852 2586 et
1875 2564 1985 2586 earum

1279 2618 1284 2642 l
1312 2615 1486 2643 Cherubinms
1509 2615 1570 2649 {igit
1594 2618 1755 2643 extrahatur
1774 2615 1830 2643 loco
1849 2623 1903 2643 non
1930 2619 1986 2643 tra—

1239 2660 1321 2684 mitur
1341 2656 1377 2691 (n.
1400 2656 1449 2692 T.)-

2011 283 2060 309 An.
2078 283 2108 310 C.
2128 285 2191 312 ism

2012 348 2126 369 Contrariis
2149 355 2189 370 mo-

2011 379 2180 406 nibusderogai;
