2227 3001
226 256 274 280 An.
293 255 320 281 C.
343 254 407 280 122¹?

214 1223 271 1246 capu
283 1227 355 1242 ornnes
374 1222 398 1241 ad

213 1259 322 1274 carcerem
333 1253 398 1279 publ:-

213 1290 258 1305 en.n
270 1285 379 1305 ducantur.

211 1542 325 1569 Stg:12¹]c.t.
343 1549 366 1562 ee

211 1581 285 1597 ees-ao
311 1582 321 1593 a
352 1576 371 1594 te
383 1580 393 1593 ¹.

211 1608 266 1628 cam.
275 1610 393 1629 serventur.

224 1971 300 1994 tnfirmt
311 1979 347 2000 pro
358 1974 392 1994 dc—

207 2004 251 2024 hue
288 2007 391 2026 carcerati

209 2037 291 2061 quando
335 2038 392 2058 reln—

207 2067 276 2088 :nudi

465 239 528 274 388

423 301 578 346 scriptum
599 302 638 335 ad
657 302 763 334 minus
790 312 888 334 manu
908 302 1046 334 duorum
1068 301 1172 335 risita-

424 361 542 388 torum.

466 409 480 453 ξ
505 408 557 441 23.
581 410 671 450 Item,
691 410 770 442 sacta
787 409 1032 452 compositione,
1060 420 1171 442 omnes

266 467 406 493 orreo-<ssim
423 473 543 506 poenae
569 463 798 505 consignentur
822 473 920 506 penes
940 462 1169 506 depositarium

223 505 271 519 num
304 500 406 524 pecuniae

223 532 360 557 deponantur.

421 522 579 555 nostrum,
600 515 838 548 distribuendae
866 515 876 538 t
904 527 960 559 per
986 517 1169 549 mandatum

422 574 566 602 nostrum
587 570 635 602 vel
655 568 730 602 dicti
758 569 937 602 camerarii.

464 623 478 665 ξ
508 622 559 654 24.
586 623 677 663 Item,
709 623 795 666 quod
825 623 973 656 custodes
1002 635 1169 657 carcerum

221 682 404 741 qufxoedrssolsffiaiff
420 686 483 708 non
494 676 615 720 possint
626 676 749 720 aperire
766 688 875 720 capsas
892 678 1168 721 elcemosynarum

221 745 316 765 tuantur.

418 740 598 773 pauperum
633 736 870 763 carceratorum
898 731 964 763 sine
990 731 1169 774 praesentia

418 784 549 817 alterius
569 795 605 817 ex
623 785 888 828 procuratoribus
909 785 1068 818 dictorum
1090 796 1168 828 pan-

417 848 549 880 perum,
572 844 599 871 et
622 838 694 871 illae
716 838 870 881 pecuniae
886 849 950 871 non
967 838 1083 871 dentur
1101 850 1168 871 ma-

416 891 522 934 gistris
546 892 661 924 domus
687 892 836 932 carceris,
864 892 917 925 sed
943 892 1169 936 dispensentur

416 944 500 978 inter
533 944 615 985 illos,
645 946 701 989 qui
735 956 799 978 non
820 945 938 978 habent
964 946 1096 979 modum
1122 946 1166 978 vi-

414 998 518 1038 vendi,
531 1009 589 1042 per
604 999 753 1032 eumdem
771 1000 968 1043 magistrum,
982 1010 1055 1032 cum
1068 1000 1166 1033 inter-

414 1057 509 1085 ventu
544 1053 700 1096 capitanei
735 1064 914 1093 carcerum,
952 1059 981 1086 et
1015 1054 1111 1087 unius
1130 1064 1167 1086 ex

413 1106 678 1148 procuratoribus
698 1117 890 1150 pauperum.

459 1159 473 1203 ξ
493 1159 545 1192 25.
573 1160 663 1199 Item,
687 1161 770 1204 capti
796 1171 833 1193 ex
853 1160 990 1194 cuiusvis
1016 1161 1165 1194 mandato

415 1222 479 1245 non
513 1213 674 1246 ducantur
706 1214 745 1247 ad
770 1214 869 1246 alium
890 1214 1010 1250 locum,
1046 1214 1105 1247 nisi
1127 1214 1165 1246 ad

414 1266 560 1310 publicos
599 1278 763 1304 carceres,
799 1267 837 1300 ad
871 1278 952 1310 quos
988 1267 1165 1300 visitatores

414 1330 509 1353 causa
533 1320 641 1353 xisitae
668 1322 819 1354 accedere
841 1322 954 1359 solent⁷
977 1327 1029 1353 aut
1051 1322 1090 1354 ad
1111 1332 1163 1353 ca-

414 1378 514 1406 strum
535 1374 640 1407 Sancti
666 1375 776 1418 Angeli
797 1374 834 1407 de
860 1375 989 1418 speciali
1014 1375 1163 1407 mandato

414 1433 533 1460 nostro.

456 1481 470 1524 ἓ
491 1481 543 1514 26.
568 1481 727 1514 Habentes
743 1481 993 1524 significationes
1009 1481 1071 1514 sive
1093 1492 1162 1514 mo-

371 1550 396 1562 1-
412 1534 555 1574 raterius,
581 1546 597 1568 a
623 1535 755 1568 Camera
781 1536 961 1579 Apostolica
995 1546 1163 1568 concessas

412 1595 542 1633 propter
554 1595 785 1633 paupertatem,
797 1595 825 1622 ct
838 1589 987 1633 praestita
1004 1589 1161 1625 cautione,

411 1643 533 1676 etiamsi
555 1643 616 1676 sint
637 1643 764 1686 obligati
784 1643 815 1675 in
832 1644 932 1676 forma
945 1643 1108 1682 Gamerae,
1123 1644 1161 1675 ad

410 1696 592 1730 instantiam
613 1696 797 1741 quarumvis
822 1707 1034 1740 personarum
1057 1696 1160 1740 priva-

409 1756 514 1784 tarum
548 1761 610 1784 non
645 1751 855 1783 molestentur
887 1750 1075 1783 auctoritate
1105 1762 1160 1783 seu

409 1805 558 1838 mandato
575 1804 711 1837 alicuius
731 1804 857 1845 indicis,
876 1803 935 1837 sub
952 1814 1054 1847 poena
1075 1804 1160 1836 arbi-

409 1857 469 1891 trio
490 1857 641 1891 Gamerae
663 1858 865 1891 declaranda.

452 1906 539 1950 §22
569 1907 692 1940 Intirmi
719 1906 885 1947 carcerati,
915 1907 939 1940 si
966 1917 1024 1951 pro
1055 1906 1159 1939 debito

408 1955 490 1990 civili
502 1956 697 1996 detinentur,
713 1957 793 1989 sacta
814 1956 875 1989 tide
888 1967 946 2000 per
966 1956 1046 1988 duos
1057 1955 1157 1988 medi-

409 2015 463 2038 cos
483 2005 521 2038 de
534 2005 717 2038 infirmitate
729 2005 827 2048 gravi,
850 2005 891 2037 ita
912 2005 998 2048 quod
1013 2004 1051 2036 sit
1071 2004 1157 2047 peri-

409 2054 519 2087 culum
539 2055 638 2095 vitae,
663 2054 813 2098 praestita
833 2054 981 2087 cautione
1002 2054 1040 2086 de
1066 2054 1157 2086 rede-

410 2104 495 2137 undo
517 2110 706 2148 recuperata
733 2104 883 2143 sanitate,
907 2104 1101 2136 relaxentur.
1127 2102 1157 2135 Si

406 2164 480 2187 vero
501 2166 560 2199 pro
581 2166 676 2188 causa
698 2154 874 2194 criminati,
899 2165 935 2187 ex
955 2165 1018 2197 qua
1037 2152 1157 2186 veniret

407 2203 601 2247 imponenda
623 2215 724 2248 poena
747 2204 871 2243 mortis,
895 2203 918 2235 si
942 2203 1001 2235 iam
1025 2203 1061 2235 sit
1083 2213 1157 2235 con-

406 2252 508 2286 fessus
528 2254 575 2286 vel
602 2254 776 2289 convictus,
798 2253 846 2285 vel
874 2262 930 2295 pro
951 2251 1021 2284 aliis
1046 2250 1155 2283 crimi-

405 2301 499 2335 nibus
512 2302 699 2337 minoribus,
713 2301 860 2345 praestita
871 2301 1019 2333 cautione
1032 2300 1155 2337 idonea.

1007 249 1185 273 BI‘LLARIL'M
1216 248 1366 272 ROMANL‘M

1982 249 2029 274 An.
2049 248 2077 275 C.
2098 247 2164 275 ¹548

1215 306 1279 340 tur,
1292 311 1366 333 cum
1383 301 1559 333 inventario
1570 301 1653 334 sacto
1667 300 1698 334 in
1706 301 1876 344 praesentia
1893 311 1962 333 car·
2005 312 2061 333 euna
2080 316 2165 340 repet-ta

1215 354 1312 387 cerati
1333 359 1361 387 et
1383 365 1491 387 coram
1518 355 1644 388 duobus
1673 355 1816 395 testibus,
1839 353 1964 388 custodi
1979 349 2046 395 ξῗῗζζῖῗ,
2087 350 2164 396 ξῗξῖζζ

1214 418 1402 447 carcerum,
1423 408 1477 451 qui
1495 413 1640 441 teneatur
1654 408 1822 442 restituere
1843 408 1964 451 integre
1980 406 2063 426 ‘mmm‘

1213 461 1251 493 ad
1273 462 1457 494 mandatum
1476 461 1600 501 iudicis,
1618 462 1673 505 qui
1695 473 1766 495 eum
1790 461 1859 506 capi
1876 461 1961 495 fecit.

1257 515 1270 557 ξ
1292 514 1344 547 29.
1368 514 1522 547 Custodes
1542 526 1710 548 carcerum
1744 526 1808 548 nou
1840 514 1965 558 exigant
2002 522 2104 544 Custodes
2115 524 2164 558 quiri

1213 577 1270 599 nec
1292 572 1404 611 sponte
1425 567 1579 610 recipiant
1599 568 1637 600 ab
1654 568 1884 602 arrestantibus
1894 579 1964 602 car-
1981 553 2164 612 ssgg-izffitenutus

1213 626 1353 657 ceratos,
1377 622 1460 653 ultra
1481 633 1577 665 quam
1599 621 1742 664 exigatur
1761 634 1778 655 a
1801 628 1964 656 carcerato

1212 685 1269 717 pro
1291 675 1496 707 relaxatione.

1255 728 1269 771 ἓ
1294 727 1347 761 30.
1380 729 1553 761 Barisellus
1583 739 1647 762 non
1675 730 1775 772 exigat
1801 730 1923 774 aliquid
1947 741 1964 762 a
2007 738 2164 761 Bartsenusnn

1211 782 1382 815 carceratis
1403 783 1524 816 ratione
1546 794 1770 826 expensarum,
1793 795 1872 826 quas
1888 784 1964 817 dicit
1980 774 2162 829 ssfss'f'sstffissuff‘

1211 846 1242 868 se
1264 836 1375 869 secisse
1398 847 1454 880 pro
1477 837 1744 880 exploratoribus.

1253 890 1268 931 ξ
1288 889 1341 923 31.
1366 891 1525 923 Trircmes
1546 890 1712 924 visitentur
1731 891 1779 924 bis
1799 891 1831 923 in
1851 902 1935 924 anno
1954 918 1962 931 ‚
1981 932 1985 936 ᾗ
2006 900 2113 922 Triremes
2131 901 2163 921 bis

1210 948 1238 975 et
1259 943 1340 976 sacta
1360 944 1549 985 visitatione,
1573 945 1626 977 fiat
1647 946 1777 978 verbum
1800 945 1893 978 nohis
1915 945 1965 979 vel
1980 937 2085 984 ἶᾟῃάζὲἷω
2110 933 2162 953 ‘¹⁵¹'

1209 996 1354 1029 Pontifici
1368 1008 1425 1041 pro
1442 1004 1596 1040 tempore3
1610 1003 1641 1031 et
1650 998 1812 1031 relaxandi
1828 1010 1864 1032 ex
1876 1009 1965 1032 man-

1208 1050 1281 1083 dato
1301 1047 1498 1084 visitatorum
1507 1051 1573 1085 sine
1586 1062 1675 1084 mora
1685 1063 1744 1096 per
1758 1052 1963 1096 capitaneum

1209 1103 1389 1137 triremium
1418 1105 1695 1145 1‘elaxentu1·,sub
1729 1116 1832 1149 poena
1866 1105 1962 1139 amis-

1208 1156 1305 1190 sionis
1331 1158 1448 1191 salarii.

1251 1210 1327 1254 3:32.
1343 1211 1515 1245 Carcerum
1527 1213 1676 1246 custodes
1689 1218 1870 1246 carceratos
1881 1213 1920 1246 ad
1931 1223 1962 1246 a·
1978 1248 1988 1268 d
2017 1216 2161 1270 ‘⁴¹³³§1⁰¹¹⁵{⁰‘

1207 1264 1266 1297 lios
1276 1276 1422 1299 carceres
1434 1266 1501 1299 sine
1514 1267 1714 1304 iudicum,de
1724 1277 1864 1310 quorum
1874 1277 1961 1300 man·
1977 1253 2026 1300 1:0¹?
2047 1255 2058 1269 ⁰
2075 1252 2160 1275 '‘w’'

1206 1317 1278 1351 dato
1299 1319 1494 1359 detinentur,
1508 1320 1648 1360 licentia,
1667 1320 1851 1360 transferre,
1864 1330 1924 1354 nec
1944 1331 1962 1354 a

1206 1368 1378 1401 carceratis
1397 1369 1517 1412 aliquid
1530 1369 1667 1411 exigere,
1682 1369 1769 1409 dum,
1787 1379 1845 1413 pro
1864 1369 1961 1413 stipu-

1206 1416 1298 1449 landa
1314 1417 1420 1461 aliqua
1437 1418 1629 1460 obligatione
1641 1429 1698 1462 per
1719 1424 1899 1452 carceratos
1913 1418 1959 1452 fa-

1206 1464 1330 1504 cienda,
1353 1478 1407 1500 eos
1424 1478 1438 1499 a
1462 1467 1647 1500 carceribus
1668 1467 1851 1508 extrahunt,
1873 1468 1922 1500 vel
1942 1478 1960 1500 a

1205 1515 1415 1558 compedibus
1436 1516 1583 1555 liberant,
1606 1527 1670 1549 non
1691 1516 1823 1559 possint.

1248 1564 1262 1607 ξ
1282 1564 1335 1598 33.
1372 1565 1601 1598 Marcsclialchi
1625 1566 1787 1609 ceterique
1809 1571 1959 1599 executo-

1204 1623 1254 1645 res
1275 1613 1306 1645 in
1328 1614 1431 1647 causis
1447 1614 1592 1647 civilibus
1609 1619 1639 1647 et
1661 1614 1884 1647 criminalibus
1902 1615 1958 1649 Ca-

1204 1662 1305 1706 pitolii
1326 1664 1467 1696 tabulam
1489 1664 1667 1697 observent.
1691 1663 1727 1696 Et
1747 1674 1806 1708 pro
1826 1664 1957 1708 quibus-

1204 1711 1247 1744 vis
1255 1713 1508 1752 executionitms,
1522 1713 1663 1746 realibus
1672 1718 1703 1745 et
1717 1713 1954 1756 personalibus,

1203 1771 1304 1803 usque
1326 1762 1363 1794 ad
1385 1773 1543 1795 summam
1569 1762 1712 1806 quinque
1733 1761 1926 1795 ducatorum
1947 1789 1953 1803 ,

1202 1811 1367 1843 carlenum
1389 1823 1503 1851 unum;
1527 1822 1628 1854 usque
1648 1811 1687 1843 ad
1712 1810 1836 1850 decem,
1859 1811 1954 1851 duos;

1203 1871 1303 1904 usque
1318 1860 1354 1892 ad
1368 1860 1611 1904 quinquaginta,
1626 1860 1781 1904 quinque3
1795 1860 1870 1893 etab
1882 1860 1956 1894 inde

1202 1920 1308 1952 supra,
1319 1920 1542 1953 quaecumque
1553 1909 1646 1942 fuerit
1655 1919 1790 1943 summa,
1802 1909 1955 1943 ducatum

1202 1965 1431 1998 unum,etnon
1452 1959 1547 1997 ultra,
1570 1957 1706 2000 exigant.
1720 1957 1754 1990 In
1776 1958 1953 1991 executori-

1200 2008 1260 2041 bus
1276 2007 1287 2030 1
1310 2019 1384 2041 vero
1404 2019 1524 2051 poenae
1550 2007 1694 2051 capitalis
1710 2007 1757 2040 vel
1775 2007 1952 2050 sanguinis,

1199 2056 1352 2091 ducatum
1366 2068 1478 2090 unum.
1502 2058 1536 2090 In
1549 2056 1767 2096 casibusvero,
1790 2055 1820 2088 in
1837 2057 1955 2099 quibus

1200 2106 1244 2140 eis
1265 2113 1378 2149 quarta
1401 2117 1472 2150 pars
1494 2116 1671 2149 poenarum
1693 2105 1872 2138 secundum
1894 2111 1954 2139 sta-

1200 2160 1266 2187 tuta
1287 2156 1421 2188 debetur
1437 2182 1446 2195 ,
1469 2155 1493 2187 si
1514 2166 1550 2188 ex
1576 2155 1675 2197 gratia
1702 2165 1824 2198 poenae
1845 2154 1954 2188 mode-

1200 2210 1320 2241 rentur,
1343 2205 1473 2238 etiamsi
1489 2210 1558 2248 post
1576 2204 1796 2237 executionem
1817 2203 1951 2246 gratiam

1199 2254 1267 2288 lieri
1289 2255 1451 2297 contingat
1470 2281 1476 2292 ,
1499 2258 1644 2297 quartam
1672 2258 1794 2285 tantum
1816 2252 1884 2285 eius
1904 2263 1953 2286 re·

2019 1578 2157 1601 Executornm

1973 1617 2064 1633 merces.

1174 2322 1179 2351 Ι
1199 2303 1329 2347 cipiunt,
1353 2303 1438 2347 quod
1459 2314 1494 2335 ex
1507 2302 1606 2345 gratia
1619 2302 1762 2335 solvitur.
1780 2301 1951 2334 Barisellus

406 2350 562 2384 liberetur
587 2357 618 2383 ut
646 2361 753 2393 supra.
774 2351 809 2383 Et
831 2350 855 2382 si
876 2350 912 2382 sit
936 2360 1077 2392 pauper,
1101 2360 1155 2392 qm
1175 2353 1179 2404 Ι
1198 2363 1271 2385 xero
1293 2353 1324 2384 in
1346 2352 1490 2385 civilibus
1515 2352 1608 2384 etiam
1626 2351 1711 2383 illam
1733 2350 1889 2383 observet.
1916 2349 1950 2382 In

406 2411 475 2433 eam
497 2411 561 2433 non
582 2400 732 2443 reperiat.
760 2399 967 2441 consignetur
992 2397 1156 2441 hospitalis
1174 2411 1178 2454 ἕ
1199 2401 1548 2435 criminalibusautem.
1570 2406 1597 2433 et
1619 2405 1704 2433 extra
1724 2399 1841 2432 [ibem
1859 2399 1890 2431 in
1907 2398 1950 2431 ci-

406 2450 595 2493 guardiano,
618 2450 672 2492 qui
694 2448 934 2492 quamprimum
956 2448 1153 2480 convalescet

406 2504 611 2542 praesentare
632 2503 788 2531 teneatur.

450 2549 464 2592 ξ
485 2548 536 2581 ⁹28.
561 2548 646 2580 Bona
675 2548 723 2579 vel
743 2547 919 2590 pecuniae,
947 2558 1029 2589 quae
1062 2557 1154 2589 repe-

406 2597 575 2631 riunturin
589 2607 679 2640 posse
697 2602 947 2631 carceratorum,
963 2596 1154 2638 consignen-

443 2661 454 2687 l
475 2661 521 2686 Vel
536 2662 675 2686 soluendae
690 2659 762 2686 addit
781 2658 898 2685 Cherub.
911 2664 946 2693 tn.
966 2658 1014 2693 τ.).

1175 2458 1178 2476 2
1198 2451 1312 2483 vilibus
1332 2456 1359 2483 et
1379 2449 1610 2486 criminalibus,
1633 2448 1663 2480 id
1684 2453 1806 2481 tantum
1832 2448 1947 2491 capiat,

1174 2478 1178 2553 J
1197 2500 1283 2543 quod
1305 2510 1361 2543 pei·
1380 2500 1543 2532 Cameram
1569 2498 1783 2541 Apostolicam
1805 2508 1860 2530 seu
1893 2508 1949 2540 gu-

1197 2548 1400 2581 bernatorem
1435 2548 1529 2580 fuerit
1551 2547 1732 2580 ordinatum
1752 2574 1758 2583 ,
1786 2546 1841 2579 ubi
1866 2545 1948 2578 inter

1237 2612 1243 2635 l
1265 2611 1415 2645 Legendum
1447 2610 1553 2637 ridetur
1576 2610 1770 2636 executimibus
1800 2610 1857 2634 loco
1884 2615 1945 2633 eate-

1172 2654 1181 2705 l
1197 2659 1331 2683 caloribus
1348 2656 1386 2691 (R.
1403 2656 1452 2690 12).
