2227 3001
50 259 98 287 Αη.
117 260 146 288 C.
165 260 233 288 ¹559
256 287 261 293 x

886 263 1003 287 PAULL‘S
1027 263 1058 286 lv
1081 263 1129 286 ΡΡ.

1692 257 1756 290 553
1815 268 1864 294 An.
1882 267 1911 294 C.
1932 266 1999 293 ¹559

249 312 465 346 cardinalatus
488 312 612 346 honore
632 320 660 347 et
678 314 817 348 cuiusvis
838 316 1004 357 legationis
1045 314 1159 348 maiori
1195 315 1411 348 ecclesiastica
1441 315 1610 358 dignitate,
1643 323 1674 350 et
1703 319 1796 352 etiam

250 377 405 407 munere,
431 377 557 400 necnon
581 378 656 401 voce
678 368 777 401 activa
802 375 829 402 et
862 370 1001 413 passiva,

249 420 401 464 omnique
426 421 629 459 auctoritate,
653 433 687 453 ac
710 423 923 464 monasteriis,
947 425 1002 456 lw-

248 473 372 507 neficiis
392 479 420 506 et
442 474 554 506 officiis
575 476 814 510 errlesiasticis,
833 488 907 509 cum
925 489 1002 510 cura

249 533 279 560 et
312 526 379 559 sine
404 537 499 566 cura,
527 528 747 560 saecularibus
767 535 794 561 et
816 531 1003 572 quorumvis

248 580 404 614 Ordinum
430 581 633 623 regularibus
645 609 652 622 ‚
676 593 770 624 quae,
789 594 824 615 ex
837 584 1003 626 quibusvis

248 634 511 668 concessionibus
536 640 565 667 et
595 635 889 678 dispensationibus
923 648 1002 681 apo-

247 687 377 727 stolicis,
390 687 422 720 in
439 687 580 728 titulum,
602 689 827 721 commendam
849 695 877 722 et
899 690 1002 723 admi-

246 739 467 773 nistrationem
489 747 540 773 aut
558 741 636 773 alias
656 742 897 784 quomodolibet
919 744 1002 776 obti-

246 793 388 833 nuerint,
411 799 441 826 et
462 794 494 826 in
511 794 629 837 quibus
645 795 692 826 vel
713 795 752 827 ad
772 805 855 838 quae
881 796 930 828 ius
946 797 1001 829 ali-

245 847 331 891 quod
352 847 535 887 habuerint,
557 858 683 881 necnon
708 847 873 891 quibusvis
893 849 1002 883 fructi-

246 901 317 941 bus,
340 901 520 934 redditibus
540 907 568 934 et
591 901 798 945 proventibus
818 902 934 935 annuis
950 914 1001 935 su-

245 965 303 998 per
322 954 481 987 similibus
498 955 667 995 fructibus,
685 955 863 988 redditibus
879 962 907 989 et
924 968 1001 1000 pro-

244 1008 390 1042 ventibus
410 1009 455 1042 eis
475 1010 642 1043 reservatis
662 1015 690 1043 et
708 1010 885 1052 assignatis,
905 1011 1001 1043 comi-

244 1062 363 1096 tatibus
383 1074 526 1107 quoque,
539 1063 694 1103 baroniis,
709 1064 997 1105 marchionatibus,

243 1116 425 1157 ducatibus,
444 1118 551 1160 regnis
571 1123 602 1151 et
621 1117 759 1162 imperio
776 1117 904 1161 penitus
921 1124 951 1150 et
969 1117 1001 1150 in

245 1175 347 1203 totum
377 1177 535 1215 perpetuo
561 1171 693 1215 privati,
716 1176 744 1204 et
766 1171 805 1203 ad
826 1171 879 1203 illa
896 1171 933 1203 de
951 1182 1001 1204 ce·

244 1230 312 1257 tero
328 1224 486 1257 inhabiles
501 1230 532 1258 et
550 1224 733 1268 incapaces,
753 1224 999 1268 habeamusque

244 1288 303 1321 pro
328 1277 462 1320 relapsis
495 1283 523 1310 et
555 1277 716 1310 subversis
740 1277 773 1309 in
798 1276 949 1310 omnibus
970 1282 1000 1310 et

244 1341 302 1374 per
321 1330 446 1369 omnia,
468 1331 603 1374 perinde
624 1342 660 1364 ac
681 1330 705 1363 si
728 1330 817 1374 prius
838 1330 998 1363 haeresim

242 1383 429 1417 huiusmodi
449 1384 482 1416 in
503 1383 622 1417 iudicio
639 1383 769 1428 publice
785 1384 998 1423 abiurassem3

243 1448 303 1471 nec
319 1438 385 1471 ullo
406 1449 562 1482 umquam
584 1443 731 1482 tempore
752 1438 791 1470 ad
809 1448 922 1470 eorum
938 1438 1002 1481 pri-

243 1491 363 1524 stinum
384 1496 501 1524 statum
525 1497 579 1524 aut
605 1491 816 1527 cathedrales,
840 1495 1002 1535 metropo-

243 1544 377 1585 litanas,
399 1545 632 1588 patriarchales
663 1550 691 1577 et
720 1544 919 1587 primatiales
947 1555 1000 1577 ec-

244 1597 368 1638 clesias,
396 1609 452 1631 seu
473 1598 688 1631 cardinalatus
708 1598 757 1630 vel
777 1597 875 1630 alium
898 1598 1000 1630 hono-

244 1661 312 1684 rem
333 1656 390 1684 aut
408 1650 553 1695 quamvis
578 1651 673 1684 aliam
694 1651 850 1683 maiorem
871 1651 919 1683 vel
940 1651 1000 1683 nii-

244 1714 357 1738 norem
379 1705 578 1748 dignitatem,
602 1716 658 1738 seu
678 1715 789 1737 vocem
801 1704 934 1737 activam
954 1705 1001 1737 vel

243 1759 412 1804 passivam,
444 1764 498 1792 aut
523 1759 765 1798 auctoritatem,
793 1770 849 1791 seu
888 1769 1000 1791 mona-

242 1813 337 1846 steria
348 1813 560 1853 etbeneficia,
578 1813 625 1846 vel
638 1813 821 1852 comitatus,
836 1813 998 1851 baronias,

242 1867 504 1908 marchionatus,
538 1867 688 1907 ducatus,
712 1878 809 1910 regna
839 1872 866 1899 et
904 1866 1002 1910 inipe-

241 1921 327 1954 rium
342 1920 485 1961 restitui,
510 1921 642 1965 reponi,
664 1920 854 1962 reintegrari
876 1925 929 1952 aut
950 1931 1001 1952 re-

240 1974 403 2008 habilitati
440 1975 581 2019 possint,
612 1974 794 2018 quinimmo
826 1973 1001 2007 saecularis

240 2029 468 2072 relinquantur
484 2028 618 2061 arbitrio
648 2028 826 2072 potestatis,
859 2028 1002 2060 animad-

241 2083 389 2116 versione
407 2082 514 2115 debita
536 2081 710 2126 puniendi,
734 2081 794 2115 nisi
815 2081 1001 2126 apparenti-

241 2137 303 2169 bus
323 2135 356 2169 in
377 2136 422 2169 eis
441 2146 535 2169 verae
560 2135 777 2179 poenitentiae
812 2135 939 2168 indiciis
972 2140 1001 2168 et

243 2190 423 2233 condignae
436 2189 651 2234 poenitentiae
668 2189 836 2229 fructibus,
849 2200 886 2223 ex
902 2189 1003 2234 ipsius

243 2244 334 2278 Sedis
353 2243 552 2287 benignitate
582 2248 611 2276 et
641 2243 812 2276 clementia
838 2243 869 2276 in
894 2242 1003 2286 aliquo

242 2298 439 2331 monasterio
459 2303 514 2331 aut
533 2297 596 2331 alio
617 2297 759 2339 regulari
775 2297 859 2336 loco,
873 2297 912 2330 ad
929 2308 1002 2341 per-

243 2352 405 2395 agendum
426 2357 618 2396 perpetuam
643 2351 676 2384 in
711 2362 792 2395 pane
824 2350 945 2383 doloris
975 2355 1005 2383 et

245 2415 329 2449 aqua
355 2405 510 2439 mestitiae
538 2404 790 2449 poenitentiam,
817 2403 1004 2437 retrudendi

245 2459 377 2492 suerint.
400 2458 557 2501 Quodque
573 2469 631 2502 pro
647 2458 765 2490 talibus
782 2458 820 2490 ab
838 2457 1002 2497 omnibus,

247 2507 484 2552 cuiuscumque
501 2513 613 2547 status,
631 2507 761 2550 gradus,
780 2506 915 2543 ordinis,
930 2516 1005 2539 con-

1045 369 1261 402 cardinalatus
1280 370 1416 409 honore,
1435 380 1491 402 seu
1513 370 1686 409 mundana,
1703 373 1798 405 etiam

1045 423 1206 463 roinitali,
1228 424 1392 464 baronali,
1415 423 1648 463 inarcbionali,
1671 425 1797 463 diu-ali,

1046 475 1130 517 regia
1148 481 1175 508 et
1189 475 1347 520 imm-riali
1361 477 1551 509 auctoritate
1567 483 1595 510 et
1611 479 1799 511 excellentia

1044 529 1250 572 pollentibus,
1269 530 1392 567 haberi,
1411 530 1581 563 tractariet
1595 532 1750 574 reputari,
1770 538 1800 564 et

1045 588 1078 614 ut
1104 583 1181 615 tales
1210 583 1317 616 evitari
1344 584 1497 628 omnique.
1518 584 1727 617 humanitatis
1747 595 1798 618 so-

1044 636 1119 669 latio
1141 636 1271 669 destitui
1292 637 1442 670 debeant.

1087 689 1153 731 §la
1189 690 1223 722 Et
1246 691 1301 733 qui
1328 691 1377 723 ius
1398 697 1588 735 patronatus
1613 698 1667 724 aut
1692 692 1798 725 nomi-
1828 703 1862 724 ius
1879 708 2002 730 patronatu·

1044 743 1139 776 nandi
1174 754 1329 786 personas
1355 744 1486 777 idoneas
1511 745 1549 777 ad
1576 745 1797 785 cathedrales,
1815 736 2002 786 ζῖζεῃῖζῗᾚῗῖ

1044 796 1138 828 etiam
1161 797 1436 840 metropolitanas,
1462 803 1491 830 et
1513 798 1744 841 patriarchales
1763 810 1800 833 ac
1815 798 2002 849 ἓζξξζζὴξῐῡῑξζῖ

1043 850 1242 893 primatiales
1271 850 1423 883 ecclesias
1452 862 1508 884 seu
1539 853 1732 885 monasteria
1753 854 1799 886 vei
1816 860 1885 895 cantia
1911 863 2003 879 temn-

1043 903 1103 935 alia
1116 903 1271 937 beneficia
1283 904 1511 943 ecclesiastica,
1523 917 1580 949 per
1588 906 1799 949 privationem
1816 891 2003 947 ii'ssa'n‘iimifffi

1043 957 1229 990 huiusmodi
1242 957 1396 996 vacantia,
1408 958 1528 991 habere
1545 960 1798 1002 praetenderint,
1816 956 1926 1011 ξζῗξξζζζζ
1951 953 2002 973 ‘m‘

1043 1021 1082 1043 ne
1101 1011 1154 1044 illa
1174 1010 1316 1044 diutinae
1337 1011 1510 1045 vacationis
1530 1019 1734 1057 exponantur
1755 1015 1802 1046 in-

1043 1064 1232 1103 commodis,
1247 1065 1313 1105 sed,
1332 1065 1370 1097 de
1391 1065 1541 1098 servitute
1561 1066 1802 1101 baereticorum

1043 1122 1162 1159 erepta,
1176 1117 1321 1160 personis
1342 1118 1562 1151 concedantur
1577 1119 1711 1160 idoneis,
1730 1132 1803 1164 qua}

1043 1169 1172 1202 illarum
1194 1171 1333 1214 populos
1353 1171 1384 1203 in
1411 1173 1539 1204 semitas
1565 1172 1702 1206 iustitiae
1724 1174 1803 1208 fide-

1043 1223 1115 1256 liter
1134 1223 1284 1266 dirigant,
1308 1230 1478 1257 teneantur
1494 1225 1532 1257 ad
1554 1226 1717 1267 ecclesias,
1732 1239 1802 1261 nio-

1042 1277 1181 1309 nasteria
1201 1283 1231 1309 et
1251 1277 1409 1310 beneficia
1429 1277 1616 1311 huiusmodi
1637 1280 1714 1313 alias
1732 1292 1804 1325 per-

1043 1330 1290 1370 sonasidoneas,
1313 1330 1397 1364 infra
1416 1336 1545 1375 tempus
1565 1343 1582 1364 a
1607 1332 1677 1365 iure
1698 1335 1745 1366 vel
1767 1345 1804 1367 ex

1043 1394 1156 1416 eorum
1180 1385 1383 1417 concordatis
1409 1396 1465 1418 seu
1487 1386 1697 1429 conipactatis
1728 1399 1803 1421 cum

1043 1436 1126 1469 dicta
1147 1437 1227 1470 Sede
1253 1437 1339 1471 initis
1363 1444 1530 1479 statutum,
1553 1439 1646 1473 nobis
1666 1452 1722 1474 seu
1743 1453 1802 1486 pro

1042 1496 1188 1533 tempore
1210 1491 1355 1524 existenti
1377 1492 1521 1525 Romano
1542 1493 1690 1527 Pontifici
1709 1506 1804 1539 prae-

1043 1549 1180 1585 sentare,
1195 1544 1350 1589 alioquin,
1366 1551 1511 1590 tempore
1532 1546 1719 1581 huiusmodi
1740 1549 1803 1582 ela-

1042 1609 1112 1642 pso,
1136 1599 1231 1642 plena
1253 1604 1283 1632 et
1303 1599 1404 1632 libera
1429 1601 1642 1633 ecclesiarum
1657 1629 1664 1641 ‚
1687 1612 1801 1636 mona-

1043 1652 1216 1684 steriorum
1244 1660 1272 1685 et
1302 1653 1537 1686 beneficiorum
1559 1654 1801 1697 praedictorum

1043 1706 1208 1749 dispositio
1229 1707 1267 1739 ad
1288 1717 1346 1740 nos
1363 1712 1393 1740 et
1408 1707 1590 1740 Romanum
1612 1708 1800 1742 Pontificem

1044 1760 1245 1804 praedictum
1273 1771 1310 1794 eo
1336 1761 1404 1805 ipso
1431 1762 1526 1804 pleno
1553 1761 1622 1795 iure
1653 1763 1799 1796 devolva-

1043 1819 1106 1846 tur.

1087 1868 1153 1911 {5-
1189 1868 1225 1901 Et
1260 1869 1393 1912 insuper
1426 1869 1481 1912 qui
1506 1869 1592 1914 ipsos
1620 1870 1663 1903 sic
1683 1870 1799 1915 depre-

1043 1922 1160 1955 hensos
1180 1928 1233 1955 aut
1256 1923 1418 1956 confessos
1438 1923 1487 1956 vel
1508 1923 1671 1957 convictos
1695 1924 1799 1958 scien-

1043 1980 1091 2007 ter
1111 1976 1356 2019 quomodolibet
1377 1982 1544 2020 receptare,
1564 1977 1610 2010 vel
1627 1977 1800 2011 defendere

1043 2034 1098 2061 aut
1131 2029 1176 2062 eis
1204 2030 1308 2063 favere
1344 2031 1390 2062 vel
1426 2030 1557 2063 credere
1594 2042 1650 2064 seu
1686 2042 1800 2065 eorum

1044 2082 1192 2126 dogmata
1203 2083 1418 2127 dogmatizare
1429 2085 1718 2128 praesumpserint,
1731 2096 1801 2119 sen—

1043 2137 1175 2170 tentiam
1198 2137 1542 2171 excommunicationis
1552 2149 1589 2172 eo
1604 2138 1673 2182 ipso
1694 2140 1802 2173 incur-

1044 2196 1126 2231 rant,
1140 2190 1388 2235 esticianturque
1400 2191 1548 2232 insanies,
1561 2202 1620 2225 nec
1633 2203 1720 2230 voce,
1733 2204 1803 2238 per-

1045 2254 1134 2285 sona,
1158 2245 1286 2288 scriptis
1306 2245 1354 2277 vel
1375 2245 1495 2278 nuncio
1517 2250 1572 2278 aut
1592 2252 1803 2289 procuratore

1045 2297 1152 2341 aliquo
1184 2299 1223 2331 ad
1245 2298 1375 2342 publica
1395 2309 1451 2331 seu
1472 2298 1593 2342 privata
1614 2299 1719 2333 officia
1749 2305 1801 2332 aut

1046 2351 1179 2384 consilia
1200 2362 1257 2385 seu
1278 2351 1435 2396 synodum
1460 2352 1507 2385 vel
1534 2352 1727 2393 concilium,
1748 2364 1802 2396 ge-

1046 2406 1155 2439 nerale
1175 2406 1224 2439 vel
1246 2406 1461 2450 provinciale,
1480 2417 1539 2440 nec
1560 2407 1710 2440 conclave
1731 2419 1802 2441 car-

1047 2459 1204 2493 dinalium
1225 2466 1280 2494 aut
1300 2461 1441 2504 aliquam
1465 2459 1610 2493 fidelium
1632 2471 1804 2503 congrega-

1048 2508 1166 2542 tionem
1188 2520 1242 2542 seu
1261 2510 1454 2543 electionem
1476 2508 1623 2549 alicuius
1642 2514 1696 2542 aut
1718 2509 1803 2542 testi-

1858 1875 2003 1903 fautoresque

1816 1907 1920 1927 haeretic.
1949 1913 2004 1934 pne<

1815 1944 1853 1959 nas
1868 1938 1901 1958 hie
1921 1939 2004 1958 desen-

1816 1972 1862 1996 μιᾶς
1879 1970 1998 1990 incurrunt.

246 2555 377 2590 ditionis
397 2561 428 2589 et
447 2555 710 2600 praeeminentiae
731 2555 949 2595 existentibus,
968 2566 1004 2588 ac
1046 2558 1195 2592 monium
1227 2559 1466 2603 perhibendum
1495 2557 1715 2597 admittantur,
1743 2568 1801 2591 nec

247 2615 473 2649 quacumque,
501 2604 597 2638 etiam
625 2605 819 2649 episcopali,
842 2604 1004 2648 archiepi-
1047 2608 1170 2641 admitti
1204 2607 1345 2653 possint3
1383 2608 1443 2641 sint
1469 2607 1563 2641 etiam
1590 2606 1799 2647 intestabiles,

247 2653 601 2698 scopali‚patriarchali
618 2659 647 2687 et
669 2654 841 2698 primatiali
866 2659 921 2686 aut
944 2653 1005 2686 alia
1047 2668 1107 2692 nec
1140 2658 1179 2691 ad
1213 2657 1418 2691 haereditatis
1447 2656 1683 2690 successionem
1708 2666 1800 2690 acce-

325 2707 400 2738 Butt.
420 2707 497 2738 Itoni.
522 2707 575 2737 t'ol.
594 2707 641 2738 It'.
848 2708 884 2738 ΤΟ
