2227 3001
900 272 1017 297 murts
1042 273 1071 296 iv
1095 273 1143 297 re.
1690 263 1747 298 2301
1809 274 1857 298 Αη.
1876 272 1904 297 (1.
1926 270 1991 298 1:155

1044 326 1171 364 catoris,
1190 325 1244 358 sed
1257 329 1291 358 ut
1306 329 1510 358 convertatur
1526 330 1555 358 et
1574 324 1666 365 vivat,
1685 337 1796 359 omns—s
1831 335 1954 353 &maw-
1972 338 1991 352 Ἰι

1045 385 1075 412 et
1099 379 1253 422 singulos,
1276 379 1343 423 qui,
1367 384 1402 412 ut
1417 378 1610 423 praefertur,
1632 379 1671 412 ab
1692 372 1890 415 ass=s·1·-.¹[[II]'''''

57 274 104 301 An.
123 273 150 300 C.
170 271 235 300 1555

248 326 422 360 Dominum
450 331 597 359 nostrum
622 325 726 359 Iesum
752 325 912 360 Christum
938 329 1022 360 noir

250 391 317 413 esse
332 390 444 413 verum
459 379 560 412 Deum
573 379 717 412 eiusdem
734 380 929 413 substantiae
947 391 1004 424 per

250 433 358 466 omnia
377 443 452 467 curn
476 433 568 465 Patre
593 438 623 466 et
648 433 770 476 Spiritu
792 433 922 473 Sancto;
949 439 1001 466 aut

249 487 405 520 Eumdem
418 487 595 520 secundum
615 497 745 520 carnem
763 498 827 520 non
844 498 911 521 esse
928 498 1002 520 cou-

249 546 379 585 ceptum
405 540 437 573 in
462 546 556 574 utero
584 541 786 574 beatissimae
812 552 1002 585 semperque

249 594 387 637 Virginis
396 594 512 627 Mariae
523 594 562 627 de
574 595 695 638 Spiritu
712 595 839 630 Sancto.
853 595 907 628 sed
923 595 1002 627 sicut

250 653 373 681 ceteros
396 648 546 681 homines
574 660 610 681 ex
639 649 761 682 semine
790 650 922 692 Ioseph3
951 654 1024 696 aut¹

249 702 399 735 eumdem
416 702 590 735 Dominum
608 715 644 736 ac
668 704 769 737 Deum
785 708 932 736 nostrum
956 704 1004 736 lv-

249 767 320 788 sum
337 756 499 790 Christum
520 768 587 790 non
607 757 741 791 subiisse
762 757 1003 791 acerbissimam
1024 790 1025 793 ,

249 809 356 843 crucis
382 816 537 850 mortem,
560 816 595 844 ut
615 822 673 844 nos
698 823 715 844 a
743 811 882 855 peccatis
910 817 937 844 et
966 811 1025 850 ab,

248 868 380 896 aeterna
391 870 494 897 morte
507 864 692 905 redimeret,
707 870 737 898 et
753 864 838 897 Patri
851 865 889 897 ad
909 865 1004 897 vitam
1024 893 1025 904 ,

247 922 413 949 aeternam
430 917 666 957 reconciliaret,
689 923 743 951 aut
763 918 909 951 eamdem
930 918 1005 951 Bea-

1023 955 1025 973 l

247 969 403 1002 tissimam
414 970 576 1014 Yirginem
588 970 718 1004 Mariam
732 982 796 1003 non
813 981 880 1004 esse
896 982 1004 1004 veram
1023 980 1025 1014 ξ

246 1022 302 1056 Dei
314 1023 458 1065 Matrem,
481 1036 540 1057 nec
562 1024 736 1069 perstitisse
749 1035 877 1068 semper
897 1024 929 1056 in
945 1024 1005 1057 vir-

247 1076 390 1120 ginitatis
410 1078 605 1121 integritate,
628 1084 701 1112 ante
721 1084 851 1122 partum
868 1078 1001 1118 scilicet,

247 1130 279 1163 in
290 1137 386 1175 partu
398 1138 428 1165 et
444 1138 602 1176 perpetuo
618 1138 687 1176 post
701 1137 841 1176 partum,
856 1143 893 1165 ex
913 1137 1003 1175 parte

247 1185 479 1230 omnipotentis
490 1187 544 1220 Dei
556 1187 659 1220 Patris
680 1192 710 1220 et
725 1186 797 1219 Filii
818 1191 848 1219 et
864 1186 1003 1229 Spiritus

247 1239 368 1280 Sancti,
395 1240 571 1284 apostolica
592 1239 782 1273 auctoritate
806 1239 1003 1282 requirimus
1022 1266 1024 1278 ,χ

1022 1291 1205 1325 'bonorum
1232 1293 1391 1336 privativis
1411 1298 1441 1326 et
1471 1293 1617 1336 eorporis
1646 1293 1800 1326 asslictivis

1022 1358 1023 1363 =
1044 1353 1079 1375 ac
1105 1343 1296 1386 capitalibus
1325 1343 1357 1375 in
1378 1343 1455 1375 tales
1476 1354 1492 1375 a
1517 1343 1587 1375 iure
1612 1343 1660 1376 vel
1685 1343 1724 1375 ab
1745 1343 1799 1375 bo-

247 1297 277 1326 et
289 1303 459 1327 monemus
469 1300 640 1338 quatenus,
654 1293 737 1326 infra
749 1293 887 1337 spatium
903 1293 1002 1325 trium

247 1347 406 1380 mensium
427 1358 445 1379 a
474 1347 694 1391 publicatione
722 1346 939 1390 praesentium
970 1347 1002 1379 in

245 1400 389 1433 Romana
416 1401 531 1441 Curia,
560 1402 667 1444 quoad
695 1401 872 1434 residentes
891 1401 923 1433 in
944 1412 999 1440 ea,

245 1454 342 1488 modo
357 1454 575 1499 i11frascripto;
598 1460 685 1488 extra
705 1465 775 1488 eam
792 1465 876 1495 vero,
895 1455 1002 1497 quoad
1021 1480 1023 1492 ‚

245 1507 325 1539 alios
336 1506 368 1540 in
381 1507 434 1540 itta
446 1519 511 1541 non
531 1508 718 1547 residentes,
731 1508 827 1541 modo
850 1514 879 1541 et,
898 1508 1002 1541 forma

245 1571 305 1604 per
323 1561 532 1595 dioecesanos
553 1562 742 1602 statuendis,
757 1561 912 1602 facienda,
925 1562 1002 1595 inci-

245 1613 454 1657 piendorum,
476 1626 559 1659 quos
578 1626 637 1659 pro
662 1616 780 1659 primo,
804 1617 946 1649 secundo
971 1622 999 1650 et

246 1666 338 1700 tertio
369 1678 405 1700 ac
426 1669 647 1712 peremptorio
668 1669 822 1707 termino,
844 1681 881 1702 ac
898 1670 1001 1702 moni-

243 1719 330 1753 tione
351 1721 507 1754 canonica
528 1722 573 1755 eis
589 1727 617 1755 et
639 1733 752 1756 eorum
774 1723 906 1756 cuilibet
925 1723 1000 1755 assi-

245 1828 471 1862 etcredulitate
483 1830 682 1871 huiusmodi,
694 1842 731 1863 ac
739 1831 998 1875 quibuscumque

242 1881 312 1913 aliis
329 1881 362 1914 in
385 1882 448 1915 fide
474 1884 639 1926 praedicta
659 1884 841 1925 erroribus,
866 1884 898 1917 in
918 1896 999 1928 quos

242 1934 400 1969 hactenus
415 1937 495 1980 lapsi
516 1943 602 1978 sunt,
624 1938 797 1982 resipuisse
819 1943 849 1971 et
869 1939 908 1971 ad
929 1939 999 1971 uni-

242 1993 341 2022 tatem
365 1989 527 2023 Ecclesiae
555 1991 742 2031 redeundo,
765 1992 995 2033 assertionem,

243 2042 392 2085 dogmata
412 2050 443 2076 et
463 2044 687 2078 eredulitatem
709 2056 746 2078 ae
771 2045 850 2079 alios
871 2056 999 2079 errores

242 2096 428 2130 huiusmodi
449 2098 482 2130 in
503 2098 653 2132 manibus
670 2099 899 2143 inquisitorum
920 2100 997 2133 hae-

241 2149 360 2183 reticae
374 2151 547 2194 pravitatis,
567 2152 729 2186 civitatum
746 2158 777 2186 et
792 2154 952 2193 locorum,
966 2154 997 2185 in

241 2203 360 2247 quibus
371 2205 409 2237 ad
422 2216 574 2249 praesens
586 2207 718 2251 degunt,
732 2208 862 2240 realiter
882 2213 996 2241 etcum

242 2257 359 2290 effectu
380 2258 544 2293 abiurasse
555 2265 583 2293 et
595 2260 677 2293 infra
689 2261 768 2294 alios
787 2266 852 2294 tres
872 2272 998 2294 menses

241 2322 259 2344 a
279 2311 330 2344 die
345 2312 556 2347 abiurationis
575 2314 762 2348 huiusmodi
784 2315 993 2352 inchoandos,

241 2365 280 2397 de
292 2366 403 2399 eadem
420 2367 622 2402 abiuratione
633 2369 870 2402 venerabilibus
891 2369 995 2402 fratri·
1016 2376 1018 2386 ¹

240 2418 301 2452 bus
330 2420 446 2453 nostris
480 2427 608 2456 sanctae
640 2423 802 2457 Romanae
836 2423 995 2456 Ecclesiae

241 2472 475 2514 cardinalibus,
498 2475 601 2508 dictae
627 2476 808 2510 haereticae
835 2476 996 2520 pravitatis

241 2521 483 2566 inquisitoribus
507 2525 711 2568 generalibus
744 2527 871 2569 plenam
900 2526 995 2558 fidem

243 2571 352 2604 secisse
373 2572 522 2606 debeant.

1045 434 1143 471 tione,
1166 434 1369 477 dogmatibus
1393 438 1424 466 et
1448 432 1648 471 credulitate,
1671 445 1707 466 ac
1727 433 1851 476 aliisf'gsss’

1045 488 1393 532 erroribuspraedietis
1408 487 1615 531 resipuerint,
1627 492 1657 520 et
1672 488 1711 520 ad
1728 488 1796 519 uui-
1809 495 1881 544 mgr:
1902 496 1940 538 Μ’]
1960 496 1993 538 1¹⁴,

1047 546 1142 574 tatem
1171 541 1331 574 Ecclesiae
1360 540 1546 581 redeundo,
1574 540 1912 577 assertionem,wir—um·
1931 552 1960 569 a„

1045 595 1193 636 dogmata
1219 601 1247 628 et
1269 595 1491 628 credulitatem
1513 606 1549 627 ae
1573 594 1653 627 alios
1673 606 1799 627 errores·

1046 648 1232 681 huiusmodi
1258 654 1371 692 sponte
1397 648 1613 681 abiuraverint
1633 654 1663 681 et
1687 649 1725 681 dc
1747 659 1799 679 ea-

1047 702 1118 735 dem
1150 702 1351 735 abiuratione
1384 703 1533 746 praelatis
1558 701 1801 745 inquisitoribus

1046 756 1250 797 generalibus
1276 757 1371 789 tidem
1402 756 1548 796 fecerint,
1575 768 1610 789 ac
1632 756 1800 799 poeniteu-

1047 809 1122 841 tiam
1162 810 1337 853 privatam,
1370 821 1429 854 per
1461 810 1563 843 dictos
1591 810 1801 853 particulares

1047 862 1253 905 inquisitores
1286 863 1331 896 eis
1364 863 1554 903 iniunctam,
1582 874 1656 896 cum
1683 864 1799 896 css‘evtu

1047 916 1304 959 adimpleverint,
1336 929 1353 950 a
1379 917 1551 961 praedictis
1575 923 1606 949 et
1635 917 1801 961 quibusvis

1046 969 1128 1010 aliis,
1152 971 1370 1014 quamtumvis
1385 971 1533 1014 gravibus
1552 976 1581 1003 et
1598 971 1798 1006 encwmibus,

1023 1022 1025 1037 ³
1046 1023 1233 1057 haeresibus
1254 1030 1285 1057 et
1309 1036 1325 1057 a
1347 1024 1409 1057 lide
1433 1024 1548 1057 Christi
1575 1024 1741 1068 apostasiis
1764 1037 1799 1057 ac

1023 1070 1024 1094 ἶ
1046 1077 1077 1108 in
1103 1077 1215 1110 eadem
1236 1078 1298 1111 fide
1324 1078 1500 1117 erroribus,
1523 1089 1650 1111 necnon
1675 1090 1800 1111 excum-

285 2622 300 2663 ,ξ
325 2621 356 2654 2.
384 2622 447 2655 Nos
472 2622 569 2663 enim,
597 2623 741 2657 eiusdem
765 2623 821 2657 Dei
845 2624 994 2669 omnipo·

242 2671 335 2705 tentis
351 2672 510 2717 exemplo,
528 2672 584 2718 qui
603 2684 668 2707 non
687 2674 754 2708 vult
769 2679 905 2709 mortem
921 2686 994 2720 pec-

1045 1130 1291 1169 municationis,
1325 1131 1546 1175 suspensionis
1577 1137 1608 1165 et
1640 1132 1798 1165 interdicti

1045 1183 1180 1227 aliisque
1200 1185 1377 1225 sententiis,
1395 1185 1540 1218 censuris
1555 1191 1585 1218 et
1600 1186 1724 1229 poeniS,
1736 1192 1798 1219 tam

1045 1238 1271 1272 ecclesiasticis
1299 1250 1398 1282 quam
1432 1239 1677 1282 temporalibus,
1704 1240 1797 1273 etiam

1045 1390 1130 1424 mine
1146 1392 1217 1424 latis
1233 1397 1261 1424 et
1278 1392 1503 1435 promulgatis,
1521 1397 1551 1425 et
1567 1403 1624 1436 per
1640 1403 1694 1425 eos
1709 1403 1799 1436 prae-

1045 1440 1216 1474 missorum
1224 1441 1799 1484 occasioneincursis(dummodode-

1043 1490 1097 1522 lati
1114 1496 1166 1523 aut
1184 1490 1327 1534 inquisiti
1342 1502 1399 1524 seu
1416 1491 1533 1535 relapsi
1544 1502 1609 1524 non
1619 1491 1797 1531 sint'),dicta

1021 1568 1022 1574 ,
1043 1540 1245 1576 auctoritate.
1259 1545 1368 1573 tenore
1377 1541 1605 1583 praesentium,
1617 1540 1648 1572 in
1659 1545 1796 1583 utroque

1043 1587 1112 1621 soro
1135 1589 1330 1622 absolvimus
1351 1594 1379 1622 et
1397 1589 1585 1629 liberamus,
1608 1600 1643 1622 ae
1661 1600 1734 1622 cum
1752 1590 1797 1621 eis

1043 1639 1399 1680 superirregularitate,
1422 1650 1518 1682 quam
1535 1644 1705 1682 propterea
1722 1650 1796 1671 con-

1042 1687 1207 1725 traxerint,
1227 1687 1321 1720 etiam
1343 1689 1368 1721 si
1389 1688 1433 1721 sic
1450 1688 1537 1730 ligati
1554 1688 1666 1721 missas
1686 1694 1713 1719 et
1736 1688 1795 1720 alia

1019 1757 1021 1776 5
1041 1735 1146 1768 divina
1158 1737 1274 1774 officia,
1295 1737 1390 1770 etiam
1407 1738 1513 1770 forsan
1526 1737 1557 1769 in
1574 1742 1794 1780 contemptum

244 1784 391 1817 gnamus,
404 1776 443 1807 ab
460 1786 574 1809 eorum
591 1777 778 1817 assertione,
797 1777 1000 1820 dogmatibus
1019 1786 1021 1789 ’

1042 1785 1180 1818 clavium
1207 1787 1450 1823 celebraverint,
1478 1792 1531 1819 aut
1562 1786 1632 1819 aliis
1657 1787 1733 1819 alias
1763 1798 1795 1817 so

1042 1834 1290 1868 immiscuerint.
1317 1836 1473 1878 Quodque
1495 1846 1531 1868 ea
1552 1835 1619 1879 ipsa
1637 1835 1794 1876 irregula-

1041 1883 1133 1916 ritate
1146 1890 1172 1916 et
1189 1885 1495 1929 c··terisp1·aemissis
1507 1896 1570 1917 nou
1581 1885 1792 1920 obstantibus,

1041 1934 1096 1976 qui
1114 1935 1253 1977 promoti
1270 1946 1334 1969 non
1348 1936 1476 1971 suerint,
1498 1936 1534 1967 ad
1557 1946 1681 1975 omues,
1700 1936 1794 1968 etiam

1040 1982 1138 2016 laicos
1151 1983 1157 2010 Ι
1169 1989 1197 2016 et
1209 1985 1588 2029 presbyteratus,ordiues
1599 1986 1792 2028 pron·iov.=ri,

1041 2037 1069 2065 et
1090 2032 1121 2064 in
1147 2033 1210 2065 illis
1228 2039 1293 2066 tam
1315 2034 1394 2077 ipsi,
1418 2045 1515 2078 quam
1536 2034 1591 2077 qui
1612 2034 1675 2066 iam
1698 2034 1793 2067 etiam

1041 2088 1109 2125 post
1132 2083 1294 2116 incursam
1320 2083 1478 2116 haeresim
1501 2083 1640 2126 promoti
1660 2083 1790 2120 luerint,

1041 2131 1070 2164 in
1101 2133 1209 2166 altaris
1239 2133 1415 2166 ministerio
1441 2132 1639 2173 ministrare;
1666 2144 1792 2166 necnon

1040 2187 1101 2214 tam
1129 2183 1237 2215 elerici
1258 2194 1354 2226 quam
1372 2183 1443 2216 laici
1465 2188 1495 2216 et
1515 2183 1683 2226 utriusque
1700 2195 1793 2216 sexus·

1039 2242 1209 2274 personae,
1222 2243 1402 2275 eorumque
1417 2232 1485 2273 filii,
1502 2238 1644 2277 nepotes.
1661 2233 1792 2265 descen-

1039 2280 1161 2319 dentes,
1188 2281 1227 2314 ad
1255 2282 1385 2324 gradus,
1412 2282 1572 2323 honores,
1599 2282 1727 2315 ordines
1763 2288 1791 2315 et

1039 2329 1142 2361 ostieia
1168 2342 1203 2362 ac
1230 2330 1290 2363 alia
1315 2342 1540 2375 quaecumque
1565 2331 1697 2371 assumi,
1726 2331 1791 2364 illa-

1039 2389 1101 2421 que
1126 2379 1288 2423 suscipere
1314 2385 1341 2412 et
1368 2391 1516 2414 exercere
1540 2381 1640 2414 libere
1661 2387 1689 2415 et
1706 2381 1789 2414 licite

1039 2428 1177 2468 valeant,
1204 2429 1394 2463 auctoritate
1419 2436 1448 2463 et
1472 2436 1584 2464 tenore
1609 2431 1788 2474 praedietis,

1039 2476 1076 2508 de
1109 2477 1257 2520 specialis
1290 2478 1375 2512 dono
1400 2479 1519 2522 gratiae
1553 2479 1786 2523 dispensamus,

1038 2524 1147 2568 eisque.
1168 2527 1289 2569 pariter
1312 2528 1540 2571 indulgemus,
1568 2540 1693 2562 necnon
1718 2541 1787 2561 em-

1038 2585 1111 2607 nem
1145 2574 1354 2610 inhabilitatis
1386 2583 1416 2610 et
1450 2578 1599 2611 infamiae
1626 2580 1786 2611 maculam

1075 2643 1082 2668 l
1104 2643 1199 2669 Sacros
1223 2643 1280 2670 loco
1307 2646 1385 2672 laicos
1411 2645 1476 2672 bene
1503 2645 1591 2679 tegunt
1619 2644 1734 2674 Cherub.
1760 2651 1787 2675 et

1037 2684 1130 2711 Manli.
1147 2685 1186 2720 (R.
1201 2685 1251 2722 T.).
