<?xml version="1.0" encoding="UTF-8"?>
<!DOCTYPE html PUBLIC "-//W3C//DTD XHTML 1.0 Transitional//EN"
    "http://www.w3.org/TR/xhtml1/DTD/xhtml1-transitional.dtd">
<html xmlns="http://www.w3.org/1999/xhtml" xml:lang="en" lang="en">
 <head>
  <title>
</title>
<meta http-equiv="Content-Type" content="text/html;charset=utf-8" />
  <meta name='ocr-system' content='tesseract 3.04.00' />
  <meta name='ocr-capabilities' content='ocr_page ocr_carea ocr_par ocr_line ocrx_word'/>
</head>
<body>
  <div class='ocr_page' id='page_1' title='image "./bullarumdiplomat06cath_0368.png"; bbox 0 0 2227 3001; ppageno 0'>
   <div class='ocr_carea' id='block_1_1' title="bbox 171 241 354 270">
    <p class='ocr_par' dir='ltr' id='par_1_1' title="bbox 171 241 354 270">
     <span class='ocr_line' id='line_1_1' title="bbox 171 241 354 270; baseline 0.005 -3"><span class='ocrx_word' id='word_1_1' title='bbox 171 241 222 268; x_wconf 74' lang='lat' dir='ltr'>Au.</span> <span class='ocrx_word' id='word_1_2' title='bbox 241 243 269 269; x_wconf 85' lang='lat' dir='ltr'>C.</span> <span class='ocrx_word' id='word_1_3' title='bbox 289 243 354 270; x_wconf 53' lang='lat' dir='ltr'>¹5&amp;ss</span> 
     </span>
    </p>
   </div>
   <div class='ocr_carea' id='block_1_2' title="bbox 368 231 1131 2655">
    <p class='ocr_par' dir='ltr' id='par_1_2' title="bbox 368 231 1131 2597">
     <span class='ocr_line' id='line_1_2' title="bbox 413 231 477 266; baseline -0.016 0"><span class='ocrx_word' id='word_1_4' title='bbox 413 231 477 266; x_wconf 64' lang='lat'>332</span> 
     </span>
     <span class='ocr_line' id='line_1_3' title="bbox 370 293 1122 338; baseline -0.003 -12"><span class='ocrx_word' id='word_1_5' title='bbox 370 305 407 327; x_wconf 88' lang='lat' dir='ltr'>ac</span> <span class='ocrx_word' id='word_1_6' title='bbox 432 294 571 327; x_wconf 83' lang='lat' dir='ltr'>diversas</span> <span class='ocrx_word' id='word_1_7' title='bbox 600 293 813 338; x_wconf 80' lang='lat' dir='ltr'>pecuniarum</span> <span class='ocrx_word' id='word_1_8' title='bbox 835 303 997 331; x_wconf 85' lang='lat' dir='ltr'>summas,</span> <span class='ocrx_word' id='word_1_9' title='bbox 1021 303 1071 324; x_wconf 90' lang='lat' dir='ltr'>res</span> <span class='ocrx_word' id='word_1_10' title='bbox 1092 298 1122 324; x_wconf 90' lang='lat' dir='ltr'>et</span> 
     </span>
     <span class='ocr_line' id='line_1_4' title="bbox 369 345 1122 390; baseline 0.001 -12"><span class='ocrx_word' id='word_1_11' title='bbox 369 347 453 380; x_wconf 86' lang='lat' dir='ltr'>bona</span> <span class='ocrx_word' id='word_1_12' title='bbox 483 348 626 390; x_wconf 77' lang='lat' dir='ltr'>exigere,</span> <span class='ocrx_word' id='word_1_13' title='bbox 658 352 688 379; x_wconf 88' lang='lat' dir='ltr'>et</span> <span class='ocrx_word' id='word_1_14' title='bbox 712 345 811 388; x_wconf 85' lang='lat' dir='ltr'>aliqui</span> <span class='ocrx_word' id='word_1_15' title='bbox 832 346 937 378; x_wconf 80' lang='lat' dir='ltr'>forsan</span> <span class='ocrx_word' id='word_1_16' title='bbox 967 346 1026 378; x_wconf 87' lang='lat' dir='ltr'>sibi</span> <span class='ocrx_word' id='word_1_17' title='bbox 1046 346 1122 390; x_wconf 88' lang='lat' dir='ltr'>ipsis</span> 
     </span>
     <span class='ocr_line' id='line_1_5' title="bbox 369 398 1120 444; baseline -0.003 -11"><span class='ocrx_word' id='word_1_18' title='bbox 369 401 580 444; x_wconf 85' lang='lat' dir='ltr'>appropriare</span> <span class='ocrx_word' id='word_1_19' title='bbox 614 411 679 433; x_wconf 89' lang='lat' dir='ltr'>non</span> <span class='ocrx_word' id='word_1_20' title='bbox 712 398 920 438; x_wconf 85' lang='lat' dir='ltr'>destiterant,</span> <span class='ocrx_word' id='word_1_21' title='bbox 947 410 1059 432; x_wconf 89' lang='lat' dir='ltr'>omnes</span> <span class='ocrx_word' id='word_1_22' title='bbox 1092 405 1120 432; x_wconf 85' lang='lat' dir='ltr'>et</span> 
     </span>
     <span class='ocr_line' id='line_1_6' title="bbox 369 452 1121 497; baseline 0.001 -13"><span class='ocrx_word' id='word_1_23' title='bbox 369 453 511 496; x_wconf 79' lang='lat' dir='ltr'>singulas</span> <span class='ocrx_word' id='word_1_24' title='bbox 527 453 740 497; x_wconf 80' lang='lat' dir='ltr'>pecuniarum</span> <span class='ocrx_word' id='word_1_25' title='bbox 756 462 911 489; x_wconf 79' lang='lat' dir='ltr'>summas,</span> <span class='ocrx_word' id='word_1_26' title='bbox 925 463 976 484; x_wconf 86' lang='lat' dir='ltr'>res</span> <span class='ocrx_word' id='word_1_27' title='bbox 993 458 1020 484; x_wconf 89' lang='lat' dir='ltr'>et</span> <span class='ocrx_word' id='word_1_28' title='bbox 1037 452 1121 485; x_wconf 88' lang='lat' dir='ltr'>bona</span> 
     </span>
     <span class='ocr_line' id='line_1_7' title="bbox 370 505 1120 549; baseline -0.001 -10"><span class='ocrx_word' id='word_1_29' title='bbox 370 518 406 539; x_wconf 81' lang='lat' dir='ltr'>ex</span> <span class='ocrx_word' id='word_1_30' title='bbox 422 506 574 549; x_wconf 78' lang='lat' dir='ltr'>quaestis.</span> <span class='ocrx_word' id='word_1_31' title='bbox 598 505 808 548; x_wconf 73' lang='lat' dir='ltr'>eleemosynis</span> <span class='ocrx_word' id='word_1_32' title='bbox 824 510 853 537; x_wconf 90' lang='lat' dir='ltr'>et</span> <span class='ocrx_word' id='word_1_33' title='bbox 870 505 1076 547; x_wconf 70' lang='lat' dir='ltr'>indulgentiis</span> <span class='ocrx_word' id='word_1_34' title='bbox 1092 511 1120 538; x_wconf 88' lang='lat' dir='ltr'>et</span> 
     </span>
     <span class='ocr_line' id='line_1_8' title="bbox 370 558 1121 602; baseline -0.001 -10"><span class='ocrx_word' id='word_1_35' title='bbox 370 560 440 592; x_wconf 86' lang='lat' dir='ltr'>aliis</span> <span class='ocrx_word' id='word_1_36' title='bbox 461 558 632 602; x_wconf 88' lang='lat' dir='ltr'>praedictis</span> <span class='ocrx_word' id='word_1_37' title='bbox 654 564 787 590; x_wconf 87' lang='lat' dir='ltr'>eatenus</span> <span class='ocrx_word' id='word_1_38' title='bbox 815 563 966 601; x_wconf 71' lang='lat' dir='ltr'>preventa</span> <span class='ocrx_word' id='word_1_39' title='bbox 985 585 991 598; x_wconf 92' lang='lat'>‚</span> <span class='ocrx_word' id='word_1_40' title='bbox 1015 565 1046 591; x_wconf 89' lang='lat' dir='ltr'>et</span> <span class='ocrx_word' id='word_1_41' title='bbox 1065 569 1121 602; x_wconf 87' lang='lat' dir='ltr'>pe-</span> 
     </span>
     <span class='ocr_line' id='line_1_9' title="bbox 370 611 1123 655; baseline -0.001 -10"><span class='ocrx_word' id='word_1_42' title='bbox 370 623 426 645; x_wconf 90' lang='lat' dir='ltr'>nes</span> <span class='ocrx_word' id='word_1_43' title='bbox 446 617 633 655; x_wconf 68' lang='lat' dir='ltr'>quaestores</span> <span class='ocrx_word' id='word_1_44' title='bbox 653 617 681 644; x_wconf 90' lang='lat' dir='ltr'>et</span> <span class='ocrx_word' id='word_1_45' title='bbox 705 611 943 644; x_wconf 84' lang='lat' dir='ltr'>commissarios</span> <span class='ocrx_word' id='word_1_46' title='bbox 963 612 1123 654; x_wconf 85' lang='lat' dir='ltr'>praefatos</span> 
     </span>
     <span class='ocr_line' id='line_1_10' title="bbox 370 664 1123 703; baseline 0 -6"><span class='ocrx_word' id='word_1_47' title='bbox 370 676 405 697; x_wconf 88' lang='lat' dir='ltr'>ac</span> <span class='ocrx_word' id='word_1_48' title='bbox 427 664 582 703; x_wconf 87' lang='lat' dir='ltr'>nuncios,</span> <span class='ocrx_word' id='word_1_49' title='bbox 606 664 785 700; x_wconf 75' lang='lat' dir='ltr'>ministros,</span> <span class='ocrx_word' id='word_1_50' title='bbox 809 664 1043 703; x_wconf 85' lang='lat' dir='ltr'>thesaurarios,</span> <span class='ocrx_word' id='word_1_51' title='bbox 1066 664 1123 697; x_wconf 87' lang='lat' dir='ltr'>de-</span> 
     </span>
     <span class='ocr_line' id='line_1_11' title="bbox 370 716 1124 760; baseline 0.003 -13"><span class='ocrx_word' id='word_1_52' title='bbox 370 717 555 760; x_wconf 81' lang='lat' dir='ltr'>positarios,</span> <span class='ocrx_word' id='word_1_53' title='bbox 578 717 665 757; x_wconf 86' lang='lat' dir='ltr'>loca,</span> <span class='ocrx_word' id='word_1_54' title='bbox 689 716 823 758; x_wconf 80' lang='lat' dir='ltr'>collegia</span> <span class='ocrx_word' id='word_1_55' title='bbox 848 722 878 749; x_wconf 86' lang='lat' dir='ltr'>et</span> <span class='ocrx_word' id='word_1_56' title='bbox 902 717 1124 751; x_wconf 82' lang='lat' dir='ltr'>universitates</span> 
     </span>
     <span class='ocr_line' id='line_1_12' title="bbox 370 769 1124 814; baseline -0.001 -12"><span class='ocrx_word' id='word_1_57' title='bbox 370 770 546 809; x_wconf 80' lang='lat' dir='ltr'>existentia,</span> <span class='ocrx_word' id='word_1_58' title='bbox 564 780 647 813; x_wconf 86' lang='lat' dir='ltr'>quae</span> <span class='ocrx_word' id='word_1_59' title='bbox 664 776 797 802; x_wconf 85' lang='lat' dir='ltr'>eatenus</span> <span class='ocrx_word' id='word_1_60' title='bbox 813 769 1038 814; x_wconf 64' lang='lat' dir='ltr'>hospitalibus,</span> <span class='ocrx_word' id='word_1_61' title='bbox 1057 781 1124 803; x_wconf 90' lang='lat' dir='ltr'>mo-</span> 
     </span>
     <span class='ocr_line' id='line_1_13' title="bbox 368 822 1123 866; baseline 0.001 -11"><span class='ocrx_word' id='word_1_62' title='bbox 368 822 515 856; x_wconf 85' lang='lat' dir='ltr'>nasteriis</span> <span class='ocrx_word' id='word_1_63' title='bbox 549 828 575 855; x_wconf 89' lang='grc'>01</span> <span class='ocrx_word' id='word_1_64' title='bbox 612 823 682 856; x_wconf 89' lang='lat' dir='ltr'>aliis</span> <span class='ocrx_word' id='word_1_65' title='bbox 700 822 779 855; x_wconf 80' lang='grc'>10015</span> <span class='ocrx_word' id='word_1_66' title='bbox 800 823 971 866; x_wconf 84' lang='lat' dir='ltr'>praedictis</span> <span class='ocrx_word' id='word_1_67' title='bbox 992 823 1123 857; x_wconf 89' lang='lat' dir='ltr'>minime</span> 
     </span>
     <span class='ocr_line' id='line_1_14' title="bbox 368 875 1124 919; baseline 0.004 -12"><span class='ocrx_word' id='word_1_68' title='bbox 368 875 573 919; x_wconf 88' lang='lat' dir='ltr'>incorporata</span> <span class='ocrx_word' id='word_1_69' title='bbox 594 877 732 913; x_wconf 78' lang='lat' dir='ltr'>fueraut,</span> <span class='ocrx_word' id='word_1_70' title='bbox 765 876 917 908; x_wconf 86' lang='lat' dir='ltr'>basilicae</span> <span class='ocrx_word' id='word_1_71' title='bbox 946 877 954 904; x_wconf 86' lang='grc' dir='ltr'>Ι</span> <span class='ocrx_word' id='word_1_72' title='bbox 979 882 1009 909; x_wconf 88' lang='lat' dir='ltr'>et</span> <span class='ocrx_word' id='word_1_73' title='bbox 1038 876 1124 910; x_wconf 89' lang='lat' dir='ltr'>illins</span> 
     </span>
     <span class='ocr_line' id='line_1_15' title="bbox 369 929 1125 973; baseline 0.001 -13"><span class='ocrx_word' id='word_1_74' title='bbox 369 929 505 971; x_wconf 71' lang='lat' dir='ltr'>collegio</span> <span class='ocrx_word' id='word_1_75' title='bbox 521 935 548 962; x_wconf 90' lang='lat' dir='ltr'>et</span> <span class='ocrx_word' id='word_1_76' title='bbox 567 929 726 972; x_wconf 53' lang='lat' dir='ltr'>detuit-atis</span> <span class='ocrx_word' id='word_1_77' title='bbox 742 929 1013 962; x_wconf 82' lang='lat' dir='ltr'>concessissemus</span> <span class='ocrx_word' id='word_1_78' title='bbox 1029 936 1057 963; x_wconf 92' lang='lat' dir='ltr'>et</span> <span class='ocrx_word' id='word_1_79' title='bbox 1071 941 1125 973; x_wconf 86' lang='lat' dir='ltr'>ap-</span> 
     </span>
     <span class='ocr_line' id='line_1_16' title="bbox 368 983 1124 1027; baseline 0.001 -12"><span class='ocrx_word' id='word_1_80' title='bbox 368 983 612 1026; x_wconf 64' lang='lat' dir='ltr'>plicavissimus‘,</span> <span class='ocrx_word' id='word_1_81' title='bbox 631 994 807 1027; x_wconf 89' lang='lat' dir='ltr'>omnesque</span> <span class='ocrx_word' id='word_1_82' title='bbox 825 989 1022 1026; x_wconf 81' lang='lat' dir='ltr'>quaestores,</span> <span class='ocrx_word' id='word_1_83' title='bbox 1035 995 1124 1016; x_wconf 89' lang='lat' dir='ltr'>com-</span> 
     </span>
     <span class='ocr_line' id='line_1_17' title="bbox 369 1035 1123 1079; baseline 0.001 -11"><span class='ocrx_word' id='word_1_84' title='bbox 369 1035 543 1071; x_wconf 76' lang='lat' dir='ltr'>missarios,</span> <span class='ocrx_word' id='word_1_85' title='bbox 561 1035 697 1068; x_wconf 76' lang='lat' dir='ltr'>nuncios</span> <span class='ocrx_word' id='word_1_86' title='bbox 718 1041 747 1068; x_wconf 89' lang='lat' dir='ltr'>et</span> <span class='ocrx_word' id='word_1_87' title='bbox 767 1035 846 1068; x_wconf 90' lang='lat' dir='ltr'>alios</span> <span class='ocrx_word' id='word_1_88' title='bbox 861 1035 1015 1068; x_wconf 85' lang='lat' dir='ltr'>officiales</span> <span class='ocrx_word' id='word_1_89' title='bbox 1031 1047 1123 1079; x_wconf 88' lang='lat' dir='ltr'>prae-</span> 
     </span>
     <span class='ocr_line' id='line_1_18' title="bbox 370 1089 1125 1131; baseline 0.003 -11"><span class='ocrx_word' id='word_1_90' title='bbox 370 1089 448 1121; x_wconf 86' lang='lat' dir='ltr'>fatos</span> <span class='ocrx_word' id='word_1_91' title='bbox 469 1089 751 1129; x_wconf 71' lang='lat' dir='ltr'>1·ex·oc;u·isse1nus;</span> <span class='ocrx_word' id='word_1_92' title='bbox 775 1100 971 1131; x_wconf 78' lang='lat' dir='ltr'>onmemque</span> <span class='ocrx_word' id='word_1_93' title='bbox 993 1090 1125 1122; x_wconf 88' lang='lat' dir='ltr'>faculta-</span> 
     </span>
     <span class='ocr_line' id='line_1_19' title="bbox 368 1142 1124 1186; baseline 0.001 -13"><span class='ocrx_word' id='word_1_94' title='bbox 368 1148 452 1177; x_wconf 70' lang='lat' dir='ltr'>tem,</span> <span class='ocrx_word' id='word_1_95' title='bbox 475 1147 666 1184; x_wconf 86' lang='lat' dir='ltr'>potestatem</span> <span class='ocrx_word' id='word_1_96' title='bbox 701 1147 732 1174; x_wconf 87' lang='lat' dir='ltr'>ct</span> <span class='ocrx_word' id='word_1_97' title='bbox 765 1142 989 1174; x_wconf 86' lang='lat' dir='ltr'>auctoritatem</span> <span class='ocrx_word' id='word_1_98' title='bbox 1024 1154 1124 1186; x_wconf 79' lang='lat' dir='ltr'>quae-</span> 
     </span>
     <span class='ocr_line' id='line_1_20' title="bbox 369 1194 1124 1237; baseline 0.001 -12"><span class='ocrx_word' id='word_1_99' title='bbox 369 1194 507 1234; x_wconf 75' lang='lat' dir='ltr'>stuandi,</span> <span class='ocrx_word' id='word_1_100' title='bbox 519 1194 735 1237; x_wconf 70' lang='lat' dir='ltr'>indulgentias</span> <span class='ocrx_word' id='word_1_101' title='bbox 751 1200 781 1226; x_wconf 89' lang='lat' dir='ltr'>et</span> <span class='ocrx_word' id='word_1_102' title='bbox 800 1194 877 1226; x_wconf 88' lang='lat' dir='ltr'>alias</span> <span class='ocrx_word' id='word_1_103' title='bbox 890 1195 1005 1237; x_wconf 67' lang='lat' dir='ltr'>gratias</span> <span class='ocrx_word' id='word_1_104' title='bbox 1018 1195 1124 1237; x_wconf 87' lang='lat' dir='ltr'>publi-</span> 
     </span>
     <span class='ocr_line' id='line_1_21' title="bbox 370 1246 1125 1287; baseline 0.003 -9"><span class='ocrx_word' id='word_1_105' title='bbox 370 1246 473 1287; x_wconf 81' lang='lat' dir='ltr'>candi,</span> <span class='ocrx_word' id='word_1_106' title='bbox 485 1247 663 1279; x_wconf 71' lang='lat' dir='ltr'>confratres</span> <span class='ocrx_word' id='word_1_107' title='bbox 680 1247 893 1285; x_wconf 82' lang='lat' dir='ltr'>describendi,</span> <span class='ocrx_word' id='word_1_108' title='bbox 912 1247 1125 1280; x_wconf 85' lang='lat' dir='ltr'>confessiona-</span> 
     </span>
     <span class='ocr_line' id='line_1_22' title="bbox 370 1299 1124 1342; baseline 0.003 -12"><span class='ocrx_word' id='word_1_109' title='bbox 370 1299 411 1332; x_wconf 92' lang='lat' dir='ltr'>lia</span> <span class='ocrx_word' id='word_1_110' title='bbox 432 1300 643 1339; x_wconf 85' lang='lat' dir='ltr'>concedendi,</span> <span class='ocrx_word' id='word_1_111' title='bbox 658 1299 688 1331; x_wconf 88' lang='lat' dir='ltr'>in</span> <span class='ocrx_word' id='word_1_112' title='bbox 709 1299 861 1342; x_wconf 64' lang='lat' dir='ltr'>gradibus</span> <span class='ocrx_word' id='word_1_113' title='bbox 877 1300 1124 1333; x_wconf 87' lang='lat' dir='ltr'>matrimoniali-</span> 
     </span>
     <span class='ocr_line' id='line_1_23' title="bbox 370 1352 1126 1396; baseline 0.003 -13"><span class='ocrx_word' id='word_1_114' title='bbox 370 1352 429 1385; x_wconf 91' lang='lat' dir='ltr'>bus</span> <span class='ocrx_word' id='word_1_115' title='bbox 452 1352 622 1396; x_wconf 77' lang='lat' dir='ltr'>prohibitis</span> <span class='ocrx_word' id='word_1_116' title='bbox 643 1353 865 1395; x_wconf 77' lang='lat' dir='ltr'>dispensandi,</span> <span class='ocrx_word' id='word_1_117' title='bbox 884 1354 923 1386; x_wconf 88' lang='lat' dir='ltr'>ab</span> <span class='ocrx_word' id='word_1_118' title='bbox 943 1353 1126 1386; x_wconf 71' lang='lat' dir='ltr'>homicidiis</span> 
     </span>
     <span class='ocr_line' id='line_1_24' title="bbox 371 1405 1125 1439; baseline 0.003 -2"><span class='ocrx_word' id='word_1_119' title='bbox 371 1405 554 1438; x_wconf 71' lang='lat' dir='ltr'>casualibus</span> <span class='ocrx_word' id='word_1_120' title='bbox 588 1417 644 1438; x_wconf 88' lang='lat' dir='ltr'>seu</span> <span class='ocrx_word' id='word_1_121' title='bbox 674 1406 861 1439; x_wconf 75' lang='lat' dir='ltr'>voluntariis</span> <span class='ocrx_word' id='word_1_122' title='bbox 897 1417 933 1439; x_wconf 85' lang='lat' dir='ltr'>ae</span> <span class='ocrx_word' id='word_1_123' title='bbox 971 1407 1125 1439; x_wconf 85' lang='lat' dir='ltr'>simoniae</span> 
     </span>
     <span class='ocr_line' id='line_1_25' title="bbox 370 1459 1127 1497; baseline 0.004 -7"><span class='ocrx_word' id='word_1_124' title='bbox 370 1459 441 1492; x_wconf 85' lang='lat' dir='ltr'>labe</span> <span class='ocrx_word' id='word_1_125' title='bbox 466 1459 663 1497; x_wconf 70' lang='lat' dir='ltr'>absolvendi,</span> <span class='ocrx_word' id='word_1_126' title='bbox 682 1470 717 1491; x_wconf 83' lang='lat' dir='ltr'>ae</span> <span class='ocrx_word' id='word_1_127' title='bbox 738 1465 808 1492; x_wconf 73' lang='lat' dir='ltr'>vota</span> <span class='ocrx_word' id='word_1_128' title='bbox 834 1460 1074 1497; x_wconf 75' lang='lat' dir='ltr'>commutandi,</span> <span class='ocrx_word' id='word_1_129' title='bbox 1097 1467 1127 1494; x_wconf 90' lang='lat' dir='ltr'>et</span> 
     </span>
     <span class='ocr_line' id='line_1_26' title="bbox 372 1512 1124 1555; baseline 0.003 -12"><span class='ocrx_word' id='word_1_130' title='bbox 372 1513 476 1545; x_wconf 78' lang='lat' dir='ltr'>forsan</span> <span class='ocrx_word' id='word_1_131' title='bbox 512 1512 572 1545; x_wconf 89' lang='lat' dir='ltr'>alia</span> <span class='ocrx_word' id='word_1_132' title='bbox 607 1512 798 1552; x_wconf 77' lang='lat' dir='ltr'>exercendi,</span> <span class='ocrx_word' id='word_1_133' title='bbox 828 1524 844 1545; x_wconf 91' lang='lat' dir='ltr'>a</span> <span class='ocrx_word' id='word_1_134' title='bbox 880 1514 1124 1555; x_wconf 78' lang='lat' dir='ltr'>quaestorilnis,</span> 
     </span>
     <span class='ocr_line' id='line_1_27' title="bbox 372 1566 1127 1607; baseline 0.003 -10"><span class='ocrx_word' id='word_1_135' title='bbox 372 1566 611 1606; x_wconf 67' lang='lat' dir='ltr'>commissaliis,</span> <span class='ocrx_word' id='word_1_136' title='bbox 630 1566 802 1603; x_wconf 81' lang='lat' dir='ltr'>ministris,</span> <span class='ocrx_word' id='word_1_137' title='bbox 826 1567 1047 1607; x_wconf 72' lang='lat' dir='ltr'>thesaurariis,</span> <span class='ocrx_word' id='word_1_138' title='bbox 1070 1568 1127 1600; x_wconf 91' lang='lat' dir='ltr'>de-</span> 
     </span>
     <span class='ocr_line' id='line_1_28' title="bbox 372 1619 1128 1664; baseline 0.004 -14"><span class='ocrx_word' id='word_1_139' title='bbox 372 1619 531 1662; x_wconf 87' lang='lat' dir='ltr'>positariis</span> <span class='ocrx_word' id='word_1_140' title='bbox 547 1625 575 1652; x_wconf 88' lang='lat' dir='ltr'>et</span> <span class='ocrx_word' id='word_1_141' title='bbox 593 1620 663 1652; x_wconf 86' lang='lat' dir='ltr'>aliis</span> <span class='ocrx_word' id='word_1_142' title='bbox 684 1620 868 1662; x_wconf 84' lang='lat' dir='ltr'>praedictis,</span> <span class='ocrx_word' id='word_1_143' title='bbox 891 1631 1018 1654; x_wconf 81' lang='lat' dir='ltr'>necnon</span> <span class='ocrx_word' id='word_1_144' title='bbox 1036 1632 1128 1664; x_wconf 71' lang='lat' dir='ltr'>guar-</span> 
     </span>
     <span class='ocr_line' id='line_1_29' title="bbox 372 1671 1128 1717; baseline 0.004 -13"><span class='ocrx_word' id='word_1_145' title='bbox 372 1671 495 1710; x_wconf 76' lang='lat' dir='ltr'>dianis,</span> <span class='ocrx_word' id='word_1_146' title='bbox 518 1673 710 1706; x_wconf 87' lang='lat' dir='ltr'>officialibus</span> <span class='ocrx_word' id='word_1_147' title='bbox 744 1679 772 1705; x_wconf 89' lang='lat' dir='ltr'>et</span> <span class='ocrx_word' id='word_1_148' title='bbox 807 1673 877 1705; x_wconf 84' lang='lat' dir='ltr'>aliis</span> <span class='ocrx_word' id='word_1_149' title='bbox 907 1674 1128 1717; x_wconf 87' lang='lat' dir='ltr'>superioribus</span> 
     </span>
     <span class='ocr_line' id='line_1_30' title="bbox 372 1725 1127 1768; baseline 0.003 -11"><span class='ocrx_word' id='word_1_150' title='bbox 372 1725 599 1768; x_wconf 82' lang='lat' dir='ltr'>hospitalium,</span> <span class='ocrx_word' id='word_1_151' title='bbox 629 1726 916 1765; x_wconf 71' lang='lat' dir='ltr'>monasteriorum,</span> <span class='ocrx_word' id='word_1_152' title='bbox 943 1727 1037 1759; x_wconf 89' lang='lat' dir='ltr'>etiam</span> <span class='ocrx_word' id='word_1_153' title='bbox 1066 1728 1127 1759; x_wconf 79' lang='lat' dir='ltr'>Re,-</span> 
     </span>
     <span class='ocr_line' id='line_1_31' title="bbox 373 1775 1127 1818; baseline 0.001 -11"><span class='ocrx_word' id='word_1_154' title='bbox 373 1775 565 1817; x_wconf 87' lang='lat' dir='ltr'>demptionis</span> <span class='ocrx_word' id='word_1_155' title='bbox 586 1775 784 1818; x_wconf 72' lang='lat' dir='ltr'>captivorum</span> <span class='ocrx_word' id='word_1_156' title='bbox 819 1780 849 1807; x_wconf 88' lang='lat' dir='ltr'>et</span> <span class='ocrx_word' id='word_1_157' title='bbox 874 1775 1013 1808; x_wconf 90' lang='lat' dir='ltr'>aliorum</span> <span class='ocrx_word' id='word_1_158' title='bbox 1039 1777 1127 1809; x_wconf 89' lang='grc'>1000-</span> 
     </span>
     <span class='ocr_line' id='line_1_32' title="bbox 371 1824 1128 1867; baseline 0.004 -13"><span class='ocrx_word' id='word_1_159' title='bbox 371 1833 444 1855; x_wconf 89' lang='lat' dir='ltr'>rum</span> <span class='ocrx_word' id='word_1_160' title='bbox 472 1824 731 1866; x_wconf 73' lang='lat' dir='ltr'>praedictorum,</span> <span class='ocrx_word' id='word_1_161' title='bbox 754 1824 922 1867; x_wconf 75' lang='lat' dir='ltr'>privilegia</span> <span class='ocrx_word' id='word_1_162' title='bbox 943 1830 973 1857; x_wconf 87' lang='lat' dir='ltr'>et</span> <span class='ocrx_word' id='word_1_163' title='bbox 994 1825 1128 1857; x_wconf 84' lang='lat' dir='ltr'>faculta-</span> 
     </span>
     <span class='ocr_line' id='line_1_33' title="bbox 372 1873 1128 1916; baseline 0.004 -14"><span class='ocrx_word' id='word_1_164' title='bbox 372 1877 419 1904; x_wconf 88' lang='lat' dir='ltr'>tes</span> <span class='ocrx_word' id='word_1_165' title='bbox 440 1882 493 1904; x_wconf 88' lang='lat' dir='ltr'>eos</span> <span class='ocrx_word' id='word_1_166' title='bbox 509 1873 722 1905; x_wconf 78' lang='lat' dir='ltr'>substituendi</span> <span class='ocrx_word' id='word_1_167' title='bbox 750 1878 780 1905; x_wconf 90' lang='lat' dir='ltr'>et</span> <span class='ocrx_word' id='word_1_168' title='bbox 805 1873 980 1916; x_wconf 72' lang='lat' dir='ltr'>deputandi</span> <span class='ocrx_word' id='word_1_169' title='bbox 1006 1874 1128 1906; x_wconf 89' lang='lat' dir='ltr'>haben-</span> 
     </span>
     <span class='ocr_line' id='line_1_34' title="bbox 372 1920 1128 1954; baseline 0.003 -3"><span class='ocrx_word' id='word_1_170' title='bbox 372 1920 457 1952; x_wconf 85' lang='lat' dir='ltr'>tibus</span> <span class='ocrx_word' id='word_1_171' title='bbox 473 1921 742 1953; x_wconf 69' lang='lat' dir='ltr'>abdieavissemus</span> <span class='ocrx_word' id='word_1_172' title='bbox 770 1927 800 1953; x_wconf 92' lang='lat' dir='ltr'>et</span> <span class='ocrx_word' id='word_1_173' title='bbox 822 1921 1062 1954; x_wconf 60' lang='lat' dir='ltr'>amorissemus.</span> <span class='ocrx_word' id='word_1_174' title='bbox 1087 1922 1128 1954; x_wconf 92' lang='lat' dir='ltr'>lta</span> 
     </span>
     <span class='ocr_line' id='line_1_35' title="bbox 372 1969 1130 2013; baseline 0.001 -12"><span class='ocrx_word' id='word_1_175' title='bbox 372 1969 458 2011; x_wconf 83' lang='lat' dir='ltr'>quod</span> <span class='ocrx_word' id='word_1_176' title='bbox 480 1980 516 2001; x_wconf 85' lang='lat' dir='ltr'>ex</span> <span class='ocrx_word' id='word_1_177' title='bbox 536 1975 612 2003; x_wconf 86' lang='lat' dir='ltr'>tunc</span> <span class='ocrx_word' id='word_1_178' title='bbox 634 1971 671 2002; x_wconf 89' lang='lat' dir='ltr'>de</span> <span class='ocrx_word' id='word_1_179' title='bbox 688 1975 808 2008; x_wconf 81' lang='lat' dir='ltr'>cetero,</span> <span class='ocrx_word' id='word_1_180' title='bbox 829 1970 994 2013; x_wconf 83' lang='lat' dir='ltr'>perpetuis</span> <span class='ocrx_word' id='word_1_181' title='bbox 1015 1970 1130 2003; x_wconf 86' lang='lat' dir='ltr'>futuris</span> 
     </span>
     <span class='ocr_line' id='line_1_36' title="bbox 374 2017 1127 2060; baseline 0.004 -13"><span class='ocrx_word' id='word_1_182' title='bbox 374 2017 586 2059; x_wconf 69' lang='lat' dir='ltr'>temporibus,</span> <span class='ocrx_word' id='word_1_183' title='bbox 609 2024 797 2060; x_wconf 79' lang='lat' dir='ltr'>quaestores</span> <span class='ocrx_word' id='word_1_184' title='bbox 817 2024 848 2051; x_wconf 84' lang='lat' dir='ltr'>et</span> <span class='ocrx_word' id='word_1_185' title='bbox 868 2018 1081 2051; x_wconf 87' lang='lat' dir='ltr'>commissarii</span> <span class='ocrx_word' id='word_1_186' title='bbox 1100 2024 1127 2051; x_wconf 90' lang='lat' dir='ltr'>et</span> 
     </span>
     <span class='ocr_line' id='line_1_37' title="bbox 373 2065 1129 2110; baseline 0.003 -13"><span class='ocrx_word' id='word_1_187' title='bbox 373 2065 425 2097; x_wconf 85' lang='lat' dir='ltr'>alii</span> <span class='ocrx_word' id='word_1_188' title='bbox 448 2066 601 2099; x_wconf 80' lang='lat' dir='ltr'>officiales</span> <span class='ocrx_word' id='word_1_189' title='bbox 617 2067 655 2099; x_wconf 86' lang='lat' dir='ltr'>ad</span> <span class='ocrx_word' id='word_1_190' title='bbox 676 2072 824 2110; x_wconf 81' lang='lat' dir='ltr'>quaestas</span> <span class='ocrx_word' id='word_1_191' title='bbox 842 2072 868 2099; x_wconf 90' lang='grc'>01</span> <span class='ocrx_word' id='word_1_192' title='bbox 887 2067 949 2099; x_wconf 87' lang='lat' dir='ltr'>alia</span> <span class='ocrx_word' id='word_1_193' title='bbox 966 2068 1129 2110; x_wconf 84' lang='lat' dir='ltr'>praedicta</span> 
     </span>
     <span class='ocr_line' id='line_1_38' title="bbox 375 2115 1130 2159; baseline 0.004 -14"><span class='ocrx_word' id='word_1_194' title='bbox 375 2116 552 2147; x_wconf 83' lang='lat' dir='ltr'>exercenda</span> <span class='ocrx_word' id='word_1_195' title='bbox 578 2116 617 2147; x_wconf 92' lang='lat' dir='ltr'>ab</span> <span class='ocrx_word' id='word_1_196' title='bbox 653 2116 832 2159; x_wconf 77' lang='lat' dir='ltr'>aliquilms,</span> <span class='ocrx_word' id='word_1_197' title='bbox 856 2115 951 2148; x_wconf 89' lang='lat' dir='ltr'>etiam</span> <span class='ocrx_word' id='word_1_198' title='bbox 985 2127 1003 2148; x_wconf 87' lang='lat' dir='ltr'>a</span> <span class='ocrx_word' id='word_1_199' title='bbox 1037 2116 1130 2148; x_wconf 85' lang='lat' dir='ltr'>nobis</span> 
     </span>
     <span class='ocr_line' id='line_1_39' title="bbox 375 2164 1129 2197; baseline 0.004 -3"><span class='ocrx_word' id='word_1_200' title='bbox 375 2168 406 2194; x_wconf 88' lang='lat' dir='ltr'>et</span> <span class='ocrx_word' id='word_1_201' title='bbox 425 2164 666 2197; x_wconf 81' lang='lat' dir='ltr'>successorilms</span> <span class='ocrx_word' id='word_1_202' title='bbox 686 2164 802 2197; x_wconf 83' lang='lat' dir='ltr'>nostris</span> <span class='ocrx_word' id='word_1_203' title='bbox 824 2164 974 2196; x_wconf 62' lang='lat' dir='ltr'>Roi‘nanis</span> <span class='ocrx_word' id='word_1_204' title='bbox 997 2164 1129 2197; x_wconf 81' lang='lat' dir='ltr'>Pontifi-</span> 
     </span>
     <span class='ocr_line' id='line_1_40' title="bbox 376 2211 1127 2256; baseline 0.004 -14"><span class='ocrx_word' id='word_1_205' title='bbox 376 2211 479 2248; x_wconf 80' lang='lat' dir='ltr'>cibus,</span> <span class='ocrx_word' id='word_1_206' title='bbox 502 2213 651 2245; x_wconf 81' lang='lat' dir='ltr'>constitui</span> <span class='ocrx_word' id='word_1_207' title='bbox 670 2219 697 2245; x_wconf 90' lang='grc'>01</span> <span class='ocrx_word' id='word_1_208' title='bbox 716 2213 864 2255; x_wconf 81' lang='lat' dir='ltr'>deputari</span> <span class='ocrx_word' id='word_1_209' title='bbox 886 2224 950 2245; x_wconf 89' lang='lat' dir='ltr'>non</span> <span class='ocrx_word' id='word_1_210' title='bbox 977 2219 1104 2256; x_wconf 81' lang='lat' dir='ltr'>possent</span> <span class='ocrx_word' id='word_1_211' title='bbox 1121 2241 1127 2249; x_wconf 79' lang='grc'>,</span> 
     </span>
     <span class='ocr_line' id='line_1_41' title="bbox 376 2260 1130 2304; baseline 0.005 -13"><span class='ocrx_word' id='word_1_212' title='bbox 376 2260 435 2292; x_wconf 88' lang='grc'>11151</span> <span class='ocrx_word' id='word_1_213' title='bbox 457 2260 533 2303; x_wconf 88' lang='lat' dir='ltr'>ipsis</span> <span class='ocrx_word' id='word_1_214' title='bbox 549 2261 768 2293; x_wconf 86' lang='lat' dir='ltr'>constitutioni</span> <span class='ocrx_word' id='word_1_215' title='bbox 791 2266 818 2293; x_wconf 93' lang='lat' dir='ltr'>et</span> <span class='ocrx_word' id='word_1_216' title='bbox 841 2261 1042 2304; x_wconf 87' lang='lat' dir='ltr'>deputationi</span> <span class='ocrx_word' id='word_1_217' title='bbox 1063 2263 1130 2295; x_wconf 90' lang='lat' dir='ltr'>col-</span> 
     </span>
     <span class='ocr_line' id='line_1_42' title="bbox 376 2309 1131 2353; baseline 0.003 -12"><span class='ocrx_word' id='word_1_218' title='bbox 376 2309 451 2351; x_wconf 75' lang='lat' dir='ltr'>legii</span> <span class='ocrx_word' id='word_1_219' title='bbox 472 2309 700 2353; x_wconf 71' lang='lat' dir='ltr'>deputatorum</span> <span class='ocrx_word' id='word_1_220' title='bbox 723 2310 861 2342; x_wconf 76' lang='lat' dir='ltr'>fabricae</span> <span class='ocrx_word' id='word_1_221' title='bbox 878 2310 1063 2343; x_wconf 89' lang='lat' dir='ltr'>huiusmodi</span> <span class='ocrx_word' id='word_1_222' title='bbox 1081 2323 1131 2343; x_wconf 79' lang='lat' dir='ltr'>ex-</span> 
     </span>
     <span class='ocr_line' id='line_1_43' title="bbox 376 2359 1130 2400; baseline 0.003 -11"><span class='ocrx_word' id='word_1_223' title='bbox 376 2368 507 2400; x_wconf 85' lang='lat' dir='ltr'>pressus</span> <span class='ocrx_word' id='word_1_224' title='bbox 540 2359 705 2390; x_wconf 74' lang='lat' dir='ltr'>accederet</span> <span class='ocrx_word' id='word_1_225' title='bbox 731 2370 898 2397; x_wconf 81' lang='lat' dir='ltr'>assensus,</span> <span class='ocrx_word' id='word_1_226' title='bbox 935 2370 1009 2391; x_wconf 80' lang='lat' dir='ltr'>cum</span> <span class='ocrx_word' id='word_1_227' title='bbox 1039 2370 1130 2391; x_wconf 89' lang='lat' dir='ltr'>man-</span> 
     </span>
     <span class='ocr_line' id='line_1_44' title="bbox 377 2406 1131 2450; baseline 0.004 -12"><span class='ocrx_word' id='word_1_228' title='bbox 377 2406 449 2438; x_wconf 82' lang='lat' dir='ltr'>dato</span> <span class='ocrx_word' id='word_1_229' title='bbox 469 2406 625 2438; x_wconf 71' lang='lat' dir='ltr'>universis</span> <span class='ocrx_word' id='word_1_230' title='bbox 647 2412 677 2438; x_wconf 84' lang='lat' dir='ltr'>et·</span> <span class='ocrx_word' id='word_1_231' title='bbox 693 2406 825 2449; x_wconf 67' lang='lat' dir='ltr'>singulis</span> <span class='ocrx_word' id='word_1_232' title='bbox 842 2408 1060 2450; x_wconf 84' lang='lat' dir='ltr'>praefatorum</span> <span class='ocrx_word' id='word_1_233' title='bbox 1077 2409 1131 2441; x_wconf 89' lang='lat' dir='ltr'>ho-</span> 
     </span>
     <span class='ocr_line' id='line_1_45' title="bbox 377 2455 1131 2500; baseline 0.004 -14"><span class='ocrx_word' id='word_1_234' title='bbox 377 2455 553 2497; x_wconf 86' lang='lat' dir='ltr'>spitalium,</span> <span class='ocrx_word' id='word_1_235' title='bbox 568 2455 837 2488; x_wconf 81' lang='lat' dir='ltr'>monasteriorum</span> <span class='ocrx_word' id='word_1_236' title='bbox 856 2461 885 2488; x_wconf 89' lang='lat' dir='ltr'>et</span> <span class='ocrx_word' id='word_1_237' title='bbox 901 2456 1039 2489; x_wconf 88' lang='lat' dir='ltr'>aliorum</span> <span class='ocrx_word' id='word_1_238' title='bbox 1051 2467 1131 2500; x_wconf 64' lang='lat' dir='ltr'>prte-</span> 
     </span>
     <span class='ocr_line' id='line_1_46' title="bbox 378 2503 1131 2547; baseline 0.003 -12"><span class='ocrx_word' id='word_1_239' title='bbox 378 2503 556 2543; x_wconf 86' lang='lat' dir='ltr'>dictorum,</span> <span class='ocrx_word' id='word_1_240' title='bbox 578 2508 610 2536; x_wconf 90' lang='lat' dir='ltr'>ut</span> <span class='ocrx_word' id='word_1_241' title='bbox 632 2504 803 2547; x_wconf 79' lang='lat' dir='ltr'>pecunias,</span> <span class='ocrx_word' id='word_1_242' title='bbox 831 2515 882 2537; x_wconf 88' lang='lat' dir='ltr'>res</span> <span class='ocrx_word' id='word_1_243' title='bbox 916 2510 945 2537; x_wconf 92' lang='lat' dir='ltr'>et</span> <span class='ocrx_word' id='word_1_244' title='bbox 983 2506 1067 2537; x_wconf 88' lang='lat' dir='ltr'>bona</span> <span class='ocrx_word' id='word_1_245' title='bbox 1095 2517 1131 2538; x_wconf 80' lang='lat' dir='ltr'>ex</span> 
     </span>
     <span class='ocr_line' id='line_1_47' title="bbox 378 2552 1131 2597; baseline 0.001 -13"><span class='ocrx_word' id='word_1_246' title='bbox 378 2552 536 2594; x_wconf 87' lang='lat' dir='ltr'>quaestis,</span> <span class='ocrx_word' id='word_1_247' title='bbox 568 2552 775 2595; x_wconf 76' lang='lat' dir='ltr'>indulgentiis</span> <span class='ocrx_word' id='word_1_248' title='bbox 808 2558 838 2585; x_wconf 91' lang='lat' dir='ltr'>et</span> <span class='ocrx_word' id='word_1_249' title='bbox 871 2553 940 2586; x_wconf 87' lang='lat' dir='ltr'>aliis</span> <span class='ocrx_word' id='word_1_250' title='bbox 960 2553 1131 2597; x_wconf 84' lang='lat' dir='ltr'>praedictis</span> 
     </span>
    </p>

    <p class='ocr_par' dir='ltr' id='par_1_3' title="bbox 416 2619 842 2655">
     <span class='ocr_line' id='line_1_48' title="bbox 416 2619 842 2655; baseline 0.002 -11"><span class='ocrx_word' id='word_1_251' title='bbox 416 2619 425 2644; x_wconf 86' lang='grc'>1</span> <span class='ocrx_word' id='word_1_252' title='bbox 446 2620 583 2652; x_wconf 54' lang='lat' dir='ltr'>Fabi-icae,</span> <span class='ocrx_word' id='word_1_253' title='bbox 604 2619 717 2646; x_wconf 81' lang='lat' dir='ltr'>Cherub.</span> <span class='ocrx_word' id='word_1_254' title='bbox 738 2619 776 2653; x_wconf 79' lang='lat' dir='ltr'>(R.</span> <span class='ocrx_word' id='word_1_255' title='bbox 794 2619 842 2655; x_wconf 74' lang='grc' dir='ltr'>Τ,),</span> 
     </span>
    </p>
   </div>
   <div class='ocr_carea' id='block_1_3' title="bbox 1141 290 1154 2525">
    <p class='ocr_par' dir='ltr' id='par_1_4' title="bbox 1141 290 1154 2525">
     <span class='ocr_line' id='line_1_49' title="bbox 1141 290 1154 2525; baseline 0 0"><span class='ocrx_word' id='word_1_256' title='bbox 1141 290 1154 2525; x_wconf 95' lang='lat' dir='ltr'> </span> 
     </span>
    </p>
   </div>
   <div class='ocr_carea' id='block_1_4' title="bbox 966 238 1320 265">
    <p class='ocr_par' dir='ltr' id='par_1_5' title="bbox 966 238 1320 265">
     <span class='ocr_line' id='line_1_50' title="bbox 966 238 1320 265; baseline -0.008 0"><span class='ocrx_word' id='word_1_257' title='bbox 966 239 1146 265; x_wconf 77' lang='lat' dir='ltr'>BULLARIUM</span> <span class='ocrx_word' id='word_1_258' title='bbox 1170 238 1320 264; x_wconf 71' lang='lat' dir='ltr'><strong>ROMANUM</strong></span> 
     </span>
    </p>
   </div>
   <div class='ocr_carea' id='block_1_5' title="bbox 1163 289 1930 2542">
    <p class='ocr_par' dir='ltr' id='par_1_6' title="bbox 1163 289 1930 2542">
     <span class='ocr_line' id='line_1_51' title="bbox 1163 289 1917 334; baseline 0 -11"><span class='ocrx_word' id='word_1_259' title='bbox 1163 291 1328 333; x_wconf 81' lang='lat' dir='ltr'>acquisita,</span> <span class='ocrx_word' id='word_1_260' title='bbox 1345 296 1386 331; x_wconf 86' lang='lat' dir='ltr'>et,</span> <span class='ocrx_word' id='word_1_261' title='bbox 1407 295 1441 323; x_wconf 88' lang='lat' dir='ltr'>ut</span> <span class='ocrx_word' id='word_1_262' title='bbox 1457 290 1649 334; x_wconf 86' lang='lat' dir='ltr'>praefertur,</span> <span class='ocrx_word' id='word_1_263' title='bbox 1673 289 1766 323; x_wconf 76' lang='lat' dir='ltr'>dictae</span> <span class='ocrx_word' id='word_1_264' title='bbox 1787 289 1917 323; x_wconf 80' lang='lat' dir='ltr'>sabricae</span> 
     </span>
     <span class='ocr_line' id='line_1_52' title="bbox 1163 343 1917 386; baseline 0 -11"><span class='ocrx_word' id='word_1_265' title='bbox 1163 343 1321 386; x_wconf 81' lang='lat' dir='ltr'>applicata</span> <span class='ocrx_word' id='word_1_266' title='bbox 1356 349 1385 375; x_wconf 88' lang='grc'>01.</span> <span class='ocrx_word' id='word_1_267' title='bbox 1419 354 1591 383; x_wconf 83' lang='lat' dir='ltr'>concessa,</span> <span class='ocrx_word' id='word_1_268' title='bbox 1615 354 1714 386; x_wconf 86' lang='lat' dir='ltr'>penes</span> <span class='ocrx_word' id='word_1_269' title='bbox 1746 344 1831 386; x_wconf 86' lang='lat' dir='ltr'>ipsos</span> <span class='ocrx_word' id='word_1_270' title='bbox 1851 343 1917 376; x_wconf 85' lang='lat' dir='ltr'>exi-</span> 
     </span>
     <span class='ocr_line' id='line_1_53' title="bbox 1164 396 1917 440; baseline 0 -12"><span class='ocrx_word' id='word_1_271' title='bbox 1164 396 1289 435; x_wconf 82' lang='lat' dir='ltr'>stentia,</span> <span class='ocrx_word' id='word_1_272' title='bbox 1309 402 1338 428; x_wconf 89' lang='lat' dir='ltr'>et</span> <span class='ocrx_word' id='word_1_273' title='bbox 1359 397 1516 436; x_wconf 90' lang='lat' dir='ltr'>nondum,</span> <span class='ocrx_word' id='word_1_274' title='bbox 1538 402 1573 428; x_wconf 92' lang='lat' dir='ltr'>ut</span> <span class='ocrx_word' id='word_1_275' title='bbox 1593 398 1787 440; x_wconf 85' lang='lat' dir='ltr'>praefertur,</span> <span class='ocrx_word' id='word_1_276' title='bbox 1810 396 1917 429; x_wconf 88' lang='lat' dir='ltr'>incor-</span> 
     </span>
     <span class='ocr_line' id='line_1_54' title="bbox 1165 449 1919 493; baseline 0 -12"><span class='ocrx_word' id='word_1_277' title='bbox 1165 454 1285 492; x_wconf 87' lang='lat' dir='ltr'>porata⁷</span> <span class='ocrx_word' id='word_1_278' title='bbox 1302 450 1463 492; x_wconf 86' lang='lat' dir='ltr'>praefatae</span> <span class='ocrx_word' id='word_1_279' title='bbox 1484 449 1635 489; x_wconf 81' lang='lat' dir='ltr'>fabricae,</span> <span class='ocrx_word' id='word_1_280' title='bbox 1653 455 1684 482; x_wconf 89' lang='lat' dir='ltr'>et</span> <span class='ocrx_word' id='word_1_281' title='bbox 1694 461 1753 493; x_wconf 91' lang='lat' dir='ltr'>pro</span> <span class='ocrx_word' id='word_1_282' title='bbox 1770 460 1807 482; x_wconf 85' lang='lat' dir='ltr'>ea</span> <span class='ocrx_word' id='word_1_283' title='bbox 1828 460 1919 492; x_wconf 85' lang='lat' dir='ltr'>prae-</span> 
     </span>
     <span class='ocr_line' id='line_1_55' title="bbox 1166 502 1919 545; baseline 0.001 -12"><span class='ocrx_word' id='word_1_284' title='bbox 1166 502 1234 534; x_wconf 91' lang='lat' dir='ltr'>fatis</span> <span class='ocrx_word' id='word_1_285' title='bbox 1254 502 1389 545; x_wconf 74' lang='lat' dir='ltr'>collegio</span> <span class='ocrx_word' id='word_1_286' title='bbox 1410 502 1637 544; x_wconf 84' lang='lat' dir='ltr'>deputatorum</span> <span class='ocrx_word' id='word_1_287' title='bbox 1655 508 1684 535; x_wconf 93' lang='lat' dir='ltr'>et</span> <span class='ocrx_word' id='word_1_288' title='bbox 1700 503 1830 535; x_wconf 90' lang='lat' dir='ltr'>illorum</span> <span class='ocrx_word' id='word_1_289' title='bbox 1852 502 1919 535; x_wconf 83' lang='lat' dir='ltr'>offi-</span> 
     </span>
     <span class='ocr_line' id='line_1_56' title="bbox 1165 555 1918 597; baseline 0.003 -11"><span class='ocrx_word' id='word_1_290' title='bbox 1165 555 1320 594; x_wconf 80' lang='lat' dir='ltr'>cialibus,</span> <span class='ocrx_word' id='word_1_291' title='bbox 1343 555 1382 587; x_wconf 82' lang='lat' dir='ltr'>ad</span> <span class='ocrx_word' id='word_1_292' title='bbox 1411 565 1493 597; x_wconf 88' lang='lat' dir='ltr'>quos</span> <span class='ocrx_word' id='word_1_293' title='bbox 1524 555 1536 582; x_wconf 68' lang='lat'>⁴1</span> <span class='ocrx_word' id='word_1_294' title='bbox 1560 560 1591 586; x_wconf 88' lang='lat' dir='ltr'>et</span> <span class='ocrx_word' id='word_1_295' title='bbox 1612 555 1780 588; x_wconf 83' lang='lat' dir='ltr'>utilitatem</span> <span class='ocrx_word' id='word_1_296' title='bbox 1815 555 1918 587; x_wconf 82' lang='lat' dir='ltr'>dictae</span> 
     </span>
     <span class='ocr_line' id='line_1_57' title="bbox 1165 607 1918 652; baseline 0.001 -12"><span class='ocrx_word' id='word_1_297' title='bbox 1165 607 1304 640; x_wconf 81' lang='lat' dir='ltr'>fabricae</span> <span class='ocrx_word' id='word_1_298' title='bbox 1336 608 1524 651; x_wconf 84' lang='lat' dir='ltr'>exponenda</span> <span class='ocrx_word' id='word_1_299' title='bbox 1550 612 1580 640; x_wconf 90' lang='lat' dir='ltr'>et</span> <span class='ocrx_word' id='word_1_300' title='bbox 1605 609 1818 641; x_wconf 74' lang='lat' dir='ltr'>convertenda</span> <span class='ocrx_word' id='word_1_301' title='bbox 1843 619 1918 652; x_wconf 85' lang='lat' dir='ltr'>per-</span> 
     </span>
     <span class='ocr_line' id='line_1_58' title="bbox 1165 661 1921 703; baseline 0.001 -11"><span class='ocrx_word' id='word_1_302' title='bbox 1165 662 1320 694; x_wconf 70' lang='lat' dir='ltr'>solverent</span> <span class='ocrx_word' id='word_1_303' title='bbox 1348 666 1378 693; x_wconf 91' lang='lat' dir='ltr'>et</span> <span class='ocrx_word' id='word_1_304' title='bbox 1411 661 1620 703; x_wconf 72' lang='lat' dir='ltr'>assignarent.</span> <span class='ocrx_word' id='word_1_305' title='bbox 1644 661 1770 694; x_wconf 86' lang='lat' dir='ltr'>Eisdem</span> <span class='ocrx_word' id='word_1_306' title='bbox 1790 672 1865 694; x_wconf 75' lang='lat' dir='ltr'>vero</span> <span class='ocrx_word' id='word_1_307' title='bbox 1890 667 1921 694; x_wconf 88' lang='lat' dir='ltr'>et</span> 
     </span>
     <span class='ocr_line' id='line_1_59' title="bbox 1166 713 1921 757; baseline 0 -11"><span class='ocrx_word' id='word_1_308' title='bbox 1166 725 1223 757; x_wconf 89' lang='lat' dir='ltr'>pro</span> <span class='ocrx_word' id='word_1_309' title='bbox 1248 719 1395 757; x_wconf 86' lang='lat' dir='ltr'>tempore</span> <span class='ocrx_word' id='word_1_310' title='bbox 1425 713 1633 746; x_wconf 79' lang='lat' dir='ltr'>existentibus</span> <span class='ocrx_word' id='word_1_311' title='bbox 1660 714 1819 757; x_wconf 86' lang='lat' dir='ltr'>deputatis</span> <span class='ocrx_word' id='word_1_312' title='bbox 1849 719 1879 746; x_wconf 89' lang='lat' dir='ltr'>et</span> <span class='ocrx_word' id='word_1_313' title='bbox 1904 713 1921 736; x_wconf 76' lang='lat'>2</span> 
     </span>
     <span class='ocr_line' id='line_1_60' title="bbox 1166 767 1919 811; baseline -0.001 -11"><span class='ocrx_word' id='word_1_314' title='bbox 1166 767 1306 810; x_wconf 62' lang='lat' dir='ltr'>praefatis</span> <span class='ocrx_word' id='word_1_315' title='bbox 1317 767 1457 800; x_wconf 77' lang='lat' dir='ltr'>fabricae</span> <span class='ocrx_word' id='word_1_316' title='bbox 1467 767 1665 806; x_wconf 87' lang='lat' dir='ltr'>huiusmodi,</span> <span class='ocrx_word' id='word_1_317' title='bbox 1678 772 1710 799; x_wconf 90' lang='lat' dir='ltr'>ut</span> <span class='ocrx_word' id='word_1_318' title='bbox 1723 772 1919 811; x_wconf 83' lang='lat' dir='ltr'>quaestores,</span> 
     </span>
     <span class='ocr_line' id='line_1_61' title="bbox 1167 820 1920 863; baseline 0 -11"><span class='ocrx_word' id='word_1_319' title='bbox 1167 820 1405 853; x_wconf 82' lang='lat' dir='ltr'>commissarios</span> <span class='ocrx_word' id='word_1_320' title='bbox 1426 825 1453 853; x_wconf 90' lang='lat' dir='ltr'>et</span> <span class='ocrx_word' id='word_1_321' title='bbox 1476 820 1556 853; x_wconf 87' lang='lat' dir='ltr'>alios</span> <span class='ocrx_word' id='word_1_322' title='bbox 1578 820 1732 852; x_wconf 83' lang='lat' dir='ltr'>officiales</span> <span class='ocrx_word' id='word_1_323' title='bbox 1751 831 1787 852; x_wconf 89' lang='lat' dir='ltr'>ac</span> <span class='ocrx_word' id='word_1_324' title='bbox 1807 831 1920 863; x_wconf 89' lang='lat' dir='ltr'>perso-</span> 
     </span>
     <span class='ocr_line' id='line_1_62' title="bbox 1167 873 1921 917; baseline 0.001 -12"><span class='ocrx_word' id='word_1_325' title='bbox 1167 885 1242 913; x_wconf 88' lang='lat' dir='ltr'>nas,</span> <span class='ocrx_word' id='word_1_326' title='bbox 1270 884 1370 917; x_wconf 85' lang='lat' dir='ltr'>penes</span> <span class='ocrx_word' id='word_1_327' title='bbox 1404 884 1485 916; x_wconf 87' lang='lat' dir='ltr'>quos</span> <span class='ocrx_word' id='word_1_328' title='bbox 1520 873 1693 916; x_wconf 83' lang='lat' dir='ltr'>pecuniae,</span> <span class='ocrx_word' id='word_1_329' title='bbox 1717 884 1767 906; x_wconf 88' lang='lat' dir='ltr'>res</span> <span class='ocrx_word' id='word_1_330' title='bbox 1787 879 1818 906; x_wconf 87' lang='lat' dir='ltr'>et</span> <span class='ocrx_word' id='word_1_331' title='bbox 1836 873 1921 906; x_wconf 83' lang='lat' dir='ltr'>bona</span> 
     </span>
     <span class='ocr_line' id='line_1_63' title="bbox 1167 926 1920 971; baseline 0.001 -13"><span class='ocrx_word' id='word_1_332' title='bbox 1167 927 1353 959; x_wconf 90' lang='lat' dir='ltr'>huiusmodi</span> <span class='ocrx_word' id='word_1_333' title='bbox 1370 926 1557 966; x_wconf 81' lang='lat' dir='ltr'>existebant,</span> <span class='ocrx_word' id='word_1_334' title='bbox 1581 927 1640 959; x_wconf 90' lang='lat' dir='ltr'>sub</span> <span class='ocrx_word' id='word_1_335' title='bbox 1661 927 1774 971; x_wconf 87' lang='lat' dir='ltr'>poenis</span> <span class='ocrx_word' id='word_1_336' title='bbox 1794 932 1825 959; x_wconf 85' lang='lat' dir='ltr'>et</span> <span class='ocrx_word' id='word_1_337' title='bbox 1844 937 1920 959; x_wconf 83' lang='lat' dir='ltr'>cen-</span> 
     </span>
     <span class='ocr_line' id='line_1_64' title="bbox 1167 979 1921 1023; baseline 0.001 -12"><span class='ocrx_word' id='word_1_338' title='bbox 1167 979 1270 1019; x_wconf 85' lang='lat' dir='ltr'>suris,</span> <span class='ocrx_word' id='word_1_339' title='bbox 1298 980 1336 1011; x_wconf 88' lang='lat' dir='ltr'>de</span> <span class='ocrx_word' id='word_1_340' title='bbox 1363 979 1481 1021; x_wconf 80' lang='lat' dir='ltr'>quibus</span> <span class='ocrx_word' id='word_1_341' title='bbox 1506 979 1551 1011; x_wconf 88' lang='lat' dir='ltr'>eis</span> <span class='ocrx_word' id='word_1_342' title='bbox 1574 979 1750 1019; x_wconf 75' lang='lat' dir='ltr'>videretur,</span> <span class='ocrx_word' id='word_1_343' title='bbox 1773 984 1837 1012; x_wconf 85' lang='lat' dir='ltr'>tam</span> <span class='ocrx_word' id='word_1_344' title='bbox 1862 989 1921 1023; x_wconf 93' lang='lat' dir='ltr'>po-</span> 
     </span>
     <span class='ocr_line' id='line_1_65' title="bbox 1167 1032 1921 1076; baseline -0.001 -11"><span class='ocrx_word' id='word_1_345' title='bbox 1167 1033 1339 1065; x_wconf 78' lang='lat' dir='ltr'>steriorum</span> <span class='ocrx_word' id='word_1_346' title='bbox 1379 1032 1620 1075; x_wconf 86' lang='lat' dir='ltr'>praedictorum</span> <span class='ocrx_word' id='word_1_347' title='bbox 1651 1043 1749 1076; x_wconf 84' lang='lat' dir='ltr'>quam</span> <span class='ocrx_word' id='word_1_348' title='bbox 1783 1033 1921 1065; x_wconf 87' lang='lat' dir='ltr'>aliorum</span> 
     </span>
     <span class='ocr_line' id='line_1_66' title="bbox 1167 1085 1924 1128; baseline 0.001 -11"><span class='ocrx_word' id='word_1_349' title='bbox 1167 1085 1408 1128; x_wconf 66' lang='lat' dir='ltr'>privilegiorum</span> <span class='ocrx_word' id='word_1_350' title='bbox 1434 1085 1537 1118; x_wconf 83' lang='lat' dir='ltr'>dictae</span> <span class='ocrx_word' id='word_1_351' title='bbox 1558 1085 1698 1118; x_wconf 74' lang='lat' dir='ltr'>fabricae</span> <span class='ocrx_word' id='word_1_352' title='bbox 1720 1090 1751 1118; x_wconf 88' lang='lat' dir='ltr'>et</span> <span class='ocrx_word' id='word_1_353' title='bbox 1770 1085 1857 1117; x_wconf 87' lang='lat' dir='ltr'>illius</span> <span class='ocrx_word' id='word_1_354' title='bbox 1872 1085 1924 1118; x_wconf 88' lang='lat' dir='ltr'>de-</span> 
     </span>
     <span class='ocr_line' id='line_1_67' title="bbox 1168 1138 1920 1181; baseline 0.001 -11"><span class='ocrx_word' id='word_1_355' title='bbox 1168 1143 1354 1181; x_wconf 85' lang='lat' dir='ltr'>putatorum</span> <span class='ocrx_word' id='word_1_356' title='bbox 1381 1138 1517 1180; x_wconf 72' lang='lat' dir='ltr'>collegio</span> <span class='ocrx_word' id='word_1_357' title='bbox 1544 1149 1774 1171; x_wconf 87' lang='lat' dir='ltr'>concessorum</span> <span class='ocrx_word' id='word_1_358' title='bbox 1794 1138 1920 1181; x_wconf 65' lang='lat' dir='ltr'>vigore,</span> 
     </span>
     <span class='ocr_line' id='line_1_68' title="bbox 1167 1190 1924 1234; baseline 0 -12"><span class='ocrx_word' id='word_1_359' title='bbox 1167 1191 1206 1223; x_wconf 86' lang='lat' dir='ltr'>ad</span> <span class='ocrx_word' id='word_1_360' title='bbox 1236 1191 1431 1223; x_wconf 85' lang='lat' dir='ltr'>solutionem</span> <span class='ocrx_word' id='word_1_361' title='bbox 1457 1196 1485 1223; x_wconf 91' lang='lat' dir='ltr'>et</span> <span class='ocrx_word' id='word_1_362' title='bbox 1510 1191 1788 1234; x_wconf 75' lang='lat' dir='ltr'>consignationem</span> <span class='ocrx_word' id='word_1_363' title='bbox 1808 1190 1924 1223; x_wconf 89' lang='lat' dir='ltr'>huius-</span> 
     </span>
     <span class='ocr_line' id='line_1_69' title="bbox 1169 1243 1924 1286; baseline 0.001 -11"><span class='ocrx_word' id='word_1_364' title='bbox 1169 1243 1255 1275; x_wconf 87' lang='lat' dir='ltr'>modi</span> <span class='ocrx_word' id='word_1_365' title='bbox 1289 1243 1469 1276; x_wconf 80' lang='lat' dir='ltr'>faciendam</span> <span class='ocrx_word' id='word_1_366' title='bbox 1501 1249 1650 1286; x_wconf 73' lang='lat' dir='ltr'>cogerent</span> <span class='ocrx_word' id='word_1_367' title='bbox 1683 1249 1713 1275; x_wconf 87' lang='lat' dir='ltr'>et</span> <span class='ocrx_word' id='word_1_368' title='bbox 1747 1243 1924 1286; x_wconf 82' lang='lat' dir='ltr'>compelle-</span> 
     </span>
     <span class='ocr_line' id='line_1_70' title="bbox 1169 1291 1925 1335; baseline 0 -12"><span class='ocrx_word' id='word_1_369' title='bbox 1169 1298 1254 1330; x_wconf 88' lang='lat' dir='ltr'>rent,</span> <span class='ocrx_word' id='word_1_370' title='bbox 1277 1303 1313 1324; x_wconf 90' lang='lat' dir='ltr'>ac</span> <span class='ocrx_word' id='word_1_371' title='bbox 1335 1293 1463 1325; x_wconf 87' lang='lat' dir='ltr'>easdem</span> <span class='ocrx_word' id='word_1_372' title='bbox 1484 1292 1679 1335; x_wconf 88' lang='lat' dir='ltr'>posteriores</span> <span class='ocrx_word' id='word_1_373' title='bbox 1704 1292 1810 1325; x_wconf 86' lang='lat' dir='ltr'>literas</span> <span class='ocrx_word' id='word_1_374' title='bbox 1836 1296 1867 1324; x_wconf 87' lang='lat' dir='ltr'>et</span> <span class='ocrx_word' id='word_1_375' title='bbox 1892 1291 1925 1323; x_wconf 90' lang='lat' dir='ltr'>in</span> 
     </span>
     <span class='ocr_line' id='line_1_71' title="bbox 1169 1341 1926 1384; baseline 0.004 -14"><span class='ocrx_word' id='word_1_376' title='bbox 1169 1341 1214 1373; x_wconf 80' lang='lat' dir='ltr'>eis</span> <span class='ocrx_word' id='word_1_377' title='bbox 1248 1346 1395 1373; x_wconf 84' lang='lat' dir='ltr'>contenta</span> <span class='ocrx_word' id='word_1_378' title='bbox 1435 1352 1661 1384; x_wconf 77' lang='lat' dir='ltr'>‹piaecumque</span> <span class='ocrx_word' id='word_1_379' title='bbox 1701 1341 1926 1373; x_wconf 72' lang='lat' dir='ltr'>inviolabiliter</span> 
     </span>
     <span class='ocr_line' id='line_1_72' title="bbox 1168 1390 1923 1427; baseline 0.001 -6"><span class='ocrx_word' id='word_1_380' title='bbox 1168 1390 1330 1422; x_wconf 74' lang='lat' dir='ltr'>observari</span> <span class='ocrx_word' id='word_1_381' title='bbox 1353 1390 1540 1422; x_wconf 80' lang='lat' dir='ltr'>mandarent</span> <span class='ocrx_word' id='word_1_382' title='bbox 1573 1396 1603 1422; x_wconf 88' lang='grc'>01</span> <span class='ocrx_word' id='word_1_383' title='bbox 1629 1391 1787 1427; x_wconf 73' lang='lat' dir='ltr'>facerent,</span> <span class='ocrx_word' id='word_1_384' title='bbox 1811 1390 1923 1422; x_wconf 89' lang='lat' dir='ltr'>inobe-</span> 
     </span>
     <span class='ocr_line' id='line_1_73' title="bbox 1169 1438 1926 1482; baseline 0.003 -12"><span class='ocrx_word' id='word_1_385' title='bbox 1169 1438 1292 1470; x_wconf 89' lang='lat' dir='ltr'>dientes</span> <span class='ocrx_word' id='word_1_386' title='bbox 1313 1444 1340 1471; x_wconf 93' lang='lat' dir='ltr'>et</span> <span class='ocrx_word' id='word_1_387' title='bbox 1358 1439 1497 1471; x_wconf 86' lang='lat' dir='ltr'>rebelles</span> <span class='ocrx_word' id='word_1_388' title='bbox 1513 1450 1548 1471; x_wconf 91' lang='lat' dir='ltr'>ac</span> <span class='ocrx_word' id='word_1_389' title='bbox 1562 1439 1816 1472; x_wconf 87' lang='lat' dir='ltr'>contradictores</span> <span class='ocrx_word' id='word_1_390' title='bbox 1830 1450 1926 1482; x_wconf 85' lang='lat' dir='ltr'>quos-</span> 
     </span>
     <span class='ocr_line' id='line_1_74' title="bbox 1170 1487 1924 1530; baseline 0.001 -12"><span class='ocrx_word' id='word_1_391' title='bbox 1170 1487 1244 1520; x_wconf 82' lang='lat' dir='ltr'>libet</span> <span class='ocrx_word' id='word_1_392' title='bbox 1279 1498 1338 1530; x_wconf 84' lang='lat' dir='ltr'>per</span> <span class='ocrx_word' id='word_1_393' title='bbox 1366 1498 1486 1530; x_wconf 86' lang='lat' dir='ltr'>poenas</span> <span class='ocrx_word' id='word_1_394' title='bbox 1507 1493 1537 1519; x_wconf 88' lang='lat' dir='ltr'>et</span> <span class='ocrx_word' id='word_1_395' title='bbox 1558 1498 1712 1520; x_wconf 86' lang='lat' dir='ltr'>censuras</span> <span class='ocrx_word' id='word_1_396' title='bbox 1732 1487 1924 1530; x_wconf 88' lang='lat' dir='ltr'>praedictas,</span> 
     </span>
     <span class='ocr_line' id='line_1_75' title="bbox 1169 1535 1923 1579; baseline 0.004 -12"><span class='ocrx_word' id='word_1_397' title='bbox 1169 1535 1358 1568; x_wconf 85' lang='lat' dir='ltr'>auctoritate</span> <span class='ocrx_word' id='word_1_398' title='bbox 1369 1541 1490 1575; x_wconf 89' lang='lat' dir='ltr'>nostra,</span> <span class='ocrx_word' id='word_1_399' title='bbox 1504 1536 1720 1579; x_wconf 78' lang='lat' dir='ltr'>appellatione</span> <span class='ocrx_word' id='word_1_400' title='bbox 1737 1536 1923 1579; x_wconf 86' lang='lat' dir='ltr'>postposita,</span> 
     </span>
     <span class='ocr_line' id='line_1_76' title="bbox 1170 1585 1926 1628; baseline 0 -11"><span class='ocrx_word' id='word_1_401' title='bbox 1170 1585 1424 1628; x_wconf 87' lang='lat' dir='ltr'>compescendo,</span> <span class='ocrx_word' id='word_1_402' title='bbox 1447 1585 1592 1617; x_wconf 73' lang='lat' dir='ltr'>invocato</span> <span class='ocrx_word' id='word_1_403' title='bbox 1619 1585 1714 1617; x_wconf 83' lang='lat' dir='ltr'>etiam</span> <span class='ocrx_word' id='word_1_404' title='bbox 1741 1585 1779 1617; x_wconf 89' lang='lat' dir='ltr'>ad</span> <span class='ocrx_word' id='word_1_405' title='bbox 1800 1585 1879 1625; x_wconf 90' lang='lat' dir='ltr'>hoc,</span> <span class='ocrx_word' id='word_1_406' title='bbox 1902 1585 1926 1618; x_wconf 89' lang='lat' dir='ltr'>si</span> 
     </span>
     <span class='ocr_line' id='line_1_77' title="bbox 1170 1632 1924 1676; baseline 0.001 -11"><span class='ocrx_word' id='word_1_407' title='bbox 1170 1644 1252 1676; x_wconf 84' lang='lat' dir='ltr'>opus</span> <span class='ocrx_word' id='word_1_408' title='bbox 1272 1638 1365 1673; x_wconf 86' lang='lat' dir='ltr'>esset,</span> <span class='ocrx_word' id='word_1_409' title='bbox 1389 1633 1508 1665; x_wconf 87' lang='lat' dir='ltr'>auxilio</span> <span class='ocrx_word' id='word_1_410' title='bbox 1525 1633 1648 1665; x_wconf 87' lang='lat' dir='ltr'>brachii</span> <span class='ocrx_word' id='word_1_411' title='bbox 1665 1632 1850 1666; x_wconf 88' lang='lat' dir='ltr'>saecularis.</span> <span class='ocrx_word' id='word_1_412' title='bbox 1869 1634 1924 1672; x_wconf 85' lang='lat' dir='ltr'>Ac,</span> 
     </span>
     <span class='ocr_line' id='line_1_78' title="bbox 1171 1681 1926 1725; baseline 0.003 -13"><span class='ocrx_word' id='word_1_413' title='bbox 1171 1687 1241 1724; x_wconf 87' lang='lat' dir='ltr'>post</span> <span class='ocrx_word' id='word_1_414' title='bbox 1256 1681 1508 1725; x_wconf 85' lang='lat' dir='ltr'>publicationem</span> <span class='ocrx_word' id='word_1_415' title='bbox 1526 1682 1743 1725; x_wconf 85' lang='lat' dir='ltr'>posteriorum</span> <span class='ocrx_word' id='word_1_416' title='bbox 1760 1681 1926 1714; x_wconf 87' lang='lat' dir='ltr'>literarum</span> 
     </span>
     <span class='ocr_line' id='line_1_79' title="bbox 1171 1730 1926 1774; baseline 0.001 -11"><span class='ocrx_word' id='word_1_417' title='bbox 1171 1737 1353 1763; x_wconf 89' lang='lat' dir='ltr'>nostrarum</span> <span class='ocrx_word' id='word_1_418' title='bbox 1375 1731 1617 1774; x_wconf 85' lang='lat' dir='ltr'>praedictarum</span> <span class='ocrx_word' id='word_1_419' title='bbox 1630 1758 1637 1769; x_wconf 88' lang='lat'>,</span> <span class='ocrx_word' id='word_1_420' title='bbox 1655 1730 1804 1763; x_wconf 91' lang='lat' dir='ltr'>nonnulli</span> <span class='ocrx_word' id='word_1_421' title='bbox 1838 1731 1926 1764; x_wconf 88' lang='lat' dir='ltr'>loco-</span> 
     </span>
     <span class='ocr_line' id='line_1_80' title="bbox 1172 1779 1928 1822; baseline 0.003 -12"><span class='ocrx_word' id='word_1_422' title='bbox 1172 1789 1243 1811; x_wconf 92' lang='lat' dir='ltr'>rum</span> <span class='ocrx_word' id='word_1_423' title='bbox 1265 1779 1431 1819; x_wconf 90' lang='lat' dir='ltr'>ordinarii,</span> <span class='ocrx_word' id='word_1_424' title='bbox 1444 1790 1624 1822; x_wconf 85' lang='lat' dir='ltr'>eorumque</span> <span class='ocrx_word' id='word_1_425' title='bbox 1637 1779 1760 1818; x_wconf 70' lang='lat' dir='ltr'>vicarii,</span> <span class='ocrx_word' id='word_1_426' title='bbox 1775 1779 1928 1812; x_wconf 85' lang='lat' dir='ltr'>officiales</span> 
     </span>
     <span class='ocr_line' id='line_1_81' title="bbox 1172 1826 1929 1871; baseline 0.003 -13"><span class='ocrx_word' id='word_1_427' title='bbox 1172 1832 1201 1858; x_wconf 91' lang='lat' dir='ltr'>et</span> <span class='ocrx_word' id='word_1_428' title='bbox 1217 1826 1270 1859; x_wconf 90' lang='lat' dir='ltr'>alii</span> <span class='ocrx_word' id='word_1_429' title='bbox 1287 1827 1437 1866; x_wconf 89' lang='lat' dir='ltr'>ministri,</span> <span class='ocrx_word' id='word_1_430' title='bbox 1460 1827 1555 1867; x_wconf 88' lang='lat' dir='ltr'>lucri,</span> <span class='ocrx_word' id='word_1_431' title='bbox 1575 1832 1609 1859; x_wconf 54' lang='lat' dir='ltr'>ut,</span> <span class='ocrx_word' id='word_1_432' title='bbox 1630 1827 1786 1866; x_wconf 81' lang='lat' dir='ltr'>creditur,</span> <span class='ocrx_word' id='word_1_433' title='bbox 1805 1828 1929 1871; x_wconf 86' lang='lat' dir='ltr'>cupidi—</span> 
     </span>
     <span class='ocr_line' id='line_1_82' title="bbox 1172 1875 1928 1919; baseline 0.003 -13"><span class='ocrx_word' id='word_1_434' title='bbox 1172 1880 1233 1907; x_wconf 85' lang='lat' dir='ltr'>tate</span> <span class='ocrx_word' id='word_1_435' title='bbox 1255 1875 1355 1915; x_wconf 84' lang='lat' dir='ltr'>ducti,</span> <span class='ocrx_word' id='word_1_436' title='bbox 1383 1875 1415 1907; x_wconf 86' lang='lat' dir='ltr'>in</span> <span class='ocrx_word' id='word_1_437' title='bbox 1437 1880 1659 1919; x_wconf 86' lang='lat' dir='ltr'>conte-mptum</span> <span class='ocrx_word' id='word_1_438' title='bbox 1681 1875 1849 1908; x_wconf 87' lang='lat' dir='ltr'>literarum</span> <span class='ocrx_word' id='word_1_439' title='bbox 1870 1887 1928 1908; x_wconf 92' lang='lat' dir='ltr'>no-</span> 
     </span>
     <span class='ocr_line' id='line_1_83' title="bbox 1172 1924 1929 1967; baseline 0.001 -12"><span class='ocrx_word' id='word_1_440' title='bbox 1172 1928 1310 1955; x_wconf 86' lang='lat' dir='ltr'>strarum</span> <span class='ocrx_word' id='word_1_441' title='bbox 1339 1924 1527 1956; x_wconf 90' lang='lat' dir='ltr'>earumdem</span> <span class='ocrx_word' id='word_1_442' title='bbox 1550 1930 1580 1957; x_wconf 84' lang='lat' dir='ltr'>ct</span> <span class='ocrx_word' id='word_1_443' title='bbox 1601 1935 1780 1967; x_wconf 85' lang='lat' dir='ltr'>poenarum</span> <span class='ocrx_word' id='word_1_444' title='bbox 1807 1925 1839 1956; x_wconf 94' lang='lat' dir='ltr'>in</span> <span class='ocrx_word' id='word_1_445' title='bbox 1867 1924 1929 1956; x_wconf 89' lang='lat' dir='ltr'>illis</span> 
     </span>
     <span class='ocr_line' id='line_1_84' title="bbox 1172 1972 1929 2016; baseline 0.003 -12"><span class='ocrx_word' id='word_1_446' title='bbox 1172 1978 1409 2013; x_wconf 86' lang='lat' dir='ltr'>contentarum,</span> <span class='ocrx_word' id='word_1_447' title='bbox 1432 1972 1598 2005; x_wconf 83' lang='lat' dir='ltr'>nonnullis</span> <span class='ocrx_word' id='word_1_448' title='bbox 1619 1973 1839 2016; x_wconf 86' lang='lat' dir='ltr'>hospitalium,</span> <span class='ocrx_word' id='word_1_449' title='bbox 1863 1984 1929 2006; x_wconf 89' lang='lat' dir='ltr'>mo-</span> 
     </span>
     <span class='ocr_line' id='line_1_85' title="bbox 1172 2022 1928 2065; baseline 0.001 -12"><span class='ocrx_word' id='word_1_450' title='bbox 1172 2022 1388 2054; x_wconf 87' lang='lat' dir='ltr'>nasteriorum</span> <span class='ocrx_word' id='word_1_451' title='bbox 1423 2027 1452 2054; x_wconf 85' lang='grc'>01</span> <span class='ocrx_word' id='word_1_452' title='bbox 1481 2022 1620 2054; x_wconf 87' lang='lat' dir='ltr'>aliorum</span> <span class='ocrx_word' id='word_1_453' title='bbox 1650 2022 1797 2054; x_wconf 88' lang='lat' dir='ltr'>locorum</span> <span class='ocrx_word' id='word_1_454' title='bbox 1834 2032 1928 2065; x_wconf 83' lang='lat' dir='ltr'>prae-</span> 
     </span>
     <span class='ocr_line' id='line_1_86' title="bbox 1173 2070 1930 2112; baseline 0.004 -12"><span class='ocrx_word' id='word_1_455' title='bbox 1173 2070 1333 2102; x_wconf 87' lang='lat' dir='ltr'>dictorum</span> <span class='ocrx_word' id='word_1_456' title='bbox 1371 2070 1598 2112; x_wconf 82' lang='lat' dir='ltr'>quaestoribus</span> <span class='ocrx_word' id='word_1_457' title='bbox 1636 2075 1666 2102; x_wconf 86' lang='lat' dir='ltr'>et</span> <span class='ocrx_word' id='word_1_458' title='bbox 1700 2070 1930 2103; x_wconf 82' lang='lat' dir='ltr'>commissariis</span> 
     </span>
     <span class='ocr_line' id='line_1_87' title="bbox 1172 2119 1930 2163; baseline 0.004 -13"><span class='ocrx_word' id='word_1_459' title='bbox 1172 2125 1321 2161; x_wconf 82' lang='lat' dir='ltr'>quaestas</span> <span class='ocrx_word' id='word_1_460' title='bbox 1341 2119 1520 2162; x_wconf 86' lang='lat' dir='ltr'>praedictas</span> <span class='ocrx_word' id='word_1_461' title='bbox 1540 2119 1828 2162; x_wconf 79' lang='lat' dir='ltr'>t&#39;acietnli,aliaqt1e</span> <span class='ocrx_word' id='word_1_462' title='bbox 1849 2131 1930 2163; x_wconf 83' lang='lat' dir='ltr'>prae-</span> 
     </span>
     <span class='ocr_line' id='line_1_88' title="bbox 1173 2167 1929 2211; baseline 0.003 -12"><span class='ocrx_word' id='word_1_463' title='bbox 1173 2167 1255 2200; x_wconf 83' lang='lat' dir='ltr'>dicta</span> <span class='ocrx_word' id='word_1_464' title='bbox 1285 2168 1474 2209; x_wconf 80' lang='lat' dir='ltr'>exercendi,</span> <span class='ocrx_word' id='word_1_465' title='bbox 1498 2179 1533 2200; x_wconf 85' lang='lat' dir='ltr'>ac</span> <span class='ocrx_word' id='word_1_466' title='bbox 1555 2168 1694 2201; x_wconf 80' lang='lat' dir='ltr'>diversas</span> <span class='ocrx_word' id='word_1_467' title='bbox 1714 2168 1929 2211; x_wconf 82' lang='lat' dir='ltr'>indulgentias</span> 
     </span>
     <span class='ocr_line' id='line_1_89' title="bbox 1173 2216 1928 2261; baseline 0.003 -13"><span class='ocrx_word' id='word_1_468' title='bbox 1173 2216 1381 2259; x_wconf 87' lang='lat' dir='ltr'>publicandi,</span> <span class='ocrx_word' id='word_1_469' title='bbox 1404 2217 1550 2250; x_wconf 85' lang='lat' dir='ltr'>licentias</span> <span class='ocrx_word' id='word_1_470' title='bbox 1571 2229 1628 2260; x_wconf 88' lang='lat' dir='ltr'>per</span> <span class='ocrx_word' id='word_1_471' title='bbox 1648 2228 1762 2250; x_wconf 91' lang='lat' dir='ltr'>eorum</span> <span class='ocrx_word' id='word_1_472' title='bbox 1784 2223 1928 2261; x_wconf 82' lang='lat' dir='ltr'>patentes</span> 
     </span>
     <span class='ocr_line' id='line_1_90' title="bbox 1174 2265 1927 2310; baseline 0.001 -13"><span class='ocrx_word' id='word_1_473' title='bbox 1174 2265 1281 2298; x_wconf 86' lang='lat' dir='ltr'>literas</span> <span class='ocrx_word' id='word_1_474' title='bbox 1317 2276 1464 2309; x_wconf 79' lang='lat' dir='ltr'>expresse</span> <span class='ocrx_word' id='word_1_475' title='bbox 1494 2267 1672 2299; x_wconf 82' lang='lat' dir='ltr'>concedere</span> <span class='ocrx_word' id='word_1_476' title='bbox 1710 2272 1741 2300; x_wconf 86' lang='lat' dir='ltr'>et</span> <span class='ocrx_word' id='word_1_477' title='bbox 1770 2265 1927 2310; x_wconf 87' lang='lat' dir='ltr'>impartiri</span> 
     </span>
     <span class='ocr_line' id='line_1_91' title="bbox 1174 2315 1929 2359; baseline 0.004 -14"><span class='ocrx_word' id='word_1_478' title='bbox 1174 2325 1237 2346; x_wconf 75' lang='lat' dir='ltr'>non</span> <span class='ocrx_word' id='word_1_479' title='bbox 1255 2315 1493 2354; x_wconf 87' lang='lat' dir='ltr'>erubescerent,</span> <span class='ocrx_word' id='word_1_480' title='bbox 1510 2315 1557 2347; x_wconf 78' lang='lat' dir='ltr'>vel</span> <span class='ocrx_word' id='word_1_481' title='bbox 1575 2315 1660 2358; x_wconf 90' lang='lat' dir='ltr'>ipsos</span> <span class='ocrx_word' id='word_1_482' title='bbox 1680 2316 1810 2359; x_wconf 87' lang='lat' dir='ltr'>publice</span> <span class='ocrx_word' id='word_1_483' title='bbox 1831 2325 1929 2358; x_wconf 84' lang='lat' dir='ltr'>quae-</span> 
     </span>
     <span class='ocr_line' id='line_1_92' title="bbox 1174 2363 1927 2406; baseline 0.003 -12"><span class='ocrx_word' id='word_1_484' title='bbox 1174 2369 1280 2395; x_wconf 85' lang='lat' dir='ltr'>stuare</span> <span class='ocrx_word' id='word_1_485' title='bbox 1302 2363 1525 2406; x_wconf 87' lang='lat' dir='ltr'>permitterent</span> <span class='ocrx_word' id='word_1_486' title='bbox 1551 2374 1608 2396; x_wconf 91' lang='lat' dir='ltr'>seu</span> <span class='ocrx_word' id='word_1_487' title='bbox 1628 2364 1878 2404; x_wconf 85' lang='lat' dir='ltr'>dissimularent,</span> <span class='ocrx_word' id='word_1_488' title='bbox 1894 2363 1927 2396; x_wconf 88' lang='lat' dir='ltr'>in</span> 
     </span>
     <span class='ocr_line' id='line_1_93' title="bbox 1173 2412 1927 2456; baseline 0.001 -12"><span class='ocrx_word' id='word_1_489' title='bbox 1173 2412 1355 2444; x_wconf 87' lang='lat' dir='ltr'>animarum</span> <span class='ocrx_word' id='word_1_490' title='bbox 1378 2423 1511 2444; x_wconf 89' lang='lat' dir='ltr'>suarum</span> <span class='ocrx_word' id='word_1_491' title='bbox 1537 2412 1732 2455; x_wconf 87' lang='lat' dir='ltr'>periculum,</span> <span class='ocrx_word' id='word_1_492' title='bbox 1760 2418 1791 2445; x_wconf 87' lang='lat' dir='ltr'>et</span> <span class='ocrx_word' id='word_1_493' title='bbox 1816 2412 1927 2456; x_wconf 89' lang='lat' dir='ltr'>perni-</span> 
     </span>
     <span class='ocr_line' id='line_1_94' title="bbox 1174 2460 1927 2504; baseline 0.003 -13"><span class='ocrx_word' id='word_1_494' title='bbox 1174 2460 1297 2493; x_wconf 88' lang='lat' dir='ltr'>ciosum</span> <span class='ocrx_word' id='word_1_495' title='bbox 1324 2461 1507 2504; x_wconf 83' lang='lat' dir='ltr'>exemplum</span> <span class='ocrx_word' id='word_1_496' title='bbox 1539 2472 1574 2493; x_wconf 79' lang='lat' dir='ltr'>ae</span> <span class='ocrx_word' id='word_1_497' title='bbox 1607 2461 1794 2494; x_wconf 85' lang='lat' dir='ltr'>scandalum</span> <span class='ocrx_word' id='word_1_498' title='bbox 1821 2460 1927 2504; x_wconf 87' lang='lat' dir='ltr'>pluri-</span> 
     </span>
     <span class='ocr_line' id='line_1_95' title="bbox 1174 2520 1314 2542; baseline 0 -1"><span class='ocrx_word' id='word_1_499' title='bbox 1174 2520 1314 2542; x_wconf 88' lang='lat' dir='ltr'>morum.</span> 
     </span>
    </p>
   </div>
   <div class='ocr_carea' id='block_1_6' title="bbox 1174 2576 1928 2654">
    <p class='ocr_par' dir='ltr' id='par_1_7' title="bbox 1174 2576 1928 2654">
     <span class='ocr_line' id='line_1_96' title="bbox 1211 2576 1928 2612; baseline 0 -10"><span class='ocrx_word' id='word_1_500' title='bbox 1211 2577 1221 2602; x_wconf 84' lang='grc'>1</span> <span class='ocrx_word' id='word_1_501' title='bbox 1241 2576 1356 2602; x_wconf 79' lang='lat' dir='ltr'>Cherub.</span> <span class='ocrx_word' id='word_1_502' title='bbox 1380 2576 1438 2610; x_wconf 61' lang='lat' dir='ltr'>legit</span> <span class='ocrx_word' id='word_1_503' title='bbox 1453 2576 1588 2608; x_wconf 70' lang='lat' dir='ltr'>opustoco</span> <span class='ocrx_word' id='word_1_504' title='bbox 1602 2576 1776 2612; x_wconf 78' lang='lat' dir='ltr'>quos(a.T.).</span> <span class='ocrx_word' id='word_1_505' title='bbox 1813 2577 1830 2603; x_wconf 71' lang='lat'><strong>2</strong></span> <span class='ocrx_word' id='word_1_506' title='bbox 1849 2577 1928 2603; x_wconf 80' lang='lat' dir='ltr'>Deest</span> 
     </span>
     <span class='ocr_line' id='line_1_97' title="bbox 1174 2620 1558 2654; baseline 0 -8"><span class='ocrx_word' id='word_1_507' title='bbox 1174 2620 1260 2646; x_wconf 86' lang='lat' dir='ltr'>forsan</span> <span class='ocrx_word' id='word_1_508' title='bbox 1278 2621 1432 2653; x_wconf 71' lang='lat' dir='ltr'>officialibus</span> <span class='ocrx_word' id='word_1_509' title='bbox 1453 2626 1491 2654; x_wconf 71' lang='grc'>111.</span> <span class='ocrx_word' id='word_1_510' title='bbox 1509 2621 1558 2654; x_wconf 82' lang='grc' dir='ltr'>τ.)-</span> 
     </span>
    </p>
   </div>
   <div class='ocr_carea' id='block_1_7' title="bbox 1931 234 2117 263">
    <p class='ocr_par' dir='ltr' id='par_1_8' title="bbox 1931 234 2117 263">
     <span class='ocr_line' id='line_1_98' title="bbox 1931 234 2117 263; baseline 0.005 -1"><span class='ocrx_word' id='word_1_511' title='bbox 1931 234 1983 262; x_wconf 82' lang='lat' dir='ltr'>An.</span> <span class='ocrx_word' id='word_1_512' title='bbox 2001 237 2029 263; x_wconf 91' lang='lat' dir='ltr'>C.</span> <span class='ocrx_word' id='word_1_513' title='bbox 2050 235 2117 263; x_wconf 61' lang='lat' dir='ltr'>15t102</span> 
     </span>
    </p>
   </div>
  </div>
 </body>
</html>
