2227 3001
88 259 138 286 An.
157 259 186 285 C.
204 260 269 286 15115

100 745 239 772 Congregauo
250 745 270 765 in

84 779 177 804 priorem
184 782 273 802 genera-

85 808 127 829 tem
145 808 210 834 elegit
224 808 270 829 Hie-

86 845 194 865 ronymum
213 838 271 859 Paci-

86 871 146 892 ticum
156 871 180 891 .ιά
199 871 267 891 vitam.

101 2358 142 2379 sed
162 2361 237 2386 postea
252 2365 272 2379 u⁴

87 2393 144 2414 tilioi-
168 2392 213 2412 visa
234 2390 273 2411 tun

89 2424 166 2445 electio
174 2423 199 2444 ad
209 2423 273 2443 trien-

88 2456 144 2476 nium
154 2454 204 2475 dieti
218 2454 274 2481 prio-

89 2487 126 2511 ris,
141 2492 187 2507 cum
204 2485 273 2513 prohi-

89 2517 170 2538 bitione
206 2517 274 2538 feeli-

91 2549 151 2575 gendi
180 2548 275 2569 duranti-

91 2579 129 2600 bus
139 2579 186 2600 attis
194 2579 274 2601 duobus

92 2612 196 2632 trienniis.

926 258 1042 281 PM‘M'S
1066 259 1098 281 iil
1125 259 1170 281 ΓΡ.

283 312 407 345 solicite
429 312 642 348 intendamus,
665 322 720 354 per
736 322 818 354 quae
840 311 1032 343 monasteria

284 369 314 397 et
333 365 395 397 alia
416 364 563 407 religiosa
583 364 652 397 loca
665 391 672 401 ,
691 375 747 407 per
772 370 898 397 nostrae
918 375 1032 408 opera-

285 418 380 451 tionis
398 418 625 458 ministerium,
646 418 817 451 salubriter
837 418 1033 460 dirigantur,

284 476 312 503 et
333 471 366 504 in
387 470 432 505 eis
450 471 607 513 regularis
627 471 816 515 disciplinae
837 482 950 504 norma
971 483 1035 504 ser-

283 530 391 566 vetur,
412 536 449 558 ac
468 525 574 558 omnis
606 525 687 558 bene
721 525 843 558 vivendi
878 525 1034 558 institutio

284 589 359 611 cum
391 585 539 612 aeternae
576 579 657 612 vitae
688 579 831 623 praemio
865 579 1036 612 salubriter

284 632 510 676 adimpleatur.

328 686 343 729 ξ
360 686 390 718 ’1.
410 686 557 718 Exhibita
572 686 731 729 siquidem
749 686 840 719 nobis
857 697 961 730 nuper
977 697 1036 730 pro

286 745 376 783 parte
395 739 589 773 dilectorum
610 739 752 772 filiorum
772 740 957 783 Hieronymi
983 741 1037 773 Pa-

286 792 370 826 cifici
392 794 430 827 de
455 794 657 827 Saxoferrato
678 794 838 836 monachi,
859 799 888 826 ct
908 794 1036 826 unirer-

285 858 395 880 sorum
416 847 648 880 modernorum
673 847 881 879 definitorum
910 846 1038 880 Ordinis

284 900 392 933 Sancti
413 900 587 939 Benedicti,
609 899 867 943 congregationis
883 899 1037 933 Silvestri-

284 965 419 994 norum,
441 965 477 987 ac
503 953 651 998 priorum
672 959 699 986 et
726 959 890 986 rectorum
912 954 1037 998 priora-

283 1014 374 1041 tuum
396 1013 426 1041 et
445 1007 681 1041 beneficiorum
701 1006 890 1040 eorumdem
911 1006 1039 1039 Ordinis

283 1068 311 1095 et
329 1061 598 1104 congregationis,
610 1060 721 1105 petitio
743 1060 924 1092 continebat
952 1061 1039 1103 quod

283 1115 371 1154 alias,
392 1115 538 1159 prioratu
559 1114 666 1147 Eremi
690 1113 1038 1153 )1011tissani,Cameri-

284 1168 391 1202 nensis
423 1168 596 1208 dioecesis,
626 1167 815 1200 eorumdem
849 1165 977 1200 Ordinis
1010 1174 1039 1200 et,

283 1222 558 1265 congregationis,
579 1227 657 1254 tunc
677 1227 764 1254 certo
785 1220 881 1253 modo
898 1227 1039 1257 vacante,

283 1283 360 1309 tunc
402 1275 587 1308 definitores
603 1303 610 1315 ,
649 1275 774 1319 priores
821 1279 852 1307 et
899 1280 1041 1307 rectores

284 1330 487 1374 prioratuum
503 1335 531 1362 et
548 1328 783 1361 beneficiorum
800 1327 1039 1372 praedictorum

284 1388 339 1416 aut.
358 1393 472 1416 eorum
493 1383 597 1415 maior
626 1393 700 1427 pars
727 1382 863 1421 Romae,
890 1381 922 1414 in
947 1393 1040 1426 prae-

285 1436 386 1470 sentia
413 1436 605 1474 venerabilis
640 1435 746 1469 fratris
779 1436 879 1469 nostri
915 1435 1041 1468 loannis

284 1490 460 1529 Dominici,
481 1484 627 1534 episcopi
647 1489 810 1529 Ostiensis,
832 1489 933 1533 ipsius
962 1500 1040 1522 con-

285 1544 481 1588 gregationis
506 1543 715 1588 protectoris,
740 1543 778 1576 de
807 1543 956 1575 mandato
981 1554 1039 1575 no-

286 1604 351 1631 stro
371 1597 594 1641 capitulariter
619 1607 716 1641 super
743 1597 805 1629 boc
835 1597 1040 1640 congregati,
1061 1618 1063 1624 ι

287 1651 467 1695 praefatum
496 1650 725 1694 Hieronymum
756 1649 908 1683 Ordinem
934 1650 1040 1694 ipsum

286 1715 435 1748 expresse
467 1703 664 1748 professum,
695 1705 727 1735 in
762 1714 875 1736 eorum
901 1710 931 1735 ct
965 1704 1041 1737 dicti

288 1757 450 1802 prioratus
474 1757 616 1801 priorem
650 1757 689 1789 ad
723 1757 792 1789 eius
823 1756 933 1797 vitam,
956 1757 1063 1789 iuxta'

287 1811 452 1855 privilegia
485 1816 517 1843 et
550 1811 672 1843 indulta
700 1810 876 1854 apostolica
902 1811 965 1843 illis
985 1822 1041 1844 seu

287 1875 399 1898 corum
420 1864 531 1898 Ordini
551 1865 690 1908 desuper
710 1874 862 1896 concessa
883 1869 934 1896 aut
952 1864 1040 1905 alias,

287 1919 451 1962 elegerunt
473 1924 501 1951 et
517 1918 724 1962 deputarunt,
741 1928 777 1949 ac
794 1918 901 1949 forsan
917 1918 995 1950 alias
1011 1925 1038 1951 et

285 1972 347 2006 alia
368 1973 532 2012 fecerunt,
554 1977 647 2016 prout
670 1971 703 2004 in
723 1982 836 2004 eorum
858 1972 1041 2015 patentibus

285 2026 386 2059 literis
418 2025 558 2070 desuper
591 2025 745 2058 consectis
774 2025 893 2058 dicitur
914 2026 1042 2070 plenius

286 2078 458 2119 contineri,
486 2079 618 2123 ipseque
651 2078 865 2123 Hieronymus
898 2085 1040 2123 postmo—

286 2134 374 2171 dum,
395 2132 563 2166 electionis
573 2139 602 2166 et
619 2132 837 2177 deputationis
852 2132 1040 2167 huiusmodi

286 2187 404 2230 vigore,
426 2186 526 2231 ipsius
546 2187 707 2231 prioratus
728 2186 962 2231 possessionem
980 2188 1041 2220 sor-

286 2252 342 2275 san
363 2246 529 2274 assecutus
549 2240 619 2274 suit.

330 2294 396 2338 {⁹2
432 2294 510 2328 Cum
532 2300 658 2334 autem,
679 2295 759 2328 sicut
789 2295 900 2327 eadem
931 2296 1041 2339 petitio

287 2348 521 2392 subiungebat,
546 2359 564 2381 a
583 2349 747 2382 nonnullis
771 2348 810 2381 de
834 2349 956 2382 viribus
975 2350 1040 2382 ele-

287 2402 403 2436 ctionis
423 2402 607 2435 huiusmodi
626 2402 814 2441 haesitetur,
836 2408 863 2435 et
881 2408 1042 2436 asseratur

288 2456 468 2501 prioratum
502 2456 609 2500 ipsum
638 2457 744 2489 forsan
778 2456 857 2489 alias
881 2468 978 2500 quam
1009 2462 1039 2489 ut

290 2506 506 2550 praemittitur
537 2505 694 2539 vacarisse
727 2511 755 2539 et
794 2517 924 2547 vacare3
955 2511 983 2538 ct
1018 2507 1040 2539 si

289 2556 404 2590 electio
425 2561 450 2588 et
475 2556 638 2600 deputatio
664 2556 847 2600 praedictae
875 2556 914 2589 ad
942 2556 1041 2589 trien-

289 2606 380 2639 nium
414 2611 642 2639 revocarentur
667 2612 696 2639 et
730 2606 977 2645 reducerentur,
1006 2618 1042 2639 ac

290 2655 362 2689 illae
391 2655 497 2700 quoad
526 2655 701 2689 triennium
733 2661 856 2689 tantum
886 2656 1043 2699 approba-

1717 250 1780 281 :3710

1077 317 1187 343 rentur
1221 318 1247 343 et
1284 314 1574 347 confirmarentur;
1601 323 1637 343 ae
1676 311 1707 343 in
1741 311 1826 343 dicto

1077 365 1231 408 prioratu,
1251 365 1306 409 qui
1327 365 1546 400 conventualis
1565 365 1677 405 existit,
1690 370 1719 397 et
1736 365 1828 397 cuius

1078 418 1166 461 prior
1188 430 1246 462 pro
1272 424 1416 462 tempore
1440 419 1576 452 existens
1602 424 1779 462 perpetuus
1799 424 1829 451 et.

1076 471 1234 514 gij-neralis
1253 472 1379 505 Ordinis
1399 478 1429 505 et
1449 471 1706 515 congregationis
1735 482 1829 515 prae-

1077 525 1238 557 dictorum
1259 536 1327 558 esse
1348 526 1510 559 consuevit
1523 553 1530 566 ,
1550 525 1662 558 titulus
1682 525 1829 569 perpetui

1078 578 1195 622 prioris
1211 580 1470 623 supprimeretur
1486 586 1513 613 et
1532 579 1782 622 extingueretur,
1793 590 1833 612 ac

1079 631 1131 663 ille
1152 643 1209 675 per
1229 632 1370 676 priorem
1392 633 1583 666 triennalem
1612 638 1778 675 regeretur
1801 638 1833 665 et

1077 685 1326 727 gubernaretur;
1348 698 1383 719 ac
1413 687 1500 730 quod
1522 685 1654 731 praefati
1682 686 1832 719 definito-

1079 748 1139 777 res,
1160 739 1285 782 priores
1319 744 1346 772 et
1382 745 1524 773 rectores
1554 740 1586 772 in
1611 740 1698 773 dicto
1718 750 1831 773 eorum

1079 792 1220 835 capitulo
1241 794 1395 835 generali,
1413 794 1452 826 ad
1474 794 1534 826 boc
1555 799 1727 838 propterea
1748 795 1831 827 cele-

1079 845 1220 885 brando,
1241 857 1343 879 unum
1364 847 1549 889 religiosum
1569 847 1712 880 eiusdem
1741 847 1832 880 Ordi-

1080 899 1144 938 nis,
1165 899 1317 933 Ordinem
1338 900 1444 944 ipsum
1469 912 1618 945 expresse
1639 902 1833 945 professum,

1080 963 1176 996 quem
1206 964 1264 996 pro
1292 953 1392 997 ipsius
1419 954 1546 988 Ordinis
1571 955 1736 999 prosperis
1759 966 1833 988 sue-

1081 1005 1222 1038 ‹nx-ssibus
1243 1006 1406 1040 utiliorem
1429 1008 1494 1041 sore
1516 1013 1676 1052 putarent,
1697 1008 1728 1040 in
1751 1009 1834 1052 prio-

1081 1070 1149 1091 rem
1170 1060 1353 1101 generalem
1374 1060 1449 1092 dicti
1467 1060 1626 1104 prioratus
1642 1061 1680 1094 dc
1697 1061 1834 1094 triennio

1081 1112 1113 1144 in
1134 1112 1310 1145 triennium
1336 1114 1454 1157 eligere
1475 1114 1608 1158 possint,
1630 1115 1671 1147 ita
1687 1115 1775 1158 quod
1790 1115 1836 1148 sic

1082 1166 1213 1207 electus,
1237 1166 1326 1210 lapso
1347 1167 1533 1200 huiusmodi
1554 1168 1702 1207 triennio,
1726 1168 1836 1211 reeligi

1082 1230 1147 1251 non
1175 1225 1295 1263 posset,
1316 1220 1420 1253 donec
1440 1220 1505 1253 duo
1525 1221 1587 1253 alia
1608 1221 1744 1253 triennia
1770 1221 1836 1253 ela-

1082 1284 1138 1317 psa
1158 1274 1274 1313 forent,
1308 1274 1459 1318 quodque
1486 1275 1609 1318 priores
1637 1280 1668 1307 et
1698 1281 1838 1308 rectores

1082 1327 1285 1371 prioratuum
1307 1334 1334 1361 et
1357 1329 1494 1361 aliorum
1520 1328 1754 1362 beneficiorum
1778 1330 1837 1362 Or-

1083 1381 1165 1413 dinis
1190 1387 1217 1413 et
1248 1382 1507 1425 congregationis
1529 1382 1732 1420 huiusmodi,
1755 1383 1837 1415 ultra

1084 1435 1259 1468 triennium
1281 1435 1312 1468 in
1334 1436 1454 1469 eisdem
1476 1436 1672 1480 prioratibus
1692 1442 1718 1469 et
1743 1437 1839 1470 bene-

1083 1489 1165 1521 ficiis
1192 1500 1250 1532 per
1283 1489 1412 1522 eosdem
1438 1490 1617 1534 capitulum
1651 1490 1837 1523 confirmari

1084 1554 1149 1575 non
1170 1543 1301 1587 possint,
1322 1549 1516 1576 statueretur
1531 1550 1561 1577 et
1577 1543 1792 1580 ordinaretur,
1809 1550 1834 1577 et

1083 1597 1145 1629 boc
1172 1596 1315 1640 profecto
1342 1597 1477 1630 feliciori
1508 1597 1635 1630 Ordinis
1658 1603 1686 1630 et
1714 1597 1839 1641 priora—

1083 1655 1174 1681 tuum
1196 1655 1224 1681 et
1246 1649 1480 1683 beneficiorum
1502 1650 1840 1690 eorumdem,neenon

1085 1703 1214 1735 illorum
1236 1715 1448 1747 personarum
1470 1704 1582 1743 statui,
1604 1704 1637 1736 in
1662 1704 1839 1748 spirituali-

1084 1757 1142 1789 bus
1171 1763 1199 1789 et
1234 1757 1466 1801 temporalibus
1493 1758 1664 1791 salubriter
1689 1759 1838 1791 eonsule-

1083 1816 1183 1847 retur,
1194 1816 1221 1843 et
1241 1811 1425 1854 praedictus
1438 1810 1522 1843 Ordo
1538 1816 1748 1854 augmentum
1765 1822 1838 1843 cum

1083 1864 1265 1897 animarum
1282 1865 1384 1898 salute
1402 1865 1592 1909 susciperet.

1127 1917 1192 1961 §3
1224 1918 1346 1958 Quare,
1372 1929 1431 1962 pro
1460 1925 1549 1962 parte
1576 1918 1739 1951 dictorum
1769 1930 1838 1951 mo-

1083 1972 1259 2005 dernorum
1281 1972 1500 2009 definitorum,
1522 1972 1666 2016 priorum
1683 1978 1710 2005 et
1734 1978 1839 2005 recto-

1084 2037 1156 2058 rum
1185 2026 1276 2059 nobis
1302 2026 1356 2059 fuit
1380 2026 1546 2059 humiliter
1567 2026 1784 2071 supplicatum
1807 2032 1840 2059 ut

1085 2090 1143 2124 pro
1159 2079 1396 2123 ipsiusOrdinis
1413 2080 1532 2113 salubri
1549 2081 1725 2114 directione
1742 2092 1839 2125 super

1085 2135 1121 2166 iis
1155 2140 1336 2178 opportune
1367 2135 1551 2178 providere,
1575 2135 1613 2167 de
1643 2134 1838 2177 benignitate

1083 2187 1259 2231 apostolica
1285 2188 1505 2230 dignaremur.

1127 2242 1142 2281 ξ
1161 2241 1191 2273 lt.
1215 2242 1277 2274 Nos
1299 2241 1470 2286 initui-,qui
1488 2243 1757 2276 monasteriorum
1774 2254 1839 2276 om-

1084 2295 1173 2327 nium
1195 2301 1223 2327 et
1242 2296 1273 2328 in
1291 2295 1353 2328 illis
1368 2296 1504 2329 Domino
1526 2297 1750 2330 famulantium
1768 2309 1839 2341 per-

1084 2360 1237 2382 sonarum
1271 2350 1433 2383 salubrem
1463 2356 1578 2383 statum
1614 2357 1640 2383 et
1682 2353 1839 2394 regularis

1084 2403 1303 2436 observantiae
1324 2410 1533 2447 augmentum
1554 2404 1687 2438 sinceris
1707 2412 1837 2449 exopta-

1085 2468 1156 2489 mus
1181 2457 1360 2498 affectibus,
1381 2458 1510 2491 eosdem
1530 2458 1704 2491 modernos
1723 2459 1837 2491 desini-

1084 2511 1186 2544 tores,
1207 2507 1342 2550 priores,
1364 2513 1506 2540 rectores
1526 2518 1562 2539 ac
1589 2517 1700 2539 eorum
1728 2507 1837 2550 singu-

1085 2557 1132 2588 los
1156 2568 1173 2588 a
1200 2556 1364 2599 quibusvis
1389 2555 1746 2595 excommunicationis,
1768 2568 1837 2590 sus-

1086 2605 1249 2650 pensionis
1273 2612 1304 2639 et
1330 2605 1491 2639 interdicti
1517 2605 1652 2648 aliisque
1685 2605 1838 2638 ecclesia-

1085 2655 1171 2688 sticis
1192 2655 1367 2691 sententiis,
1386 2655 1532 2688 censuris
1547 2660 1574 2687 et
1598 2653 1720 2698 poenis,
1736 2665 1754 2687 a
1769 2654 1838 2690 iure

1842 263 1890 286 An.
1910 259 1939 284 Γ..
1961 258 2029 284 ίῖὶίῒ)

1873 1932 1965 1960 ilicoque
1985 1937 2038 1952 con-

1854 1965 1948 1989 sti-gatto
1962 1963 2041 1990 suppli-

1854 1995 1909 2014 nanu
1925 1995 1973 2015 huic
1986 1993 2040 2014 Pon-

1854 2026 1904 2045 utici
1935 2032 1971 2052 pro
1999 2032 2040 2051 ⁰1·-

1854 2061 1944 2083 portuna
1967 2058 2039 2084 provi-

1854 2089 1923 2113 sione,

1866 2256 1904 2280 Qui
1927 2257 2039 2281 [vropterea

1853 2290 1928 2308 ‹tir-run
1948 2288 2039 2308 electiu-

1853 2326 1901 2341 nem
1917 2319 2038 2346 Hieronymi

1853 2352 1876 2370 nt
1925 2351 2038 2371 triennium

1854 2382 1945 2407 rotavit,
