2227 3001
76 243 127 271 An.
145 244 173 271 C.
196 243 261 271 {5112

100 362 259 387 Ordinariisque

77 396 175 419 qnaeslas
222 395 258 411 rlr.

77 423 183 451 prohibet,

97 2090 189 2117 Collegio
205 2090 265 2113 labri-

83 2127 121 2142 σεο
131 2123 163 2142 dat
175 2126 267 2149 potesta-

85 2155 125 2172 tem
147 2155 267 2180 proceden-

84 2183 103 2203 di
119 2187 193 2204 contra
208 2191 267 2211 qnos-

85 2218 172 2240 tumqne
202 2221 268 2242 quac-

85 2247 161 2270 stores,
173 2249 193 2266 θῑ
206 2253 269 2272 qnae-

85 2276 125 2295 sita
140 2282 177 2302 per
193 2282 230 2297 eos
241 2278 269 2298 ta-

86 2307 157 2327 bricae
200 2309 269 2335 appli—

86 2339 154 2364 cande

920 241 1037 266 rAt'Lt's
1061 241 1095 265 111
1120 242 1166 264 PP.

319 299 334 342 ξ,
360 297 412 332 43.
449 298 521 335 Nos,
540 296 625 330 circa
657 295 832 340 praemissa
859 296 1026 340 providere

275 352 454 396 cupientes,
471 350 628 383 universis
644 355 672 383 et
691 349 835 392 singulis,
855 356 918 382 tam
938 351 1027 382 loeo-
1048 367 1049 373 κ

275 416 347 437 rum
368 405 539 438 ordinariis
559 414 739 446 eorumque
755 403 893 443 vicariis,
912 403 1029 435 otlicia-

274 458 358 490 libus
378 463 407 490 et
428 457 582 490 ministris
602 467 699 499 quam
720 456 790 488 aliis
816 456 1028 499 quibuscum-

274 521 337 553 que
354 510 565 543 ecclesiarum
587 508 750 552 praelatis,
770 509 828 541 sub
843 509 851 530 ¹
866 509 1029 552 ingressus

274 563 429 597 ecclesiae
446 574 482 596 ac
499 562 718 606 suspensionis
734 562 887 601 adivinis,
902 573 1030 595 necnon

274 615 618 650 excommunicationis
651 616 782 648 maioris
806 616 941 659 aliisque
976 627 1029 649 ec—

274 670 459 704 clesiasticis
480 670 645 703 sententiis
670 675 698 702 et
725 670 865 701 duorum
891 669 1029 702 millium

274 724 465 756 ducatorum
488 724 559 757 auri
574 724 757 756 deCamera
777 723 880 755 dit-tae
902 722 1030 755 fabricae

274 777 543 820 applicandorum
572 777 704 821 poenis,
728 788 786 820 per
807 788 861 809 eos
889 787 926 809 eo
947 775 1047 819 ipso,-

274 830 393 874 absque
415 830 522 874 aliqua
542 830 778 868 declaratione,
807 829 932 872 quoties
952 839 1030 861 con-

275 883 481 923 travenirent,
505 883 722 921 incurrendis,
745 881 887 915 districte
908 882 1031 925 praeci-

274 936 393 978 piendo
414 936 637 968 mandavimus
657 942 817 978 quatenus
837 946 874 967 ex
896 941 972 967 tunc
993 934 1031 966 de

275 994 382 1021 cetero
403 989 528 1033 aliquas
561 988 774 1031 quaestuandi
803 993 830 1020 et
860 988 1030 1029 indulgen-

275 1041 334 1073 tias
353 1042 538 1085 publicandi
564 1042 727 1081 licentias,
751 1047 778 1073 et
800 1041 939 1083 desuper
960 1041 1031 1073 lite-

275 1105 326 1126 ras
346 1095 512 1137 quibusvis
533 1094 759 1138 quaestoribus
780 1099 807 1125 et
830 1094 900 1126 aliis
921 1104 1031 1136 perso-

275 1147 340 1187 nis,
377 1148 472 1181 etiam
508 1152 673 1191 praetextu
708 1147 847 1179 cuiusvis
881 1147 1031 1189 antiquae,

276 1200 520 1233 consuetudinis
540 1201 588 1233 vel
604 1199 826 1243 possessionis,
845 1199 965 1232 eisdem
983 1211 1032 1233 or-

276 1253 410 1286 dinariis
434 1253 554 1286 similes
587 1253 733 1285 licentias
759 1253 957 1285 concedendi
972 1279 979 1292 ,
1003 1259 1033 1285 et

277 1306 419 1350 aliquam
435 1312 560 1351 partem
573 1318 608 1339 ex
626 1306 767 1349 quaestis
784 1311 811 1338 et
827 1306 877 1338 ind
885 1306 1033 1348 ulgentiis

277 1359 623 1403 liuiusmodiexigemli
644 1365 672 1392 et
695 1359 909 1403 percipiendi,
937 1359 1033 1392 etiam

279 1413 384 1455 rigore
414 1425 700 1457 (piorumcumque
730 1413 972 1456 privilQiorum
1005 1419 1032 1445 et

280 1467 479 1499 indultorum
506 1478 542 1501 ac
577 1467 745 1499 literarum
781 1466 1034 1510 apostolicarum

279 1519 493 1553 eisl1a‹·tenus
509 1530 739 1553 concessorum
756 1520 803 1551 rel
821 1519 851 1551 in
869 1525 1034 1562 posterum

279 1573 576 1612 eoncedendorum,
594 1573 715 1615 absque
733 1582 880 1615 expressa
907 1571 1035 1604 lii-entia

279 1626 425 1659 eiusdem
446 1627 585 1659 fabricae
604 1627 834 1669 deputatorum
851 1626 1037 1658 nullatenus

280 1680 460 1712 concedere
496 1681 544 1712 rel
573 1679 732 1723 impartiri
766 1685 1033 1723 praesunterent,

279 1743 339 1765 nec
360 1732 446 1775 ipsos
466 1739 655 1777 quaestores
680 1732 808 1776 publice
843 1737 1036 1775 quaestuare

280 1785 504 1828 permitterent
536 1797 593 1819 seu
627 1786 762 1818 tacendo
783 1785 1033 1818 dissimularent.

279 1833 464 1872 Quinimmo
498 1845 552 1867 eos
581 1834 619 1865 ad
646 1834 825 1877 parendum
852 1839 1038 1866 reverenter

280 1882 514 1925 posterioribus
547 1881 647 1914 literis
677 1882 794 1914 nostris
815 1882 987 1924 praedietis
1008 1888 1035 1913 et

280 1930 313 1962 in
347 1930 408 1962 illis
442 1930 600 1963 contentis
620 1930 882 1974 quibuscumque
904 1931 1037 1963 ommno

281 1985 433 2021 cogerent
454 1990 491 2011 ac
512 1979 758 2022 eon‘ipellerent.

324 2028 339 2071 ξ
358 2028 412 2060 44.
435 2028 635 2071 Insuperque
658 2027 779 2060 eisdem
800 2028 973 2071 deputatis,
988 2040 1039 2061 eo-

281 2087 419 2119 rumque
444 2077 673 2109 commissariis
696 2083 808 2109 eontra
833 2078 963 2109 cosdem
985 2088 1038 2110 or-

281 2125 423 2159 dinarios
443 2125 639 2168 illorumiple
660 2125 795 2158 vicarios
814 2131 841 2157 et
860 2125 1036 2165 ministros,

282 2185 410 2208 necnon
448 2185 671 2217 quoscumque
710 2174 790 2209 alios
829 2174 1038 2207 ecelesiarum

283 2225 464 2268 praelatos,
496 2224 680 2267 superiores
713 2229 741 2256 et
776 2234 947 2266 personas,
975 2230 1038 2256 tani

284 2274 465 2305 saeculares
493 2283 590 2316 quam
611 2272 812 2317 quorumvis,
835 2273 930 2305 etiam
952 2272 1038 2305 Men-

284 2320 473 2361 dicantiuni,
496 2320 653 2353 Ordinum
687 2322 864 2362 regulares,
892 2326 1039 2365 quaestas

284 2369 449 2409 facientes,
472 2369 504 2401 in
526 2374 674 2402 eventum
696 2370 978 2409 contrairentionis,
1002 2370 1038 2402 acl
1059 2347 1060 2398 i

284 2419 538 2452 det-litationem
573 2419 723 2453 intrusus
756 2431 971 2453 censurainm
1011 2426 1036 2451 ⁴!

285 2479 465 2512 poenarum
483 2468 721 2511 praedicantia]
738 2480 816 2513 prm«
813 2469 949 2507 edendr,
968 2479 1040 2501 nee-

285 2527 350 2549 non
371 2521 558 2559 quaestoies
574 2528 611 2560 pl
613 2518 732 2550 aetitos
750 2523 898 2560 quaestas
919 2511 1062 2551 lacien-

286 2570 343 2605 tes,
380 2570 410 2597 et
443 2565 657 2608 induloentias
690 2565 896 2606 huiusmodi,
920 2558 1062 2630 absque

323 2632 331 2657 l
354 2631 418 2658 Deos
408 2630 555 2666 taliquid,
574 2632 640 2658 sorte
654 2634 789 2658 interdicti
804 2632 841 2667 (n
860 2632 910 2666 T).

1714 226 1768 262 33*
1839 235 1889 262 An.
1907 232 1934 261 c.
1954 233 2022 262 nsua

1070 295 1213 338 ipsorum
1231 293 1459 337 deputatorum
1479 301 1628 335 expresso
1651 302 1821 329 consensu,

1072 348 1202 381 ubilibet
1232 346 1433 390 publicantes
1462 344 1609 388 capiendi
1630 350 1659 377 ct
1681 344 1825 377 incarce-

1072 402 1160 434 randi
1187 412 1243 434 seu
1277 398 1471 433 incarcerari
1499 397 1654 437 faciendi,
1688 397 1825 441 illosque

1071 460 1234 497 tamquam
1271 453 1494 486 inobedientes
1527 456 1558 484 et
1584 450 1721 483 rebelles
1741 451 1825 483 mul-

1072 508 1186 547 ctandi,
1209 513 1239 540 et.
1254 507 1293 539 ad
1313 507 1462 539 triremes
1479 509 1635 548 perpetuo
1651 504 1699 536 vel
1719 504 1770 543 ad,
1788 504 1826 537 de

1072 572 1136 604 quo
1157 561 1202 594 eis
1227 561 1404 597 videretur,
1423 565 1550 602 tempus
1576 557 1760 601 relegandi;
1791 568 1826 589 ac

1073 614 1226 657 pecunias
1259 625 1317 657 per
1350 613 1479 646 eosdem
1507 616 1706 656 quaestores,
1733 621 1827 643 occa-

1073 667 1161 699 sione
1182 666 1341 699 dictarum
1363 665 1636 707 indulgentiarum
1660 663 1707 696 vel
1728 674 1828 705 quae-

1073 726 1194 753 starum
1223 720 1464 764 quom‹;›(l0libet
1499 718 1692 761 acquisitas,
1725 717 1828 750 eidem

1073 773 1224 810 fabricae,
1244 779 1279 806 ut
1299 774 1490 816 praefertur,
1514 772 1702 815 applicatas,
1725 773 1764 804 ab
1785 771 1830 804 eis

1073 832 1103 859 et
1124 837 1237 859 eorum
1259 826 1413 869 singulis,
1437 826 1533 857 etiam
1555 825 1659 857 invitis
1686 831 1717 857 et
1742 824 1829 857 reni-

1075 880 1226 919 tentibus,
1246 879 1402 912 x’iolenter
1417 879 1596 915 auferendi2
1614 888 1752 917 necnon,
1771 888 1830 921 pro

1075 933 1259 977 praemissis
1280 932 1431 965 omnibus
1447 931 1655 974 exequendis,
1675 930 1830 963 auxilium

1074 986 1198 1019 brachii
1231 985 1424 1024 saecularis,
1451 985 1577 1027 quoties
1611 995 1693 1028 opus
1728 985 1807 1016 foret
1822 1010 1829 1022 ,

1076 1039 1264 1079 invocandi,
1288 1038 1508 1071 omnimodam
1543 1037 1761 1070 concessimus
1787 1038 1831 1069 fa-

1076 1092 1239 1125 cultatem.
1271 1092 1538 1134 Quilmscunussple
1563 1090 1656 1123 nobis
1676 1095 1706 1123 et
1727 1089 1831 1122 eidem

1076 1146 1148 1177 Sedi
1183 1144 1368 1178 immediate
1403 1144 1556 1177 subiectis
1570 1171 1577 1181 ‚
1614 1143 1673 1176 sub
1711 1143 1831 1176 eisdem

1076 1199 1252 1237 sententiis,
1275 1198 1421 1231 censuris
1441 1203 1469 1230 et
1492 1197 1616 1240 poenis,
1639 1202 1716 1229 tunc
1741 1207 1833 1229 man-

1076 1252 1198 1293 dantes3
1217 1252 1297 1284 alios
1312 1262 1386 1284 vero
1408 1250 1500 1283 nobis
1520 1261 1586 1283 non
1602 1250 1764 1282 subiectos
1784 1249 1833 1281 iu-

1076 1305 1163 1338 dices
1184 1311 1212 1338 et
1238 1315 1394 1349 personas
1423 1303 1606 1336 saeculares
1639 1301 1671 1334 in
1698 1301 1834 1334 Domino

1076 1359 1241 1391 hortantes
1275 1364 1319 1398 ut,
1341 1358 1366 1389 si
1398 1363 1426 1389 et
1454 1362 1624 1400 postquam
1656 1366 1714 1399 pro
1745 1362 1834 1400 parte

1077 1411 1237 1444 dictorum
1272 1412 1501 1454 deputatorum
1536 1414 1564 1442 et
1595 1409 1835 1442 commissario-

1078 1476 1150 1497 rum
1179 1466 1284 1498 forent
1311 1464 1469 1507 requisiti,
1488 1463 1520 1495 in
1542 1462 1724 1506 praemissis
1745 1463 1835 1495 auxi-

1078 1518 1158 1550 lium
1184 1524 1214 1550 et
1246 1518 1387 1550 favorem
1413 1528 1448 1550 ac
1474 1516 1655 1549 remedium
1676 1521 1835 1561 opportu-

1079 1583 1156 1605 num
1174 1572 1379 1615 praeberent,
1398 1575 1495 1615 prout
1516 1570 1547 1602 in
1568 1569 1702 1613 singulis
1718 1570 1835 1602 nostris

1079 1632 1106 1659 et
1131 1626 1417 1670 praedeeessorum
1454 1624 1693 1668 praedictorum
1714 1623 1833 1663 literis,

1079 1690 1217 1723 quarum
1235 1679 1437 1721 singularum
1455 1684 1637 1714 tenores,ae
1649 1678 1673 1710 si
1690 1677 1728 1710 de
1737 1677 1834 1709 verbo

1079 1733 1117 1765 ad
1137 1733 1270 1766 verbum
1293 1733 1526 1769 insererentur,
1539 1730 1764 1775 praesentibus
1775 1742 1835 1774 pro

1080 1787 1277 1819 sullicienter
1297 1785 1455 1830 expressis
1474 1785 1586 1817 baberi
1607 1785 1769 1824 volumus,
1787 1784 1836 1816 di-

1080 1839 1164 1871 citur
1184 1839 1312 1882 plenius
1332 1838 1502 1871 contineri.

1124 1893 1138 1935 g
1158 1892 1211 1925 45.
1235 1892 1315 1925 Cum
1336 1897 1457 1931 autem,
1481 1892 1563 1924 sieut
1583 1891 1694 1924 eadem
1726 1890 1836 1934 petitio

1080 1945 1312 1987 subiungebat,
1349 1956 1365 1977 a
1396 1945 1562 1977 nonnullis
1591 1944 1672 1977 forte
1699 1944 1836 1976 nimium

1081 1998 1280 2042 scriqmlosis
1297 1998 1479 2031 dubitatum
1495 1998 1589 2031 fuerit
1601 2008 1641 2030 an
1657 1997 1835 2041 privilegia,
1852 1992 2038 2042 Εζζξζζῖξζηξᾞζζ

1081 2051 1204 2084 indulta
1224 2058 1253 2084 ct
1274 2053 1440 2086 facultates
1465 2062 1523 2093 per
1542 2050 1724 2095 praedictos
1744 2061 1837 2094 prae-
1852 2054 1918 2104 {¹12¹}ss
1936 2055 1974 2103 3:¹5
1987 2060 2037 2104 0¹22}

1081 2105 1266 2137 decessores
1287 2103 1516 2137 commissaliis
1532 2109 1560 2136 et
1586 2103 1722 2146 collegio
1743 2114 1837 2147 prae-
1852 2090 2038 2135 adutilisutepnidi-

1081 2158 1175 2191 dictis
1196 2169 1360 2197 concessa,
1385 2169 1443 2202 per
1463 2157 1592 2190 eosdem
1609 2157 1816 2190 Franciscum
1829 2183 1836 2197 ,
1853 2149 1899 2167 ⁰²³⁰
1922 2145 2022 2171 “mm“

1082 2212 1230 2252 Paulum,
1254 2213 1397 2251 Petrum,
1424 2211 1623 2255 Philippum,
1646 2211 1834 2255 episcopos,

1082 2266 1233 2298 loannem
1256 2265 1429 2309 Baptistam
1447 2270 1477 2298 et
1487 2265 1694 2308 Raphaelem,
1711 2265 1838 2298 moder-

1082 2329 1140 2352 nos
1160 2319 1199 2351 ad
1220 2330 1302 2362 opus
1318 2319 1420 2351 dictae
1438 2318 1577 2351 fabricae
1593 2319 1838 2362 deputatos,aut

1083 2372 1209 2414 aliquos
1229 2383 1266 2404 ex
1286 2372 1342 2411 eis,
1365 2372 1425 2404 sub
1446 2371 1578 2404 nomine
1604 2371 1679 2404 dicti
1695 2371 1835 2414 collegii,

1082 2426 1239 2458 haetenus
1259 2436 1421 2465 exercere,
1444 2426 1491 2458 vel
1503 2425 1548 2458 eis
1560 2425 1605 2458 uti
1626 2426 1791 2469 potuerint
1807 2430 1835 2457 et

1084 2475 1115 2506 in
1137 2476 1282 2507 tutulum
1298 2475 1433 2518 possint,
1450 2475 1673 2518 hactenusque
1693 2486 1750 2518 per
1769 2485 1835 2514 eos,

1084 2524 1142 2556 sub
1162 2523 1293 2556 nomine
1321 2523 1396 2556 dicti
1430 2523 1576 2566 collegii,
1599 2534 1657 2567 pro
1686 2523 1769 2556 dicta
1790 2524 1836 2556 la-

1083 2572 1171 2605 biica
1190 2578 1295 2615 sesta,
1317 2573 1420 2605 talida
1447 2573 1600 2613 existant,
1625 2583 1681 2615 pro
1704 2572 1833 2604 illolum

1060 2633 1113 2666 p
1107 2627 1184 2657 irts
1190 2599 1297 2655 Unobis
1312 2621 1369 2655 suit
1385 2621 1551 2656 humiliter
1566 2620 1783 2666 supplicatum
1800 2625 1836 2654 ut

1852 1898 1949 1919 neelami
1973 1900 2035 1920 ctiam

1852 1930 1928 1949 dictum
1967 1931 2037 1951 colle-

1852 1961 1905 1985 gium
1940 1961 2037 1981 natilibus
