2227 3001
13 228 28 261 ί
65 244 113 271 ΑΙ..
133 244 158 268 c⁴
180 242 244 270 15:58

83 465 193 486 clausulae
209 466 246 485 de-

60 499 188 522 regnorum,

910 238 1027 262 PAULUS
1046 237 1078 262 IV
1101 237 1147 260 FP.

260 296 366 337 etiam,
387 295 413 329 si
428 305 510 339 opus
531 294 638 332 fuerit,
661 292 778 326 auxilio
800 291 921 325 brachii
944 303 1013 325 sae-

261 350 391 383 cularis.

305 405 320 447 g
339 403 392 437 13.
415 403 484 437 Non
509 402 709 435 obstantibus
734 400 1017 434 constitutionibus

261 464 291 491 et
310 456 567 491 ordinationibus
582 455 776 500 apostolicis,
797 465 832 487 ac
855 459 1015 487 monaste-

263 512 385 545 riorum
416 516 446 543 et
470 510 609 543 aliorum
640 508 839 552 regularium
869 508 1016 541 locorum

261 575 387 598 necnon
412 564 569 597 Ordinum
595 572 894 607 quorumcumque,
921 561 1016 594 etiam

261 619 462 659 iuramento,
494 617 738 651 confirmatione
766 615 941 660 apostolica
971 615 1017 648 vel

261 672 373 717 quavis
398 671 548 704 firmitate
570 671 631 704 alia
648 670 817 709 roboratis,
843 668 968 702 statutis
988 673 1017 701 et

260 725 566 765 consuetudinibus,
595 723 768 769 privilegiis
791 733 940 767 quoque,
968 722 1016 754 in-

260 779 358 813 dultis
388 785 419 812 et
448 778 548 812 literis
574 777 778 823 apostolicis,
810 776 905 810 etiam
930 775 1019 809 Mari

259 833 377 877 Magno
398 843 453 866 seu
474 832 568 865 Bulla
589 834 696 865 Aurea
714 836 769 863 aut
789 830 867 863 alias
883 839 1018 872 quomo-

260 886 379 920 dolibet
401 886 609 929 nuncupatis,
632 896 689 918 seu
706 895 763 929 per
783 884 924 917 officium
941 883 1018 916 Poe—

260 940 462 974 nitentiariae
482 939 669 973 huiusmodi
696 937 866 983 expeditis,
897 937 1017 969 eisdem

257 994 410 1038 apostatis
434 1005 490 1027 seu
511 993 692 1033 translatis,
715 1003 753 1025 ac
773 997 882 1025 nostro
910 990 1018 1024 Sancti

258 1049 397 1093 Spiritus
414 1049 447 1081 in
459 1048 551 1082 Saxia
567 1048 605 1081 de
615 1047 711 1088 L'rbe,
723 1046 850 1081 Ordinis
864 1046 895 1079 S.
910 1046 1018 1089 Augu-

258 1103 343 1141 stini,
356 1110 385 1136 et
397 1102 562 1147 quibusvis
571 1102 641 1135 aliis
651 1100 876 1145 hospitalibus,
891 1110 1018 1133 necnon

258 1157 292 1190 B.
315 1158 431 1191 Mariae
451 1155 695 1201 Redemptionis
715 1154 917 1199 captivorum
933 1159 964 1187 et
978 1153 1018 1186 de

261 1211 418 1252 Mercede,
442 1221 478 1244 ac
498 1209 664 1255 quibusvis
683 1208 754 1241 aliis
774 1207 977 1241 monasteriis
988 1213 1017 1241 et

263 1264 569 1309 regularibusloeis,
581 1263 640 1296 sub
652 1262 914 1307 quibuscumque
926 1266 1017 1295 teno-

261 1319 351 1353 ribus
370 1324 401 1352 et
420 1318 544 1358 formis,
567 1328 604 1350 ac
625 1328 701 1350 cum
722 1315 900 1360 quibusvis,
923 1315 1017 1349 etiam

260 1372 539 1417 derogatoriarum
559 1369 784 1414 derogatoriis,
797 1369 932 1413 aliisque
953 1369 1019 1402 effi-

260 1426 442 1461 cacioribus
467 1432 498 1459 et
523 1425 660 1459 insolitis
689 1423 863 1464 clausulis,
892 1434 1019 1457 necnon

261 1480 464 1514 irritantibus
485 1486 512 1513 et
535 1479 605 1512 aliis
626 1478 775 1518 decretis,
798 1476 893 1511 etiam
914 1482 1016 1518 motu,

261 1534 395 1568 scientia
407 1532 612 1578 etpotestatis
629 1530 830 1575 plenitudine
846 1530 1016 1571 similibus,

262 1593 317 1621 aut
332 1587 410 1620 alias
421 1585 664 1631 quomodolibet
680 1584 853 1625 concessis,
875 1595 912 1618 ac
924 1585 1019 1617 etiam

263 1640 383 1674 iteratis
393 1640 517 1673 vicibus
526 1638 713 1683 approbatis
724 1643 754 1671 et
763 1638 932 1679 innovatis,
947 1638 1019 1681 qui·
1038 1655 1041 1692 1

261 1695 322 1728 bus
342 1693 511 1733 omnibus,
534 1693 628 1726 etiam
643 1692 678 1732 si,
698 1703 756 1736 pro
777 1692 909 1725 illorum
930 1692 1019 1725 suffi-

262 1748 358 1782 cienti
378 1748 597 1791 derogatione,
618 1747 654 1780 de
677 1746 739 1779 illis
755 1749 935 1789 eorumque
947 1745 1020 1779 totis

262 1801 429 1836 tenoribus
449 1801 608 1846 specialis,
636 1802 798 1845 specifica,
821 1811 970 1844 expressa
990 1806 1021 1833 et

262 1855 425 1889 individua
453 1867 491 1889 ac
519 1856 558 1889 de
590 1855 688 1889 verbo
713 1855 753 1889 ad
773 1855 928 1895 verbum,
954 1865 1020 1888 non

261 1915 369 1943 autem
390 1920 449 1955 per
469 1910 631 1943 clausulas
650 1909 818 1953 generales
852 1909 938 1943 idem
958 1909 1019 1941 im·
1040 1927 1041 1930 =

260 1968 438 2008 portantes,
452 1963 574 1997 mentio
587 1974 644 1996 seu
665 1962 796 2006 quaevis
811 1963 873 1995 alia
889 1973 1019 2007 expres-

262 2017 309 2050 sio
336 2017 487 2050 habenda
500 2043 507 2057 ,
535 2022 591 2050 aut
610 2016 719 2060 aliqua
739 2015 896 2059 exquisita
915 2017 1021 2050 forma

261 2071 416 2105 servanda
436 2076 535 2110 esset,
558 2076 686 2104 tenores
705 2070 911 2107 huiusmodi.
938 2082 973 2104 ac
996 2071 1019 2104 si

261 2127 301 2160 de
321 2126 417 2159 verbo
438 2126 476 2159 ad
496 2125 733 2163 verhumfflihil
752 2125 881 2169 penitus
900 2125 1019 2159 omisso

261 2186 291 2213 et
317 2180 419 2214 forma
439 2180 472 2212 in
498 2179 561 2212 illis
584 2180 699 2212 tradita
711 2180 888 2216 observata,
909 2179 1018 2213 inserti
1039 2175 1042 2215 l

262 2235 385 2274 forent,
408 2233 631 2278 praesentibus
661 2245 719 2277 pro
747 2234 946 2267 sufficienter
966 2245 1018 2267 ex—
1039 2220 1042 2267 Ῑ

262 2286 380 2331 pressis
401 2287 572 2327 habentes,
595 2286 657 2320 illis
676 2287 754 2320 alias
774 2287 806 2320 in
828 2299 886 2321 suo
903 2288 1019 2321 robore

263 2340 497 2384 permansuris,
518 2341 579 2374 hac
590 2340 657 2374 vice
670 2341 849 2378 dumtaxat,
871 2342 1018 2386 speciali·
1038 2351 1042 2382 ι,

261 2399 312 2427 ter
331 2399 362 2427 et
377 2405 527 2438 expresse
539 2394 745 2437 derogamus.
759 2395 929 2428 contrariis
950 2396 1020 2439 qui·
1039 2383 1042 2462 Ι

262 2447 479 2491 buscumque.
497 2448 561 2481 Aut
571 2448 596 2481 si
607 2448 780 2492 aliquibus,
803 2449 1021 2483 communiter

262 2497 311 2530 vel
332 2496 469 2537 divisim,
492 2497 531 2529 ab
552 2497 663 2530 eadem
686 2498 725 2531 sit
754 2498 835 2532 Sede
856 2498 1019 2531 indultum

263 2545 349 2591 quod
370 2546 531 2587 interdici,
554 2547 707 2590 suspendi
727 2548 774 2581 vel
796 2548 1019 2581 excommuni-

263 2594 329 2627 cari
339 2605 404 2628 non
417 2595 551 2639 possint,
563 2606 622 2640 per·
631 2595 739 2629 literas
749 2597 941 2641 apostolicas
953 2607 1018 2630 non

262 2644 554 2688 facientesplenam
574 2650 606 2678 et
625 2656 807 2692 expressam
824 2657 858 2678 ac
872 2646 909 2679 de
922 2646 1019 2679 verbo
1037 2659 1043 2699 ᾖ

1705 221 1768 256 543

1057 297 1096 329 ad
1125 294 1257 328 verbum
1283 293 1321 327 de
1347 292 1471 326 indulto
1500 290 1687 324 huiusmodi
1720 299 1810 323 men-

1058 350 1189 383 tionem.

1102 404 1116 446 §
1144 403 1196 436 ⁴14.
1230 402 1266 436 Ut
1292 407 1399 435 autem
1428 405 1610 444 praesentes
1634 400 1744 432 literae
1774 398 1812 431 ad

1058 457 1203 491 omnium
1219 484 1226 497 ‚
1248 466 1389 499 quorum
1417 455 1566 490 interest,
1590 452 1735 486 notitiam
1756 452 1813 485 dv-

1058 511 1230 551 ducantur‚
1254 521 1312 543 nec
1333 509 1450 553 aliquis
1465 517 1577 541 earum
1598 506 1812 549 ignorantiam

1058 565 1268 610 praetendere
1296 571 1351 597 aut
1376 568 1488 597 contra
1517 572 1570 595 eas
1601 573 1633 595 se
1662 571 1814 594 excusat-s·¹

1057 619 1170 659 valeat,
1193 618 1276 652 dicta
1297 617 1487 651 auctoritate
1509 614 1684 660 apostolica
1703 613 1815 647 statui-

1059 683 1130 706 mus
1155 677 1250 716 atque
1271 671 1478 704 decernimus
1497 676 1531 703 ut
1560 669 1716 713 ipsaemet
1744 667 1815 700 lite-

1060 737 1111 759 rae
1144 726 1191 759 vel
1208 736 1320 759 earum
1342 729 1582 768 transumptum
1607 722 1686 766 (cui,
1717 732 1815 754 manu

1058 779 1173 813 notarii
1199 779 1322 823 publici
1356 777 1536 821 subscripto
1565 782 1597 810 et
1626 775 1731 819 sigillo
1757 774 1816 808 ali-

1059 832 1152 866 cuius
1176 843 1333 877 personae
1365 832 1395 864 in
1421 831 1574 874 dignitate
1601 827 1816 863 ecclesiastica

1059 886 1250 920 constitutae
1268 886 1404 925 munito,
1423 895 1493 918 eam
1506 894 1640 929 prorsus
1660 883 1770 923 fidem,
1784 882 1815 914 in

1060 941 1177 974 iudicio
1189 946 1221 974 et
1238 946 1335 977 extra,
1357 938 1503 973 adhiberi
1521 938 1638 971 debere
1654 937 1814 976 volumus,

1059 1007 1141 1041 quae
1164 996 1239 1039 ipsis
1250 993 1462 1037 originalibus
1482 992 1582 1026 literis
1593 991 1813 1032 adhiberetur,

1059 1049 1083 1082 si
1096 1049 1178 1083 sacto
1191 1055 1221 1082 et
1233 1048 1362 1082 realiter
1382 1046 1623 1090 exhiberentur)
1638 1045 1670 1079 in
1685 1045 1817 1079 basilica

1059 1104 1218 1147 Principis
1229 1102 1458 1147 Apostolorum
1480 1106 1510 1134 et
1530 1101 1665 1134 ecclesia
1681 1101 1713 1134 S.
1727 1101 1818 1134 loan-

1058 1157 1108 1191 nis
1133 1156 1355 1190 Lateranensis
1382 1167 1418 1189 ac
1438 1154 1655 1188 Cancellariae
1679 1154 1816 1198 Aposto-

1058 1212 1138 1245 licae
1158 1211 1254 1244 valvis
1274 1215 1304 1243 et
1323 1211 1391 1243 acie
1412 1208 1522 1253 Campi
1541 1209 1655 1242 Florae
1679 1219 1738 1253 per
1757 1208 1816 1241 ali-

1059 1276 1140 1310 quos
1169 1276 1206 1299 ex
1230 1263 1418 1298 cursoribus
1445 1254 1564 1296 nostris
1588 1263 1814 1307 publicentur,

1060 1330 1173 1353 earum
1193 1318 1340 1362 exemplo
1365 1317 1397 1350 in
1422 1315 1556 1359 singulis
1575 1316 1671 1349 valvis
1694 1314 1726 1349 et
1748 1315 1816 1350 acie

1060 1373 1234 1419 praedictis
1253 1373 1347 1406 affixo
1368 1376 1398 1405 et
1418 1370 1560 1404 dimisso.

1103 1427 1190 1461 Nulli
1206 1437 1282 1470 ergo
1303 1430 1359 1459 etc.

1104 1482 1219 1514 Datum
1239 1481 1360 1514 Romae
1380 1480 1467 1525 apud
1487 1479 1642 1513 Sanctum
1661 1478 1791 1512 Petrum
1805 1505 1812 1519 ‚

1061 1546 1146 1569 anno
1174 1533 1408 1568 lncarnationis
1437 1532 1617 1567 dominicae
1643 1532 1816 1566 millesimo

1060 1589 1318 1634 quingentesimo
1340 1587 1609 1633 quinquagesimo
1629 1592 1817 1628 octavo‚xm

1061 1644 1213 1677 kalendas
1232 1643 1378 1687 augusti,
1402 1643 1609 1687 pontificatus
1635 1641 1736 1675 nostri
1757 1652 1815 1674 an-

1061 1709 1102 1731 no
1127 1708 1168 1731 iv.

1101 1756 1161 1786 Dat.
1185 1757 1229 1786 dio:
1253 1756 1292 1787 ΞΟ
1313 1756 1379 1786 iulii
1397 1756 1484 1792 1558,
1504 1754 1608 1795 pontif.
1632 1764 1708 1784 anno
1725 1763 1761 1784 ιν.

1385 1990 1487 2023 XXIV.

1063 2078 1151 2118 Quod
1169 2078 1286 2118 festum
1305 2077 1339 2110 S.
1352 2077 1529 2117 Domz'm'ci,
1549 2077 1749 2110 institutoris
1761 2076 1818 2110 Or-

1105 2132 1193 2164 dinis
1222 2132 1365 2173 fratrum
1389 2131 1674 2171 Praedicatorum,
1707 2131 1758 2163 die
1788 2140 1819 2163 tv

1106 2187 1247 2230 ‹tuqus-ti,
1267 2186 1323 2218 sub
1337 2186 1459 2229 duplici
1475 2185 1585 2229 officio,
1602 2185 1772 2217 celebretur
1787 2184 1814 2217 1.

1134 2275 1231 2304 Paulus
1252 2276 1393 2312 episeopus
1414 2283 1509 2304 servus
1529 2283 1670 2304 servorum
1690 2276 1752 2307 Dei.

1197 2331 1230 2358 ad
1253 2331 1415 2366 perpetuam
1439 2331 1479 2358 rei
1512 2331 1681 2359 memoriam.

1106 2411 1272 2445 Gloriosus
1288 2413 1320 2445 in
1337 2412 1452 2445 sanctis
1469 2412 1534 2445 suis
1554 2413 1647 2453 Deus,
1669 2413 1724 2456 qui
1745 2423 1816 2446 om-

1062 2464 1113 2497 nia
1124 2471 1278 2509 operatur
1298 2466 1330 2498 in
1350 2466 1513 2506 omnibus,
1527 2467 1683 2509 quosdam
1704 2467 1815 2499 docto-

1100 2556 1106 2580 l
1129 2556 1184 2582 Hoc
1202 2555 1296 2582 festum
1315 2556 1364 2582 sub
1381 2556 1423 2583 die
1444 2557 1459 2583 5
1481 2557 1521 2590 agi
1544 2557 1655 2582 iusserat
1673 2556 1816 2590 Gregorius

1062 2601 1109 2631 tx,
1129 2601 1172 2636 qui
1185 2600 1255 2628 hunc
1267 2601 1392 2629 Sanctum
1405 2603 1579 2629 canonizavit,
1594 2603 1659 2628 utin
1677 2602 1733 2628 eius
1749 2610 1813 2629 con-

1061 2647 1199 2672 §tantone
1216 2648 1338 2677 xL2F1m=
1357 2651 1510 2682 εηρῐεηῒῐαμ,
1531 2651 1594 2674 tom.
1614 2654 1652 2677 ιιι,
1675 2655 1734 2683 pag.
1752 2648 1813 2677 [185.

1827 231 1874 256 An.
1896 229 1925 256 C.
1943 227 2009 256 ¹558

1855 408 1928 427 Foru-..x
1945 408 2013 434 publi—

1828 441 1888 459 candi
1901 440 1953 460 hanc
1964 445 2012 460 eun-

1829 474 1968 491 mintionem.
