2227 3001
53 273 100 302 An.
118 272 146 300 C.
168 272 233 300 ¹55u

61 1402 176 1424 Prohibita>
187 1407 232 1423 eum

47 1440 162 1462 poenarum
194 1434 232 1453 im-

46 1467 152 1493 positione
179 1471 233 1487 eon-

47 1501 79 1519 tr!

63 2102 234 2129 Btuphemantes

50 2134 120 2158 Deum.
130 2134 233 2156 Chi-inum

51 2169 72 2187 n
78 2166 176 2193 spiritum
183 2166 235 2187 Sau-

49 2199 104 2218 etum

906 267 1008 290 lsth's
1028 267 1061 290 III
1082 267 1128 289 PP.

248 320 469 355 intollerabilis
493 319 588 353 divini
614 319 752 352 nominis
780 319 990 363 blasphemia.

246 377 325 410 Cum
347 374 524 408 audivimus
544 374 793 406 sacratissimum
809 373 863 406 Dei
880 379 907 406 et
925 374 993 406 lesu

247 429 360 463 Christi
384 427 509 461 Domini
526 428 625 460 nostri
645 438 775 465 nomen,
795 428 881 471 quod
899 439 996 471 super

247 494 341 516 omne
373 493 490 515 nomen
521 482 671 515 coelestia
695 487 904 521 venerantur,
931 487 994 514 ter-

245 537 358 570 restria
390 536 541 576 adorant,
583 535 706 568 inscrna
744 535 996 568 contremiscunt

245 590 344 634 (quod
377 601 417 622 ne
444 594 562 622 temere
597 589 726 633 quidem
761 601 778 622 a
811 600 993 633 quoquam,

245 648 378 688 propter
397 643 466 676 eius
486 642 714 675 sublimitatem
736 654 771 675 ac
788 642 995 683 maiestatem,

245 697 468 741 usurpandum
486 697 553 740 sit),
577 697 693 740 passim
722 707 894 740 pravorum
920 696 996 728 effc-

245 757 455 795 ratorumque
494 751 662 784 hominum
700 750 832 783 vocibus
874 750 993 790 scindi,

245 816 374 849 unaque
395 817 469 839 cuni
496 805 564 838 cius
588 805 804 838 sanctissimae
829 803 997 837 Genitricis

246 865 276 894 et
299 859 529 892 venerabilium
559 864 743 892 sanctorum
768 864 796 891 et
818 858 996 890 amicorum

246 914 347 957 ipsius
380 913 496 947 summi
530 913 584 946 Dei
618 912 768 953 nomine,
805 911 998 944 detestandis

245 967 453 1012 blasphemiis
490 966 732 1009 maledictisque
776 965 930 1003 lacerari,
964 970 997 997 ut

246 1021 378 1054 minime
404 1021 588 1053 mirandum
622 1020 678 1059 sit,
706 1020 730 1052 si
765 1030 782 1052 a
817 1018 998 1052 chrlstiauis

246 1075 387 1120 populis,
400 1075 431 1108 in
447 1076 541 1109 tantis
557 1074 791 1108 calamitatibus
807 1074 996 1109 constitutis,

247 1130 370 1163 divinae
387 1129 572 1163 iracundiae
597 1129 722 1171 flagella
746 1138 812 1161 non
833 1138 998 1161 amovean-

245 1188 310 1225 tur,
342 1190 511 1228 propterea
532 1184 627 1228 quod,
649 1183 734 1215 iuxta
759 1181 916 1225 Sapientis
950 1181 998 1214 di-

248 1243 347 1271 ctum:
361 1238 386 1271 A
396 1238 453 1271 viri
469 1238 607 1271 multum
623 1236 757 1270 iurantis
769 1236 864 1269 domo
874 1246 938 1269 non
950 1236 997 1269 di-

247 1292 355 1324 scedet
373 1292 478 1335 plaga.

291 1345 305 1387 ξ
325 1345 356 1378 l.
376 1345 479 1383 Quare
496 1355 564 1385 nos,
583 1343 769 1376 huiusmodi
784 1344 998 1376 execrz‘mdum

247 1398 383 1431 abusum
401 1398 495 1431 simul
512 1410 586 1431 cum
599 1398 713 1431 ceteris
725 1398 886 1437 omnibus,
901 1409 999 1442 quan-

247 1456 327 1492 tum,
342 1463 416 1485 cum
438 1452 581 1485 ciusdem
592 1452 647 1484 Dei
667 1451 839 1492 adiutorio,
858 1451 927 1484 fieri
943 1462 999 1495 po-

247 1505 339 1545 terit,
360 1505 518 1549 extirpare
543 1506 695 1545 volentes,
724 1510 757 1537 ut
790 1506 873 1537 hanc
898 1505 998 1548 ipsam

247 1558 381 1599 urbem,
418 1559 618 1592 domicilium
655 1570 691 1592 ac
729 1559 837 1592 sedem
863 1559 1000 1603 Spiritus

248 1612 366 1653 Sancti,
380 1613 530 1646 omuibus
546 1613 797 1656 inquinamentis
813 1614 998 1646 mundatam

247 1676 284 1699 ac
318 1672 546 1710 perpurgatam
569 1667 703 1700 Domino
724 1668 788 1700 Deo
809 1678 868 1711 per
892 1668 999 1700 omnia

247 1719 427 1763 placentem
454 1720 673 1761 exhibeamus,
696 1721 727 1754 in
749 1722 847 1761 hunc,
870 1722 925 1766 qui
950 1732 999 1755 se-

246 1772 377 1816 quitur,
414 1775 559 1813 modum,
592 1775 697 1818 quoad
723 1775 900 1818 praefatum
923 1776 998 1808 hor-

246 1827 364 1860 rendae
389 1827 607 1871 blasphemiae
634 1828 774 1869 crimen,
801 1835 889 1862 motu
924 1841 998 1873 pro-

246 1879 316 1923 prio
327 1886 404 1913 etex
416 1887 503 1915 certa
519 1887 627 1915 nostra
643 1882 773 1916 scientia
786 1888 815 1915 et
827 1883 897 1916 volu
904 1888 999 1921 ntate,

246 1933 391 1967 invocata
414 1934 469 1968 Dei
490 1935 718 1978 omnipotentis
738 1936 868 1975 iustitia,
888 1937 999 1970 decer-

246 1987 366 2029 nimus,
393 1989 562 2022 statuimus
588 1994 618 2022 et
642 1990 842 2024 ordinamus.

291 2041 357 2085 §2
384 2042 646 2086 Blaspliei‘nantes
671 2044 791 2077 scilicet
820 2045 920 2078 Deum
941 2046 998 2079 Pa-

247 2101 328 2129 trem
354 2096 608 2140 omnipotentem
626 2098 671 2131 vel
697 2098 764 2131 eius
786 2099 900 2132 Filium
923 2101 998 2134 Uni-

247 2150 404 2193 genitum,
431 2151 604 2184 Dominum
626 2157 656 2184 et
680 2152 927 2196 lteilempiorem
946 2166 999 2188 no-

248 2209 350 2250 strum
365 2205 469 2237 Iesum
485 2205 659 2247 Christum,
679 2218 734 2239 seu
751 2207 906 2251 Spiritum
923 2209 999 2242 San-

248 2263 352 2300 ctum,
376 2259 423 2291 vel
448 2259 688 2303 particulariter
707 2266 737 2294 et
765 2262 923 2305 explicite,
952 2265 997 2295 wl

247 2312 440 2355 generaliter
460 2318 490 2346 et
506 2314 670 2357 implicite,
696 2315 900 2349 attribuendo
921 2317 999 2349 Diri-

247 2376 307 2399 nae
335 2365 487 2399 Maiestati
524 2378 606 2410 quae
637 2367 681 2400 illi
719 2368 850 2402 minime
885 2380 998 2402 conve-

247 2419 351 2461 niunt,
369 2421 416 2453 vel
443 2422 636 2454 removendo
666 2434 749 2465 quae
774 2434 843 2455 eam
873 2424 997 2465 decent,

248 2473 353 2517 primo
370 2473 516 2513 convicti,
539 2475 564 2507 si
585 2475 694 2508 divites
715 2476 843 2517 suerint,
861 2479 999 2521 compel-

248 2523 357 2556 lantur
375 2522 415 2556 ad
435 2524 622 2557 solvendum
652 2530 742 2558 scuta
765 2526 835 2559 auri
862 2527 1000 2570 quadra-

248 2571 352 2615 ginta,
379 2572 404 2605 si
425 2583 497 2606 vero
523 2584 702 2617 pauperes,
725 2575 845 2608 solvant
871 2576 999 2617 decenn

251 2632 334 2665 quae
353 2620 379 2655 si
394 2628 556 2666 nequeant
570 2633 754 2665 numerare,
774 2624 863 2657 luant
880 2624 911 2658 in
932 2636 1001 2658 cor-

249 2681 338 2717 pore.
366 2671 513 2706 Secunda
538 2672 604 2707 vice
636 2673 799 2716 convictis,
826 2674 998 2713 nobilibus,

1683 254 1746 288 479

1037 319 1106 351 divit
1115 319 1183 351 ihus
1195 317 1256 351 sive
1269 317 1475 362 pauperibus,
1488 316 1673 360 duplicetur
1685 328 1788 361 poena

1038 372 1223 416 pecuniaria
1244 370 1561 416 propertionabiliter
1585 370 1624 403 ad
1654 371 1790 414 primam

1038 426 1222 459 huiusmodi
1259 426 1428 463 mulctam,
1458 430 1553 468 atque
1582 424 1714 468 insuper
1742 425 1790 456 in-

1039 486 1169 512 currant.
1190 479 1353 512 infamiam
1375 484 1403 511 et
1426 478 1658 510 inhabilitatem
1679 478 1718 510 ad
1738 479 1791 511 bc-

1038 533 1151 565 neticia
1177 544 1423 577 quaecumque,
1456 532 1493 564 ad
1522 532 1658 574 gradus,
1688 531 1791 574 digni-

1040 592 1116 620 tates
1136 593 1163 620 et
1185 588 1324 619 honores
1345 586 1547 619 obtinendos.
1571 585 1691 618 Vilibus
1713 597 1790 618 con-

1039 640 1126 672 victis
1152 641 1350 684 perfodiatur
1371 640 1491 682 lingua.
1515 639 1618 671 Tertia
1635 639 1700 671 vice
1717 650 1792 672 con-

1038 694 1127 727 vii-tis
1148 694 1321 733 nobilibus,
1345 701 1408 726 tani
1435 693 1584 726 divitibus
1600 704 1696 736 quam
1714 706 1792 738 pau-

1040 748 1183 792 perihus,
1206 748 1387 792 triplicetur
1403 758 1506 791 poena
1530 747 1715 791 pecuniaria
1740 759 1792 781 re-

1040 802 1187 845 spective,
1217 807 1248 834 ut
1266 813 1374 845 supra.
1400 801 1538 834 Ulterius
1555 801 1616 834 sint
1637 801 1705 845 ipso
1722 801 1792 835 iure

1042 856 1151 900 privati
1178 855 1342 888 beneficiis
1370 855 1593 888 ecclesiasticis
1621 861 1650 888 et
1680 856 1793 889 officiis

1041 910 1310 954 quibuscumque,
1340 910 1558 952 dignitatibus,
1587 909 1697 949 titulis,
1728 920 1793 942 ma-

1040 963 1239 1007 gistratibus,
1272 963 1466 1003 honoribus3
1489 962 1550 995 sint
1577 963 1790 1002 intestabiles,

1041 1024 1103 1051 tam
1129 1018 1227 1050 active
1252 1029 1348 1060 quam
1375 1017 1515 1057 passive;
1548 1017 1609 1050 sint
1635 1017 1794 1050 inhabiles

1040 1072 1078 1104 ad
1112 1072 1280 1105 serendum
1316 1071 1555 1112 testimonium3
1583 1071 1646 1104 sint
1670 1071 1794 1104 banniti

1042 1126 1169 1169 publice
1195 1136 1252 1169 per
1282 1125 1457 1158 triennium
1487 1126 1525 1158 ab
1553 1125 1648 1158 Urbe.
1673 1125 1793 1158 Vilibus

1041 1180 1227 1224 imponatur
1260 1179 1421 1222 fustigatio
1455 1184 1510 1212 aut
1541 1179 1720 1223 deportatio
1755 1179 1795 1212 ad

1042 1233 1187 1267 triremes
1207 1244 1265 1278 per
1288 1233 1476 1273 triennium,
1509 1238 1539 1266 et
1568 1234 1697 1266 exulent
1718 1243 1793 1277 per-

1042 1292 1149 1331 petuo.

1085 1344 1099 1384 3¹
1119 1340 1149 1373 ,3.
1173 1340 1259 1373 Idem
1280 1345 1423 1373 servetur
1438 1344 1550 1372 contra
1565 1339 1793 1384 blaspheman-

1042 1401 1086 1429 tes
1120 1395 1221 1438 ipsius
1261 1393 1387 1428 Domini
1426 1392 1527 1426 nostri
1567 1393 1637 1426 Iesu
1675 1393 1793 1427 Christi

1042 1450 1171 1482 Matrem
1208 1448 1426 1482 beatissimam
1465 1457 1594 1491 semper
1629 1447 1793 1491 Virginem

1042 1504 1183 1536 Mariam.

1086 1559 1100 1601 g
1120 1558 1150 1590 si.
1179 1557 1361 1601 Blasphemi
1390 1556 1422 1588 in
1447 1561 1573 1589 sanctos
1596 1556 1644 1589 vel
1669 1562 1794 1590 sanctas
1859 1574 1948 1597 sancto.
1972 1578 1994 1596 n

1042 1612 1095 1644 Dei
1125 1611 1329 1654 corrigantur
1349 1620 1468 1650 severe,
1492 1609 1624 1643 arbitrio
1645 1610 1793 1644 domino·
1807 1605 1901 1628 ΜΨ·

1042 1675 1113 1698 rum
1134 1664 1290 1703 iudicum,
1312 1663 1420 1696 habita
1440 1663 1563 1696 ratione
1583 1664 1744 1707 qualitatis
1764 1669 1795 1698 et

1041 1717 1202 1761 gravitatis
1230 1716 1387 1757 criminis,
1410 1727 1484 1749 cum
1505 1717 1619 1750 ceteris
1649 1717 1790 1752 circum-

1042 1772 1163 1805 stantiis
1184 1771 1253 1804 iure
1278 1771 1490 1804 attendendis.

1086 1826 1150 1869 §fr
1181 1825 1336 1858 Volumus
1365 1830 1471 1857 autem
1503 1830 1533 1858 et
1559 1825 1728 1859 statuimus
1759 1831 1794 1859 ut
1822 1834 1938 1869 rosnarum
1955 1841 1994 1864 ,p-

1043 1890 1154 1913 onmes
1171 1890 1292 1924 poenae
1318 1878 1525 1923 pecuniariae
1551 1879 1723 1923 exigendae
1739 1892 1793 1924 ap-
1809 1866 1902 1893 ''hcm''

1043 1935 1203 1978 plicentur
1235 1934 1457 1967 tantummodo
1492 1933 1714 1968 sustentationi
1745 1946 1796 1968 or-

1042 1990 1224 2033 phanorum
1246 1988 1414 2032 utriusque
1435 1999 1526 2022 sexus
1547 1989 1795 2023 cathecumeno—

1042 2055 1114 2077 rum
1136 2049 1165 2077 et
1186 2044 1381 2088 puellarum.

1085 2098 1099 2140 g
1119 2098 1150 2130 o.
1169 2097 1293 2130 ludices
1309 2107 1384 2130 vero
1401 2102 1463 2129 tam
1481 2097 1633 2130 horrendi
1654 2103 1685 2131 et
1704 2098 1794 2143 impii
1822 2106 1940 2143 muisdia-tio
1960 2108 1995 2128 in·

1042 2151 1186 2184 eriminis
1211 2151 1403 2195 deputamus
1431 2157 1459 2184 et
1484 2151 1681 2186 instituimus
1704 2163 1793 2186 reve·
1807 2142 1933 2193 ffiffiiffissm
1956 2144 1994 2191 ἐζ

1042 2206 1158 2239 rendos
1174 2206 1322 2239 dominos
1338 2205 1544 2250 inquisitores
1563 2211 1689 2240 nostros
1702 2217 1797 2251 gene·
1809 2202 1952 2228 ⁶¹³⁵⁹¹¹²¹'¹⁰⁵·

1043 2261 1140 2301 rates,
1163 2271 1244 2304 quos
1270 2261 1418 2294 volumus
1448 2271 1540 2304 posse
1569 2261 1685 2295 addere
1705 2273 1797 2306 prae-

1042 2315 1156 2348 stitutis
1183 2315 1294 2358 poenis
1321 2321 1351 2347 et
1378 2315 1514 2348 maxime
1542 2316 1573 2348 in
1595 2327 1743 2360 corpore,
1770 2317 1795 2349 si

1042 2370 1156 2402 modus
1172 2369 1401 2413 blasphemiae,
1416 2369 1456 2402 ob
1468 2370 1667 2413 gravitatem,
1686 2371 1796 2415 impie-

1044 2429 1138 2456 tatem
1164 2424 1210 2456 rel
1233 2424 1399 2463 malitiam⁷
1424 2424 1453 2456 id
1475 2429 1636 2467 exposcat.

1086 2478 1100 2520 ξ
1122 2478 1151 2510 7.
1176 2478 1283 2511 Partes
1304 2478 1493 2511 eorumdem
1514 2478 1719 2511 dominorum
1742 2479 1792 2511 iu-
1835 2495 1940 2524 numm.
1955 2497 1994 2518 d.-

1043 2527 1148 2559 dicum
1161 2532 1255 2560 erunt
1265 2528 1441 2567 declarare,
1454 2528 1478 2560 si
1489 2527 1623 2560 dubium
1634 2533 1792 2567 occurrat,
1808 2527 1908 2549 ⁰¹³‘¹¹¹‘¹¹'·

1044 2575 1096 2619 qui
1120 2575 1254 2616 nobiles,
1278 2576 1332 2619 qui
1354 2576 1471 2620 plebei,
1500 2576 1554 2619 qui
1583 2575 1711 2615 divites,
1738 2576 1793 2620 qui

1045 2636 1202 2669 pauperes
1227 2625 1286 2658 sint
1308 2626 1460 2659 habendi.

1088 2675 1101 2718 ξ
1122 2673 1151 2707 8.
1175 2674 1320 2720 Insuper,
1341 2686 1380 2709 ne
1406 2675 1560 2719 sacrilega
1581 2679 1609 2708 ct
1631 2673 1795 2709 mortifera

1805 264 1853 291 An.
1872 263 1900 291 C.
1922 263 1986 290 ¹5:511

1865 1354 1992 1382 Mariamqut

1808 1386 1922 1413 Virginem,

1212 2795 1230 2823 8
