2227 3001
189 245 237 270 Au.
258 245 286 271 C,
309 247 374 274 ¹5:30

215 2019 325 2040 (jlnulul-ie
342 2020 375 2040 ‹le-

189 2052 315 2076 nugatoriae.

388 309 504 342 porum
525 304 553 332 et
579 299 805 344 episcoporum
831 300 957 334 vicariis
986 312 1042 334 seu
1067 302 1136 334 osti-

388 352 524 386 cialibus
544 353 576 386 in
597 352 818 396 spiritualibus
845 354 1061 395 generalibus,
1080 366 1138 398 per

387 406 562 449 apostolica
597 406 713 449 scripta
750 406 941 439 mandamus
978 412 1138 450 quatenus

387 459 446 502 ipsi
466 460 514 493 vel
535 460 598 492 duo
624 465 678 492 aut
696 470 780 492 unus
802 470 928 501 eorum,
952 471 1011 504 per
1034 472 1067 494 se
1090 463 1137 495 vel

387 513 484 545 alium
513 524 569 545 seu
597 512 695 550 alios,
720 518 903 556 praesentes
928 514 1035 546 literas
1056 520 1086 547 et
1106 516 1137 548 in

387 566 431 599 eis
451 572 598 599 contenta
619 577 856 610 quaecumque,
880 567 934 599 ubi
960 573 987 600 et
1010 569 1139 611 quando

387 630 468 662 opus
487 619 594 659 fuerit,
619 631 655 652 ac
674 631 731 663 pro
748 625 836 663 parte
858 620 987 654 illorum
1005 627 1057 655 aut
1084 623 1140 655 ali-

387 673 479 705 euius
500 684 630 712 eorum,
655 684 736 717 quos
765 674 851 717 ipsae
872 674 983 707 literae
1004 686 1139 709 concer-

388 727 1137 771 nuntetconcernent,solemniterpubbcantes,

387 779 497 823 eisque
513 785 543 812 et
563 791 675 813 eorum
697 781 827 813 cuilibet
850 782 881 814 in
900 783 1084 825 praemissis
1100 786 1141 817 es-

387 833 496 866 sicacis
523 834 716 867 defensionis
742 834 901 878 praesidio
936 836 1138 878 assistentes,

387 887 501 919 saciant
527 888 715 921 auctoritate
744 894 870 927 nostra,
894 900 1006 923 omnes
1026 896 1056 923 et
1076 891 1141 924 sin·

386 942 491 984 gulos,
513 952 594 984 quos
615 947 800 986 praesentes
826 942 937 975 literae
964 946 1141 987 quomodo-

386 995 461 1028 libet
480 1001 682 1028 concernunt
704 1001 731 1028 et
754 1002 970 1037 eoncernent,
993 1004 1026 1030 ut
1048 1009 1142 1042 prae-

387 1049 499 1087 fertur,
519 1049 581 1081 illis
601 1054 630 1082 et
647 1049 678 1082 in
695 1049 740 1082 eis
756 1050 914 1083 contentis
935 1051 1143 1094 quibuscum-

386 1114 448 1146 que
470 1103 603 1146 pacifice
625 1103 687 1135 srui
708 1108 738 1135 et
757 1104 909 1145 gaudere.
928 1104 995 1136 Non
1013 1105 1143 1148 permit-

387 1161 488 1188 tentes
508 1167 621 1189 eorum
643 1156 784 1200 aliquem
811 1157 951 1201 desuper
972 1169 1029 1201 per
1054 1159 1142 1191 loco-

387 1219 458 1242 rum
494 1210 673 1243 ordinarios
712 1221 767 1243 seu
807 1211 886 1243 alios
920 1222 1143 1255 quoscumque

387 1263 628 1306 quomodolibet
651 1264 790 1297 indebite
812 1265 995 1303 molestari,
1018 1272 1143 1309 pertur-

387 1316 455 1348 bari
468 1322 496 1349 et
515 1316 700 1360 inquietari;
714 1318 967 1350 contradictores
983 1319 1143 1361 quoslibet

387 1375 417 1401 et
438 1370 573 1403 rebelles
598 1382 654 1413 per
674 1371 852 1414 praedictas
877 1376 905 1403 et
921 1383 1143 1415 spiaseumque

388 1423 466 1455 alias
481 1424 665 1462 sententias,
685 1436 837 1457 censuras
859 1430 887 1456 et
906 1436 1027 1467 poenas
1043 1426 1144 1458 cecle-

389 1475 541 1517 siastieas‚
568 1489 603 1509 ae
631 1478 725 1510 etiam
755 1477 976 1521 pecuniarias,
1013 1478 1166 1510 illorunr

387 1530 520 1563 arbitrio
551 1531 763 1563 moderandas
779 1536 805 1563 et
829 1531 1036 1574 almlieandas
1065 1532 1143 1564 alia—

388 1595 449 1627 que
484 1590 666 1628 opportuna
702 1585 779 1617 iuris
812 1585 971 1623 remedia,
1004 1586 1145 1629 appella-

389 1639 474 1671 tione
488 1639 674 1683 postposita,
689 1640 980 1683 compescemlo;ac
992 1651 1144 1673 censuras

389 1698 417 1724 et
444 1703 563 1737 poenas
589 1693 781 1736 praedictas,
808 1693 958 1736 legitimis
984 1705 1081 1737 super
1107 1694 1144 1726 iis

390 1745 544 1779 habendis
564 1747 694 1779 servatis
720 1747 944 1790 processibus,
967 1747 1061 1779 etiam
1085 1747 1143 1780 ite-

391 1800 465 1832 ratis
485 1801 607 1833 vicibus
630 1801 851 1843 aggravando,
876 1801 1020 1834 invocato
1047 1802 1142 1834 etiam

389 1853 427 1885 ad
449 1854 522 1893 boc,
541 1854 564 1886 si
583 1865 664 1898 opus
681 1854 787 1892 suerit,
807 1854 924 1887 auxilio
942 1855 1065 1887 brachii
1078 1866 1143 1888 sae-

391 1907 520 1940 cularis.

435 1962 449 2004 {
474 1961 522 1994 to.
546 1961 614 1994 Non
636 1961 836 1994 obstantibus
861 1961 1012 1994 omnibus
1033 1973 1143 2006 supra-

392 2014 494 2053 dictis,
518 2021 570 2047 aut
592 2016 615 2047 si
638 2016 818 2059 aliquibus,
851 2016 1068 2048 cormunniter
1096 2016 1142 2048 vel

391 2068 536 2108 divisim,
572 2069 611 2101 ab
650 2070 760 2102 eadem
796 2069 830 2101 sit
868 2070 947 2101 Sede
982 2069 1142 2101 indultum

392 2123 479 2166 quod
506 2123 672 2163 interdici,
702 2123 853 2167 suspendi
881 2123 927 2155 vel
956 2134 1142 2155 exeommu-

393 2177 493 2209 nicari
530 2188 593 2209 non
629 2177 748 2220 possint
786 2188 842 2221 per
871 2177 979 2209 literas
1013 2183 1142 2221 aposto-

394 2231 469 2262 licas
488 2241 552 2262 non
579 2230 730 2263 facientes
750 2231 878 2274 plenam
906 2236 932 2263 et
961 2242 1141 2274 expressam

392 2295 428 2317 ac
456 2284 493 2317 de
519 2284 616 2316 verbo
641 2284 679 2316 ad
708 2284 840 2316 verbum
867 2284 904 2317 de
931 2284 1055 2316 indulto
1080 2285 1141 2316 liu-

392 2338 529 2371 iusmodi
551 2337 757 2370 mentionem.

434 2392 519 2424 Nulli
540 2402 616 2434 ergo
633 2396 689 2423 ele.

434 2447 548 2479 Datum
569 2446 688 2479 Romae.
710 2446 794 2489 {quid
816 2446 969 2479 Sanctum
998 2446 1140 2483 Petrum,

391 2506 475 2529 anno
508 2495 740 2528 lncarnationis
766 2495 945 2527 dominicae
971 2494 1142 2527 millesimo

390 2545 648 2588 quingentesimo
666 2544 944 2587 quinquagesimo,
961 2550 1070 2576 octavo
1092 2545 1143 2576 lia-

987 247 1166 272 BULLARIUM
1191 246 1342 271 ROMANUM

1542 300 1578 333 ll.

1247 370 1435 402 Iurisdictio
1449 371 1567 402 vicarii
1586 370 1697 413 Papae
1712 370 1745 402 in
1763 370 1870 402 causis

1372 423 1579 456 hebraeorum
1595 424 1631 456 de
1651 424 1742 456 Urbe.

1286 499 1373 527 lulius
1392 499 1460 534 Papa
1485 499 1529 532 111,
1550 501 1628 529 motu
1644 501 1753 536 proprio
1774 502 1827 529 etc.

1224 565 1316 607 Cum,
1342 567 1425 599 sieut
1451 568 1647 612 accepimus,
1673 569 1862 603 universitas
1883 570 1938 603 he-

1182 620 1354 652 braeorum
1373 620 1466 653 Urbis
1482 626 1512 654 et
1528 621 1675 655 homines
1691 622 1777 656 illius
1795 623 1938 666 particu-

1183 675 1275 713 lares,
1312 680 1423 707 contra
1456 686 1585 708 omnem
1624 676 1702 709 iuris
1723 677 1869 710 ordinem
1904 689 1941 711 ac

1184 728 1287 760 bullas
1318 733 1347 760 et
1376 728 1540 772 privilegia
1566 729 1681 763 dilecto
1711 731 1800 763 fratri
1830 736 1940 764 nostro

1183 781 1332 825 Philippo
1360 782 1526 821 Archinto,
1550 783 1744 816 Salutiarum
1773 785 1937 828 episcopo,

1184 841 1310 868 nostrae
1338 835 1431 868 Urbis
1461 846 1496 868 ac
1524 836 1610 869 illius
1635 837 1798 870 districtus
1822 837 1940 871 vicario

1184 888 1338 930 generali,
1359 889 1390 921 in
1411 889 1572 932 praefatos
1591 889 1749 923 hebraeos
1769 890 1940 933 privativae

1186 942 1414 976 iurisdictionis
1431 954 1488 987 per
1504 944 1606 976 felicis
1617 944 1849 978 recordationis
1860 945 1940 978 Pau-

1186 997 1251 1028 lum
1273 997 1391 1041 Papam
1413 997 1556 1037 tertium,
1579 998 1860 1041 praedecessorem
1881 1010 1940 1032 no-

1186 1055 1299 1086 strum,
1322 1060 1487 1089 concessa,
1510 1055 1540 1082 et
1561 1061 1618 1093 per
1651 1061 1710 1083 nos
1737 1051 1938 1094 confirmata,

1185 1103 1409 1140 diversimmle,
1424 1104 1491 1136 sine
1508 1104 1730 1137 iurisdictione
1742 1111 1771 1138 et
1783 1105 1821 1139 de
1842 1107 1938 1147 sacto,

1187 1167 1295 1189 coram
1316 1156 1386 1189 aliis
1405 1156 1632 1197 tribunalilms,
1653 1163 1715 1190 tam
1738 1169 1795 1202 per
1816 1159 1940 1193 univer-

1186 1210 1293 1243 sitates
1313 1221 1410 1254 quam
1438 1210 1661 1254 particulares,
1690 1212 1881 1255 plerumque
1904 1224 1939 1246 ex

1186 1263 1292 1295 otlicio
1313 1263 1437 1303 Curiae,
1459 1269 1487 1296 et
1509 1264 1548 1296 ad
1568 1264 1733 1306 querelam
1754 1276 1791 1297 ac
1816 1266 1940 1309 petitio-

1186 1326 1259 1348 nem
1287 1317 1334 1349 vel
1360 1317 1575 1349 hebraeorum
1605 1328 1660 1350 seu
1691 1317 1940 1352 christianorum

1187 1369 1359 1412 respective
1376 1371 1599 1409 molestantur,
1620 1370 1850 1414 inquietantur,
1870 1383 1940 1416 per-

1188 1423 1375 1463 turlmntur,
1398 1435 1461 1467 quo
1484 1426 1516 1456 tit
1538 1430 1568 1457 ut
1594 1424 1726 1466 iustitia,
1750 1436 1814 1459 non
1835 1427 1940 1460 solum

1187 1477 1271 1510 eirca
1306 1477 1412 1510 civiles
1431 1505 1437 1517 ‚
1474 1490 1581 1511 verum
1622 1479 1717 1511 ctiam
1756 1480 1941 1514 criminales

1187 1542 1298 1564 causas
1327 1543 1421 1564 suum
1450 1532 1593 1565 debitum
1625 1544 1689 1565 non
1715 1534 1868 1567 sortiatur
1894 1535 1940 1568 es-

1188 1587 1317 1622 t'ectum,
1340 1592 1368 1619 et
1395 1586 1572 1619 iurisdictio
1602 1586 1745 1619 eiusdem
1774 1587 1881 1621 vicarii
1902 1589 1941 1621 ab

1187 1639 1256 1672 aliis
1283 1639 1423 1673 indebite
1452 1646 1649 1684 usurpetur,
1680 1651 1754 1673 eum
1783 1641 1882 1675 active
1911 1648 1942 1675 et

1188 1693 1309 1737 passive
1327 1695 1459 1737 praefati
1481 1694 1612 1727 hebraei
1633 1694 1850 1728 iurisdictioni
1865 1695 1941 1729 dicti

1186 1747 1294 1780 vicarii
1315 1748 1409 1781 Urbis
1425 1748 1650 1781 subiiciantur.

1230 1802 1245 1844 g
1265 1801 1296 1833 sl.
1320 1801 1454 1838 Idcirco,
1477 1802 1630 1842 volentes,
1653 1801 1735 1835 sicut
1761 1803 1840 1836 ordo
1861 1803 1941 1836 iuris

1186 1860 1217 1887 ct
1236 1855 1406 1898 aequitatis
1431 1856 1561 1899 suadet,
1589 1861 1623 1888 ut
1649 1856 1730 1889 dicta
1761 1856 1940 1890 iurisdictio

1186 1908 1402 1941 hebraeorum
1424 1909 1460 1942 sit
1479 1909 1622 1942 eiusdem
1633 1909 1741 1942 vicarii
1757 1915 1787 1943 et
1802 1910 1841 1943 ab
1856 1910 1939 1952 aliis,

1188 1968 1314 2005 praeter
1334 1968 1473 1995 mentem
1495 1969 1648 2003 nostram,
1671 1974 1736 1996 non
1752 1969 1939 2007 usurpetur,

1187 2022 1276 2048 motu
1305 2016 1399 2048 simili
1421 2022 1449 2048 et
1480 2027 1516 2049 ex
1546 2021 1631 2049 certa
1657 2022 1765 2049 nostra
1796 2017 1940 2054 scientia,

1187 2080 1251 2102 non
1272 2070 1311 2101 ad
1341 2069 1478 2102 alicuius
1504 2069 1596 2102 nobis
1617 2081 1714 2113 super
1734 2071 1796 2103 boc
1816 2070 1941 2104 oblatae

1187 2123 1350 2166 petitionis
1380 2124 1581 2163 instantiam,
1610 2134 1645 2155 at·
1680 2124 1718 2156 de
1747 2124 1942 2167 apostolicae

1188 2178 1351 2221 potestatis
1367 2177 1579 2221 plenitudine,
1595 2177 1695 2210 dictas
1711 2178 1815 2211 bullas
1830 2183 1861 2211 et
1879 2178 1941 2222 pri-

1186 2232 1297 2274 vilegia
1332 2231 1393 2271 sie,
1430 2236 1464 2264 ut
1498 2231 1715 2275 praemittitur
1733 2259 1739 2269 ,
1776 2232 1940 2275 praedicto

1187 2286 1274 2318 tratri
1296 2291 1405 2318 nostro
1430 2285 1578 2329 Philippo
1599 2285 1717 2317 vicario
1733 2285 1765 2317 in
1785 2286 1941 2319 hebraeos

1186 2350 1359 2380 concessa,
1388 2339 1486 2372 active
1521 2344 1551 2371 et
1585 2339 1705 2382 passive
1732 2339 1813 2372 inter
1833 2339 1937 2384 ipsos,

1186 2393 1269 2426 inter
1289 2393 1369 2426 alios
1394 2393 1516 2437 passive
1541 2398 1685 2431 tantum,
1708 2393 1941 2426 confirmamus

1186 2453 1213 2479 et
1228 2448 1456 2491 approbamus,
1470 2457 1506 2479 ac
1519 2446 1643 2479 roboris
1657 2446 1853 2487 firmitatem,
1863 2458 1940 2491 qua-

1187 2502 1279 2528 tenus
1300 2507 1382 2539 opus
1402 2496 1452 2533 sit,
1475 2495 1654 2529 atrliieimus.

1230 2545 1296 2587 §2
1325 2545 1509 2578 Mandantes
1535 2556 1621 2577 nunc
1650 2551 1680 2578 et
1713 2556 1771 2588 pro
1794 2551 1938 2589 tempore

1953 245 2004 273 An.
2022 246 2048 273 c.
2067 239 2135 273 15⁸0

1967 576 2047 597 Cau-ao
2057 578 2138 598 couni-

1954 609 2049 629 tutionis.

1969 1808 2102 1831 Confirmatio
2111 1809 2141 1831 fa·

1955 1841 2054 1862 cubatum
2078 1844 2139 1863 vica-

1956 1873 1986 1892 rio
2024 1878 2141 1893 eoncessu-

1956 1910 1999 1924 rutn
2016 1905 2073 1924 circa
2090 1909 2141 1925 cau-

1956 1941 1990 1956 nas
2009 1936 2139 1957 iudaeorum.

1968 2549 2065 2570 inhibitio
2082 2549 2137 2571 indt-

1954 2576 2012 2596 ctbus
2028 2575 2090 2597 Urbis
2109 2582 2136 2598 n

391 2595 499 2627 lenitas
520 2593 640 2633 martii,
666 2593 870 2637 pontificatus
892 2593 989 2624 nostri
1014 2604 1098 2624 anuo
1120 2603 1139 2624 i,
1187 2587 1393 2627 existentibus
1413 2595 1515 2626 almae
1534 2594 1626 2626 Urbis
1646 2594 1867 2637 gubernatori,
1885 2606 1939 2627 au-
1953 2604 2135 2624 incaunnudao-

423 2653 481 2683 Dul.
496 2653 542 2682 die
561 2653 597 2683 :³2
616 2652 756 2682 februarii
778 2652 864 2688 1550,
883 2652 984 2690 pontis.
1003 2662 1077 2682 aimo
1096 2661 1111 2681 1.

1186 2645 1279 2678 ditet-i
1300 2644 1469 2684 Cauwrae,
1492 2644 1648 2686 senatori,
1671 2643 1822 2679 Gamerae
1851 2644 1937 2688 Apo-

1952 2635 1997 2660 ran
2016 2635 2039 2650 se
2067 2631 2136 2652 intro·

1952 2659 2042 2680 nuttam.
