2227 3001
175 256 223 285 An.
242 260 270 287 C.
291 260 356 287 ¹535

168 2284 190 2306 Et
203 2286 276 2305 deinde
296 2285 349 2304 ittam

168 2317 268 2343 publii-ari
285 2321 304 2336 et
327 2325 352 2336 e-

168 2354 229 2374 xequi
241 2349 350 2368 tumidam.

416 251 478 286 912

370 319 494 355 nuerat,
505 314 708 353 satistiieeret,
723 313 784 351 edi,
800 318 825 346 et
839 324 895 356 per
906 312 1024 345 dietum
1039 314 1118 345 Mar-

370 379 443 400 cum
465 368 650 411 episcopum
673 372 702 399 et
718 367 873 399 nuncium
890 366 1046 409 publicari
1062 377 1120 410 per

369 421 446 453 alias
465 421 497 453 in
519 422 619 453 forma
640 419 741 452 brevis
762 419 868 451 literas
888 419 1118 462 prohibuitAe

370 474 587 516 postmodum,
614 479 676 505 tam
703 472 818 505 dilecto
836 472 901 504 tilio
922 472 1059 505 llenrieo
1080 473 1117 506 de

370 528 521 566 lleueses,
535 526 677 558 eiusdem
700 525 782 567 regis
806 525 938 565 nuncio,
957 526 994 558 ad
1011 526 1116 568 ipsum

372 579 649 623 praedecessorem
670 578 710 610 ob
744 578 827 610 hanc
848 589 977 611 causam
999 579 1118 621 specia-

370 634 440 664 liter
459 631 626 667 destinato,
637 641 733 673 qnam
746 630 917 662 venerabili
929 631 1023 663 fratre
1036 632 1116 664 Mar—

369 686 433 717 tino
449 684 690 727 archiepiscopo
711 684 947 723 Funcballensi,
961 695 1019 717 suo
1031 686 1115 728 apud

367 737 515 771 eumdem
532 737 809 781 praedm·:ssim-111
829 743 966 776 oratore,
986 738 1112 775 auditis,

366 803 401 824 ac
423 791 571 824 omnibus
591 796 619 823 et
640 791 782 832 singulis,
806 802 887 832 quae
910 802 966 833 per
985 801 1039 823 eos
1059 793 1114 824 ad-

365 855 473 877 versus
498 844 678 887 praedictae
708 844 917 877 absolutionis
933 846 1113 878 concessio-

366 908 438 930 nem
459 903 528 930 acta
548 902 578 930 et
596 898 629 929 in
651 897 777 940 scriptis
797 898 868 930 data
888 898 1025 938 fuerant,
1046 910 1113 931 ina-

365 959 434 983 ture
455 950 673 990 consideratis,
697 951 931 993 sufficientique
951 951 990 983 ad
1007 952 1114 984 omnia

365 1016 400 1036 ex
420 1005 598 1037 urbanitate
619 1004 691 1036 dato
712 1015 877 1047 responso,
892 1005 1007 1047 etquid
1024 1005 1112 1038 adea

365 1068 421 1101 per
441 1058 588 1090 cumdem
602 1068 708 1099 regen]
725 1057 938 1100 replicaretur
958 1069 1015 1101 per
1033 1070 1112 1100 ‹pia-

365 1116 436 1143 tuor
448 1116 612 1143 ineuseset
631 1111 702 1153 plus
723 1121 759 1142 eo
776 1116 951 1153 expectato,
965 1121 1022 1153 per
1036 1112 1113 1145 alias

363 1164 395 1196 in
417 1164 517 1195 forma
543 1164 644 1196 brevis
665 1164 771 1195 literas
796 1164 920 1200 statuit,
943 1165 1113 1197 declaravit

363 1223 390 1249 et
411 1217 511 1249 voluit
531 1217 617 1260 quod
638 1217 748 1248 literae
769 1217 979 1249 absolutiijuiis
1005 1217 1113 1249 liuius-

364 1270 448 1303 modi
482 1270 514 1302 in
535 1269 685 1302 omnibus
705 1275 735 1301 et
754 1280 812 1312 per
832 1270 940 1302 onmia
961 1281 1029 1302 eam
1051 1270 1110 1302 vim

362 1322 634 1356 etauctoritatem
659 1322 825 1362 baberent,
852 1334 889 1355 ae
914 1323 939 1355 si
960 1323 990 1355 in
1014 1334 1111 1363 regno

363 1376 527 1419 praedicto,
541 1375 626 1408 iuxta
637 1375 763 1407 illarum
776 1381 932 1414 tenorem,
944 1376 1111 1418 publicata·

362 1429 504 1461 fuissent.
527 1429 655 1461 Addens
675 1429 761 1471 quod
781 1428 805 1461 si
827 1440 883 1471 per
903 1430 1051 1462 eumdem
1064 1441 1112 1462 re-

361 1493 431 1523 gem
454 1493 490 1514 ac
511 1492 570 1525 per
590 1482 658 1514 eius
678 1482 841 1514 ministros
870 1487 922 1513 aut
955 1483 1111 1525 populun}

362 1536 511 1568 effectum
529 1536 606 1567 soret
629 1540 661 1567 ut
679 1535 831 1577 praedicti
856 1535 925 1567 novi
947 1536 1109 1568 christiani

361 1599 472 1621 secure.
502 1599 565 1620 non
592 1593 719 1630 possent
744 1599 779 1619 ea
807 1588 1002 1631 adimplere,
1030 1600 1111 1631 quae

361 1641 463 1674 dietus
483 1641 711 1685 praedecessor
730 1641 761 1673 in
789 1642 958 1684 praedictis
982 1643 1110 1675 absolu-

363 1695 456 1727 tionis
474 1695 574 1727 literis
598 1695 800 1737 adimplenda
813 1706 880 1727 esse
895 1696 1109 1734 mandaverat,

361 1753 393 1780 ut
415 1748 609 1791 praedictam
631 1748 864 1781 absolutionem
887 1749 1039 1791 consequi
1059 1760 1111 1781 va-

363 1803 475 1840 lerent,
499 1800 557 1844 ipsi
579 1801 789 1833 nibilominus
819 1801 849 1833 in
876 1802 937 1837 eis,
964 1813 1046 1844 quae
1073 1803 1111 1834 ad

363 1859 549 1895 potestatem
570 1854 669 1896 ipsius
686 1854 939 1897 praedecessoris
954 1860 1112 1898 tempora-

364 1909 423 1939 lem
447 1907 657 1950 pertinebant,
685 1908 790 1950 quoad
811 1907 916 1940 sorum
937 1908 1112 1941 contentio-

363 1971 445 1999 sum,
457 1960 593 1993 absoluti
610 1965 637 1991 et
654 1960 746 1993 liberi
763 1971 830 1993 esse
844 1966 1064 1996 eit=nserenturz
1076 1973 1112 1994 ae

364 2014 568 2053 nullomodo,
581 2015 702 2046 ratione
725 2014 962 2057 praedictorum
983 2014 1113 2047 delicto-

365 2078 447 2107 111111,
472 2079 507 2100 ex
529 2072 603 2100 tunc
629 2079 686 2111 per
704 2067 784 2099 viam
807 2068 1021 2111 inquisitionis
1057 2079 1113 2100 seu

365 2119 567 2159 visitationis,
598 2121 759 2153 ordinarie
781 2121 828 2152 vel
849 2120 1110 2157 extraordinarie,

366 2174 524 2205 molestari
546 2174 591 2205 vel
614 2173 782 2216 inipiietari
803 2174 952 2206 valerent.

409 2229 423 2267 ,ξ
443 2226 495 2258 18.
519 2226 668 2258 Mandans
679 2226 779 2260 eidem
797 2227 900 2259 Marco
921 2227 1073 2270 episcopo
1086 2231 1112 2259 et

366 2280 497 2319 nuncio,
511 2280 657 2322 quemad
678 2280 707 2311 id
725 2281 1114 2322 stuwialiterexecutorem

367 2333 585 2372 constitum-ai,
599 2333 696 2376 «mod,
711 2333 779 2365 eius
795 2339 820 2364 et
839 2334 940 2366 dictae
953 2332 1041 2366 Sedis
1057 2343 1115 2365 no-

368 2386 464 2426 mine,
495 2386 580 2418 illius
607 2386 854 2418 declarationem
872 2392 899 2418 et
920 2387 1115 2418 voluntatem

367 2434 564 2475 huiusmodi,
587 2435 645 2467 sub
670 2435 788 2467 eisdem
814 2434 1117 2467 coinminationilnis

368 2489 396 2515 et
414 2483 569 2523 censuris,
592 2483 703 2526 exequi
725 2483 852 2523 sai-eret,
871 2494 952 2526 quae
973 2483 1004 2515 in
1027 2494 1116 2525 prae-

369 2532 459 2565 dictis
478 2532 707 2571 veniaeliteris,
721 2533 780 2565 sub
800 2532 932 2575 plumbo
953 2532 1031 2564 datis
1044 2542 1119 2564 con-

370 2581 561 2614 tinebantur.
576 2582 644 2614 Non
657 2581 854 2614 obstantibus
865 2580 966 2617 dietis,
981 2587 1043 2613 tam
1059 2581 1118 2613 sub

369 2632 499 2665 ulinnbo
527 2641 622 2675 quain
648 2631 681 2663 in
706 2631 807 2663 forma
826 2630 928 2662 brevis
951 2630 1116 2669 emanatis,

964 261 1141 285 Bt'1,t„tn11·.w
1166 261 1314 285 nomxt‘xt

1931 258 2025 287 Anac.
2043 259 2109 287 ¹533

1162 313 1270 352 literis,
1283 313 1550 356 quilms,iltorum
1560 312 1704 347 omniun]
1717 317 1843 346 tenores
1852 323 1911 356 pro

1160 365 1356 399 sufficienter
1367 367 1523 410 expressis
1542 367 1675 406 hahens,
1686 367 1752 410 ipse
1765 366 1912 400 Clemens

1160 419 1388 461 praedeeessor
1403 420 1575 463 derogavit,
1590 420 1768 463 ceterisque
1783 426 1910 453 eontra-

1160 471 1214 503 riis
1236 471 1508 516 quibuscumque.

1204 524 1218 567 g
1239 524 1292 557 19.
1310 525 1517 558 Postmodum
1526 530 1644 565 autent,
1657 537 1731 559 eum
1742 526 1816 558 dicti
1831 526 1910 558 Mar·
1925 538 1961 559 1111-
1973 542 2040 561 autem
2054 539 2109 562 ron-

1160 577 1244 610 tinus
1268 578 1528 621 archiepiscopus
1557 584 1587 611 et
1606 579 1763 612 Henricus
1776 606 1783 619 ,
1813 579 1908 611 etiam
1924 571 2108 629 ἷξξξζῷζεξῗῗζῗ

1158 630 1242 673 apud
1251 641 1308 662 nos
1319 636 1472 670 oratores,
1483 632 1573 664 nobis
1583 632 1797 674 exposuissent
1807 633 1904 675 quod,
1924 634 2108 684 ἓξὲξξῆξᾞᾚι-

1158 684 1231 716 licet
1249 684 1259 706 ¹
1277 685 1366 727 praes.
1385 696 1436 717 rex
1452 686 1675 728 responsiones
1690 697 1763 719 snas
1778 687 1816 719 ad
1834 698 1908 719 cau-
1923 677 2108 730 nime-dicineu-

1157 747 1205 768 sas
1225 737 1403 780 praedictas
1419 737 1565 777 misisset,
1583 743 1774 782 putaretque
1788 750 1907 782 pereas
1923 726 2106 783 {lssggggnpuiffle-

1157 796 1302 823 constare
1322 791 1360 822 ad
1381 791 1614 823 absolutionem
1626 792 1835 834 praedictam,
1849 793 1906 825 sub

1156 843 1257 875 forma
1273 844 1426 887 praefata,
1449 844 1544 876 etiam
1556 845 1673 884 causis,
1691 856 1772 888 quae
1785 845 1906 878 dictum

1156 896 1435 939 praedecessorem
1456 897 1495 929 ad
1511 897 1541 929 id
1557 896 1759 938 induxerant,
1777 908 1842 930 non
1854 898 1908 930 oh-

1155 950 1332 990 stantibus,
1354 950 1485 993 procedi
1506 961 1569 982 non
1594 951 1777 990 debuisset;
1800 956 1906 983 tamen

1154 1003 1228 1046 quia
1239 1004 1400 1047 praefatus
1413 1004 1642 1047 praedeeessor,
1657 1004 1721 1043 eui,
1735 1015 1808 1036 cum
1821 1004 1908 1036 infir-

1155 1056 1262 1088 mitate
1288 1062 1492 1097 gravaretur,
1516 1056 1576 1099 ipsi
1604 1057 1756 1089 Martinus
1781 1056 1906 1090 archie-

1154 1108 1306 1152 piscopus
1326 1115 1356 1142 et
1376 1110 1533 1142 Henricus
1553 1115 1709 1149 oratores,
1731 1110 1833 1153 ipsius
1860 1121 1906 1142 re-

1154 1163 1353 1204 sponsiones,
1376 1174 1458 1206 quae
1485 1169 1628 1206 tempore
1649 1163 1751 1196 dietae
1773 1163 1906 1195 infirmi-

1155 1215 1271 1247 tatisad
1285 1226 1524 1248 eorum-manus
1543 1221 1765 1259 pervenerant,
1779 1216 1905 1249 tradere

1154 1279 1217 1301 non
1229 1274 1410 1312 potuerant,
1425 1268 1570 1302 nesciens
1580 1269 1805 1312 responsiones
1817 1280 1906 1312 prae-

1153 1322 1254 1354 dictas
1269 1322 1387 1355 delatas
1399 1333 1479 1361 esse,
1491 1333 1528 1355 ac
1538 1328 1654 1365 putans
1664 1322 1769 1366 ipsum
1783 1333 1902 1364 regem,

1153 1386 1188 1406 ex
1210 1388 1247 1407 eo
1273 1376 1379 1408 forsan
1408 1377 1495 1419 quod
1521 1387 1635 1409 causae
1660 1376 1842 1419 praedictae
1867 1376 1905 1408 ad

1153 1439 1227 1460 euin
1240 1429 1353 1461 missae
1375 1429 1415 1461 ita
1435 1430 1555 1462 validae.
1577 1429 1762 1462 viderentur
1779 1435 1811 1461 ut
1826 1439 1905 1461 con-

1153 1492 1231 1523 grue
1244 1482 1281 1514 ad
1292 1493 1344 1515 eas
1355 1479 1539 1525 responderi
1552 1494 1614 1515 non
1625 1488 1742 1526 posset,
1754 1483 1838 1526 ipsas
1852 1493 1905 1515 re-

1153 1534 1352 1577 sponsiones,
1370 1540 1532 1578 tamquam
1544 1546 1606 1568 non
1618 1540 1780 1578 urgentes,
1795 1535 1906 1568 missas

1154 1597 1217 1618 non
1238 1598 1317 1623 esse,
1332 1588 1507 1630 praemissa
1528 1588 1558 1620 in
1580 1588 1694 1620 ultimo
1710 1588 1790 1620 datis
1806 1588 1907 1620 literis

1154 1645 1301 1673 contenta
1322 1646 1474 1673 statuerat
1485 1646 1516 1673 et
1530 1641 1742 1679 ordinaverat;
1754 1641 1906 1684 quodque

1154 1704 1210 1725 nos
1222 1693 1447 1737 responsiones
1467 1694 1551 1737 ipsas
1571 1693 1675 1727 debite
1695 1695 1864 1727 attendere,
1876 1700 1907 1727 et

1153 1742 1369 1782 considerare,
1387 1754 1423 1775 ac
1447 1748 1571 1775 mature
1592 1743 1623 1775 in
1639 1743 1699 1776 boc
1713 1744 1853 1786 negotio,
1871 1754 1906 1775 ex

1153 1801 1216 1833 qno
1231 1791 1396 1823 *dietormn
1412 1803 1587 1833 regnorum
1598 1792 1690 1834 quies
1710 1802 1774 1824 non
1790 1802 1905 1835 panum

1153 1839 1331 1881 pendebat,
1355 1841 1526 1882 providero
1541 1841 1707 1879 vellemus,
1726 1840 1810 1884 apud
1833 1850 1903 1879 nos,

1153 1888 1282 1920 nomine
1306 1888 1406 1931 ipsius
1429 1888 1523 1931 regis,
1552 1888 1748 1927 institissent,
1776 1899 1834 1920 nos
1854 1898 1905 1920 re-

1153 1937 1518 1980 sponsionespraedictas
1531 1948 1588 1981 per
1598 1937 1683 1980 ipsos
1695 1941 1838 1969 oratores
1846 1946 1904 1969 no-

1153 1985 1201 2017 bis
1218 1986 1346 2018 traditas
1368 1986 1531 2019 nonnullis
1545 1986 1631 2021 viris,
1655 1985 1811 2021 doctrina,
1831 1984 1907 2018 inte-

1154 2035 1266 2075 gritate
1280 2060 1287 2074 ,
1308 2035 1475 2077 gravitate,
1502 2035 1696 2078 experientia
1720 2033 1879 2066 decoratis
1897 2060 1904 2073 ‚

1155 2084 1380 2117 ‹12xaininandas
1396 2084 1597 2122 tradidimus,
1613 2094 1649 2116 ea
1665 2083 1839 2116 intentione
1858 2087 1904 2122 ut,

1155 2133 1261 2165 habita
1283 2133 1413 2165 illorum
1434 2132 1606 2168 relatione,
1631 2131 1660 2163 in
1684 2131 1745 2164 hoc
1765 2130 1904 2173 negotio,

1156 2186 1247 2224 prout
1263 2182 1300 2213 ad
1321 2186 1465 2213 nostruin
1487 2180 1646 2224 spectabat
1665 2180 1821 2219 osticium,
1835 2191 1909 2223 pro-

1155 2230 1347 2268 videremus3
1359 2230 1499 2272 praefato
1511 2230 1615 2261 Marco
1626 2229 1777 2272 episeopo
1787 2234 1909 2261 61111111-

1157 2279 1218 2317 cio,
1232 2289 1283 2316 ne,
1297 2279 1390 2310 01111111
1412 2278 1516 2319 vigore
1530 2278 1767 2321 praedictarum
1784 2282 1814 2310 et
1828 2289 1908 2321 qua-

1158 2338 1372 2370 rumcumque
1393 2327 1528 2358 aliarum
1551 2326 1715 2359 literarum
1732 2337 1750 2358 a
1765 2326 1908 2370 praefato

1159 2377 1401 2419 praedecessore
1430 2380 1671 2411 emanatarum,
1698 2386 1734 2407 ac
1754 2374 1909 2408 universis

1158 2431 1188 2458 et.
1213 2425 1346 2465 singulis
1366 2424 1403 2456 de
1424 2424 1548 2457 haeresi
1574 2429 1601 2456 et
1637 2435 1654 2456 a
1671 2424 1732 2456 fide
1752 2423 1909 2467 apostasia

1159 2473 1375 2517 culpabilibus
1396 2484 1449 2505 seu
1463 2472 1630 2515 suspectis,
1645 2483 1683 2505 ne
1693 2473 1787 2505 modo
1800 2472 1907 2515 aliquo

1160 2522 1266 2554 literas
1275 2521 1485 2553 absolutionis
1497 2521 1675 2563 publicare,
1688 2526 1753 2560 aut,
1765 2520 1789 2553 si
1802 2519 1907 2564 publi-

1160 2576 1247 2603 catae
1269 2570 1383 2610 forent,
1401 2569 1445 2601 eis
1462 2569 1518 2609 uti,
1537 2568 1780 2612 inquisitoribus
1800 2573 1907 2611 autem

1196 2640 1206 2664 1
1226 2637 1255 2665 P.
1277 2637 1424 2664 Matthaeus
1441 2636 1482 2663 bic
1496 2636 1569 2664 addit
1587 2639 1676 2668 postea
1692 2637 1730 2672 (11.
1751 2637 1801 2671 τ.).
