2227 3001
33 275 81 302 An.
99 274 127 301 C.
149 272 211 300 ¹551

35 1128 137 1150 lndultnm
146 1130 219 1156 dispo—

35 1161 97 1181 nendi
109 1161 134 1181 de
151 1160 218 1183 bonis,

35 1198 106 1213 eorum
128 1192 220 1218 quamvis

35 1223 220 1250 acquisitisextru-

36 1253 103 1274 cubus
140 1253 222 1274 heneti-

37 1287 123 1310 tiorurn‚
132 1292 168 1312 pro
177 1293 221 1306 sru—

37 1316 220 1341 ῑίςᾱιιοὴυειιιιίὶε,

38 1349 101 1368 etiam
133 1349 157 1368 ad
191 1348 220 1368 la-

39 1384 109 1399 vorcm
138 1380 222 1406 incnpav

39 1416 91 1431 cium
108 1410 126 1431 2.

73 2311 175 2333 lnduttnrn
195 2317 231 2333 re—

49 2344 155 2364 missionis
186 2343 231 2364 sru-

49 2378 117 2395 ctunm
125 2375 177 2395 male
187 2380 232 2401 pei·-

49 2408 129 2431 enplnr.
150 2410 170 2425 et
187 2412 229 2425 om—

50 2437 81 2457 nis
96 2437 193 2457 infamiae
212 2440 232 2458 et

50 2472 159 2488 camurae⁴

881 270 982 294 lt'LlUS
1007 270 1039 293 111
1065 269 1111 292 FP.

230 326 362 366 hahere,
384 337 421 359 ac
440 326 479 358 de
498 324 614 358 habitis
630 329 660 358 et
676 324 813 367 receptis
828 325 984 357 solventes

230 379 375 423 quietare
391 383 422 411 et
436 378 586 411 liberare.
605 378 736 411 Necnon
757 378 892 417 fructus,
916 377 986 410 red-

231 432 315 465 ditus
344 437 374 465 et
401 436 574 476 proventus
601 431 808 471 huiusmodi,
831 442 868 463 ac
896 441 927 463 se
956 437 984 463 et

231 496 306 519 suos
325 485 357 517 in
378 484 533 526 ecclesiis,
552 484 755 517 monasteriis
771 490 799 517 et
821 483 986 517 beneficiis

230 538 403 582 praedictis
432 549 636 571 successores
669 548 912 581 quoscumque,
947 536 986 569 ad

231 591 466 625 arrendationis
485 591 672 624 huiusmodi
689 592 733 624 sic
754 591 917 624 faciendae
934 591 988 624 ob-

231 645 440 678 servationem
463 655 522 689 pro
543 644 628 677 dicto
649 645 791 685 biennio,
810 656 884 677 cum
901 645 987 677 clau-

231 698 309 731 sulis
329 703 360 731 et
387 698 637 741 obligationibus
662 698 693 730 in
722 698 838 731 talibus
867 698 987 742 apponi

232 751 344 793 solitis,
367 751 509 794 obligare
536 752 669 795 possint‘,
691 752 859 795 dictaeque
881 762 989 795 perso-

232 816 292 838 nae
317 806 453 845 fructus,
482 805 625 839 redditus
648 810 677 838 et
702 811 875 849 proventus
898 816 989 849 prae-

232 858 334 892 dictos
363 859 401 891 ad
434 858 561 891 firmam
599 869 654 892 seu
683 870 823 891 annuam
858 869 990 901 respon-

232 912 354 946 sionem
382 923 439 955 pro
465 912 550 945 dicto
575 912 705 945 biennio
731 913 875 955 recipere
902 917 931 945 et
948 913 990 944 le-

231 977 316 1006 vare,
344 977 380 999 ac
405 966 436 998 in
462 977 537 999 suos
562 977 640 998 usus
665 971 695 999 et
721 966 889 999 utilitatem
916 976 991 999 eon-

233 1024 355 1053 vertere
376 1020 475 1053 libere
502 1025 529 1053 et
556 1020 641 1053 licite
662 1020 796 1052 valeant.

277 1074 292 1117 ἓ
317 1074 348 1107 7.
376 1074 507 1107 Necnon
534 1078 568 1106 ut
599 1074 637 1106 de
669 1073 762 1106 bonis
792 1073 857 1105 suis
887 1072 990 1105 mobi-

234 1127 318 1160 libus
349 1132 379 1160 et
411 1127 631 1160 immobilibus
665 1138 701 1159 ac
731 1125 988 1166 semoventibus,

235 1181 274 1213 ab
303 1180 420 1214 eisdem
449 1180 656 1225 patriarchis,
684 1179 938 1223 archiepiscopis
963 1184 993 1211 et

237 1234 408 1278 episcopis,
426 1239 490 1267 tam
516 1245 574 1277 per
590 1233 770 1277 praedictas
795 1238 825 1265 et,
851 1233 928 1265 alias
945 1243 993 1265 ec-

237 1287 361 1327 clesias,
388 1287 581 1321 monasteria
606 1293 636 1320 et
661 1286 819 1319 beneficia
844 1285 992 1319 ecclesia-

236 1341 325 1381 stica,
345 1340 625 1384 qualitercumque
646 1340 842 1383 qualificata,
866 1351 924 1383 per
939 1350 993 1372 eos

236 1404 272 1426 ex
297 1394 461 1438 quibusvis
490 1393 783 1437 dispensationibus
811 1393 994 1437 apostolicis

236 1448 481 1490 quomodolibet
501 1449 632 1481 obtenta
657 1452 687 1481 et
711 1447 897 1485 obtinenda3
921 1457 995 1479 nec-

236 1511 301 1534 non
327 1512 363 1534 ex
388 1501 532 1545 ingenio,
560 1501 717 1534 industria
738 1512 774 1533 ac
795 1500 905 1533 labore
929 1499 995 1533 suis

238 1560 268 1588 et
292 1554 370 1587 alias
395 1554 641 1598 quomodolibet
666 1554 749 1587 licite
775 1553 940 1597 acquisitis
965 1559 995 1586 et

237 1608 456 1651 acquirendis,
476 1619 578 1652 usque
603 1608 642 1641 ad
667 1618 828 1640 summam
855 1607 995 1640 duorum

240 1660 378 1695 millium
399 1661 592 1695 ducatorum
609 1661 679 1694 auri
697 1661 728 1693 in
745 1672 836 1701 auro,
855 1661 886 1693 in
903 1670 996 1704 quas-

240 1714 337 1756 libet,
360 1715 456 1748 etiam
481 1726 498 1748 a
524 1715 594 1749 iure
619 1715 803 1748 interdictas
829 1720 859 1747 et
883 1725 995 1759 repro-

239 1769 330 1802 batas
364 1780 538 1813 personas,
574 1774 638 1802 tam
670 1769 753 1802 inter
781 1769 866 1802 vivos
898 1780 994 1813 quam

240 1833 337 1856 causa
367 1823 499 1863 mortis,
528 1833 586 1867 pro
618 1823 708 1856 libito
739 1834 852 1856 eorum
883 1823 996 1856 volun-

241 1876 325 1917 tatis,
345 1882 400 1910 aut
416 1887 473 1921 pro
499 1877 760 1909 remuneratione
781 1877 929 1910 laborum
946 1888 997 1911 eo-

242 1940 327 1970 rum,
355 1930 410 1973 qui
435 1929 480 1963 eis
504 1929 679 1963 viventibus
704 1930 916 1971 inservierint,
935 1931 997 1964 sive

243 1982 304 2016 sint
341 1983 572 2026 consanguinei
607 1983 669 2017 sive
706 1983 774 2023 alii,
800 1990 830 2017 et
854 1985 932 2017 alias
966 1984 998 2017 in

242 2036 312 2080 pios
336 2042 367 2070 et
382 2048 446 2070 non
464 2037 544 2081 pios,
564 2037 640 2070 alias
657 2037 889 2076 tamenlicitos‚
908 2049 996 2079 usus,

243 2089 414 2134 disponere
431 2096 461 2123 et
486 2101 619 2133 erogare
645 2090 745 2124 libere
777 2097 807 2124 ct
837 2091 921 2124 licite
946 2103 999 2124 va-

243 2143 341 2183 leant,
369 2144 557 2177 auctoritate
578 2150 608 2177 et
632 2150 743 2177 tenore
760 2144 944 2188 praedictis,
962 2145 999 2178 dc

245 2196 376 2240 speciali
392 2197 492 2240 gratia
513 2198 730 2241 indulgemus.

290 2251 305 2294 ξ
338 2250 369 2284 8.
401 2251 532 2284 Necnon
563 2251 607 2284 eis
640 2257 668 2284 et
712 2262 824 2284 eorum
870 2252 999 2285 cuilibet

247 2315 360 2337 omnes
391 2310 421 2337 et
450 2305 593 2348 singulos
625 2306 770 2345 fructus,
798 2305 941 2339 redditus
973 2311 1001 2338 et

248 2364 423 2403 proventus
452 2370 509 2402 per
541 2369 616 2399 eos,
648 2370 685 2392 ex
717 2359 871 2391 horarum
904 2359 1001 2393 omis—

249 2412 349 2453 sione,
377 2418 407 2445 et
423 2411 563 2445 indebita
588 2413 798 2457 possessionis
828 2413 1002 2446 beneficio-

249 2476 322 2498 rum
362 2466 641 2509 apprehensione,
678 2478 733 2499 scu
768 2466 1003 2509 cuiuscumque

250 2519 413 2559 criminis,
446 2531 463 2552 a
500 2520 570 2553 iure
608 2521 656 2553 vel
689 2521 728 2553 ab
761 2520 911 2560 homine,
951 2525 1002 2552 aut

250 2574 360 2616 quavis
385 2573 458 2614 alia,
485 2579 785 2616 quantumcumque
810 2572 1003 2615 inexcogita-
1050 2598 1054 2603 .

291 2660 298 2686 ί
319 2658 372 2684 Hoc
391 2658 510 2684 ultssmuni
528 2659 663 2685 remeanti
684 2659 742 2685 rm>
762 2659 791 2687 V.
1025 2672 1030 2714 Ι

1674 254 1736 289 437

1027 321 1081 353 bili
1107 331 1216 359 causa,
1246 318 1386 352 indebite
1413 322 1601 362 perceptos,
1630 316 1725 349 etiam
1751 317 1782 350 in

1029 381 1165 418 utroque
1191 375 1273 414 soro,
1293 372 1499 410 remittimus,
1521 381 1640 412 eosque
1665 370 1704 402 ab
1729 381 1783 402 eo-

1029 439 1100 460 rum
1134 426 1335 459 restitutione
1372 425 1559 458 liberamus.
1596 423 1729 456 Necnon
1768 435 1785 455 a

1029 480 1193 523 quibusvis
1218 485 1390 524 propterea
1415 476 1659 522 quomodolibet
1679 477 1785 509 forsan

1029 534 1167 566 incursis
1189 533 1365 573 sententiis,
1385 531 1529 565 censuris
1554 537 1583 563 ct
1609 530 1720 573 poenis
1736 540 1786 562 cc-

1030 586 1213 619 clesiasticis
1238 586 1432 618 absolvimus
1464 591 1491 617 et
1522 584 1722 622 liberamus,
1750 593 1786 615 ac

1029 640 1194 672 absolutos
1224 645 1250 671 et
1285 639 1437 672 liberatos
1472 638 1538 670 fore
1573 635 1785 675 nunciamus,

1030 703 1226 735 onmemque
1251 691 1460 724 inhabilitatis
1488 696 1519 723 et
1544 690 1694 723 infamiae
1720 699 1787 722 ma-

1031 746 1137 777 culam
1158 744 1220 777 sive
1243 751 1361 784 notam,
1388 756 1423 777 ex
1455 742 1639 788 praemissis
1655 752 1788 786 quomo-

1031 797 1151 830 dolibet
1186 797 1447 841 provenientem,
1475 797 1514 829 ab
1545 796 1590 829 eis
1620 802 1649 829 et
1675 806 1787 829 eorum

1031 851 1173 894 quolibet
1192 851 1321 895 penitus
1345 851 1525 884 abolemus.

1077 906 1091 947 ξ
1121 904 1151 938 9.
1186 904 1366 937 Districtius
1405 904 1588 937 inhibentes
1625 903 1789 947 quibusvis

1032 958 1245 1001 gabellarum,
1276 957 1486 1001 pedagiorum
1511 963 1541 990 et
1565 968 1702 990 onerum
1728 958 1789 990 hu-

1033 1010 1172 1044 iusmodi
1198 1011 1402 1043 exactoribus
1428 1022 1467 1043 ne
1500 1011 1629 1044 eosdem
1660 1011 1791 1054 patriar-

1033 1065 1126 1103 chas,
1168 1065 1431 1108 archiepiscopos
1470 1070 1498 1097 et
1535 1064 1703 1108 episcopos
1744 1064 1791 1096 vel

1034 1128 1147 1150 eorum
1180 1117 1322 1161 aliquem
1356 1124 1468 1150 contra
1502 1117 1719 1161 praesentium
1745 1122 1790 1150 te-

1034 1181 1145 1203 norem
1177 1182 1310 1214 quoquo
1343 1172 1438 1203 modo
1464 1172 1635 1204 molestare
1669 1170 1716 1203 vel
1744 1170 1790 1202 in-

1034 1223 1179 1267 quietare
1206 1230 1425 1268 praesumant.

1079 1277 1093 1319 {²
1118 1277 1171 1310 210.
1201 1278 1243 1309 Ae
1273 1277 1485 1310 decernentes
1520 1277 1618 1320 quod,
1656 1277 1680 1310 si
1714 1287 1791 1310 con-

1036 1329 1134 1373 tingat
1150 1331 1279 1363 eosdem
1293 1331 1503 1373 patriarchas,
1532 1330 1793 1374 archiepiscopos

1036 1389 1063 1416 et
1091 1383 1260 1427 episcopos
1293 1384 1378 1417 dicto
1411 1384 1547 1417 durante
1581 1383 1711 1416 biennio
1737 1383 1793 1416 de-

1036 1437 1170 1477 cedere,
1198 1442 1253 1470 aut
1283 1437 1430 1480 regimini
1463 1443 1493 1470 et
1525 1436 1794 1470 administrationi

1037 1501 1168 1522 suarum
1186 1491 1397 1524 ecclesiarum
1415 1491 1587 1531 cedere,ac
1601 1490 1794 1524 monasteria

1037 1548 1067 1576 et
1082 1543 1239 1577 beneficia
1256 1543 1442 1577 huiusmodi
1458 1544 1536 1576 alias
1552 1543 1795 1587 quomodolibet

1038 1596 1215 1638 dimittere,
1247 1597 1459 1630 nihilominus
1484 1598 1628 1637 fructus,
1651 1596 1795 1630 redditus

1038 1656 1068 1683 et
1089 1657 1262 1694 proventus
1283 1651 1464 1694 praedictos
1481 1662 1539 1695 pro
1560 1650 1644 1684 dicto
1665 1650 1796 1684 biennio

1039 1704 1195 1747 obligatos
1217 1715 1396 1745 remancre,
1409 1710 1439 1737 et
1459 1716 1534 1737 suos
1550 1704 1581 1737 in
1602 1703 1747 1738 ecclesiis
1767 1709 1797 1737 ct

1040 1757 1242 1791 monasteriis
1267 1769 1303 1791 ac
1329 1758 1495 1791 beneficiis
1514 1757 1702 1791 huiusmodi
1722 1768 1795 1791 suc-

1040 1821 1183 1843 cessores
1203 1812 1242 1844 ad
1263 1812 1519 1844 observationem
1541 1811 1729 1845 earumdem
1750 1821 1797 1843 ar-

1040 1865 1267 1897 rendationum
1288 1865 1404 1905 teneri,
1422 1876 1458 1898 ac
1479 1864 1502 1898 si
1524 1876 1556 1898 se
1577 1865 1615 1898 ad
1636 1864 1667 1897 id
1689 1875 1798 1908 perso-

1040 1917 1156 1950 naliter
1177 1918 1381 1961 obligassent.

1085 1972 1099 2014 ξ,
1120 1972 1171 2003 ll.
1196 1972 1326 2005 Necnon
1355 1977 1544 2005 testamenta
1565 1977 1595 2005 et
1615 1971 1797 2015 dispositio-

1041 2034 1096 2056 nes
1117 2024 1301 2058 huiusmodi
1325 2026 1453 2069 plenam
1471 2026 1597 2058 roboris
1613 2025 1798 2057 firmitatem

1041 2077 1186 2111 obtinere
1207 2084 1236 2111 et
1258 2078 1393 2112 firmiter
1413 2078 1574 2111 observari
1600 2078 1729 2112 debere.

1087 2131 1101 2173 ἓ
1122 2131 1173 2164 12.
1199 2132 1366 2165 Praeterea
1396 2132 1483 2175 quod
1512 2131 1723 2175 patriarchis,
1746 2142 1798 2164 ar-

1043 2184 1258 2228 chiepiscopis
1279 2191 1306 2217 et
1336 2185 1496 2229 episcopis
1523 2196 1559 2218 ac
1589 2196 1703 2218 eorum
1729 2184 1799 2218 cui-

1044 2237 1117 2270 libet
1140 2238 1255 2271 milites
1276 2245 1305 2271 et
1326 2240 1449 2282 equites
1469 2239 1640 2272 deauratos
1660 2244 1732 2272 octo
1749 2250 1797 2278 ac,

1044 2292 1083 2324 ad
1105 2292 1204 2324 instar
1231 2292 1318 2325 Sacri
1347 2292 1457 2325 Palatii
1492 2298 1522 2325 et
1551 2293 1650 2325 Aulae
1671 2292 1799 2325 Latera-

1045 2345 1152 2378 ncnsis
1188 2346 1362 2387 comitum,
1395 2357 1620 2390 quoscumque
1659 2345 1800 2378 notarios

1045 2404 1074 2430 et
1102 2398 1290 2432 tabelliones
1318 2388 1528 2442 publicos⁶ac
1558 2399 1680 2432 iudices
1713 2399 1800 2431 ordi-

1048 2451 1154 2485 narIOs
1174 2458 1260 2485 extra
1282 2453 1458 2486 Romanam
1480 2453 1609 2486 Curiam
1627 2452 1756 2486 creandi
1773 2457 1802 2485 et

1047 2501 1253 2541 instituendi3
1290 2513 1326 2535 ac
1361 2502 1481 2535 eisdem
1517 2502 1673 2534 militibus
1711 2501 1803 2534 solita

1048 2550 1192 2593 equitum
1206 2551 1434 2584 deauratorum
1446 2550 1581 2594 insignia
1591 2550 1801 2591 concedendi;

1048 2610 1198 2642 ipsosque
1220 2599 1361 2633 notarios
1390 2605 1420 2633 et
1444 2599 1633 2632 tabelliones
1653 2599 1691 2631 de
1712 2603 1803 2631 nota-

1049 2649 1148 2681 riatus
1175 2654 1203 2682 et
1229 2648 1456 2683 tabellionatus
1484 2654 1514 2682 et
1544 2647 1703 2682 iudicatus
1734 2647 1803 2682 offi—

1424 2753 1431 2768 P

1798 263 1847 288 An.
1865 260 1894 287 C.
1912 257 1977 286 ¹55¹

1818 910 1916 931 lnlnbitto
1935 917 1989 931 cun—

1805 946 1836 964 tra
1855 942 1989 968 gabeltaiiou.

1824 1289 1992 1310 mundationes

1809 1327 1845 1347 pro
1862 1322 1917 1341 dicto
1931 1320 1993 1340 bien-

1808 1354 1843 1372 nio
1854 1352 1991 1378 praeindieant

1809 1382 1976 1403 successoribus.

1833 1993 1945 2014 Praedicta
1960 1999 1998 2014 eu-

1815 2031 1858 2046 rum
1872 2027 2000 2045 testamenta

1814 2056 1906 2076 valeant

1815 2148 2000 2169 lnduhumenaw

1816 2182 1834 2201 dt
1859 2182 1953 2201 notarius
1979 2183 2000 2200 et

1816 2211 1893 2231 milne·
1912 2211 2002 2230 deaura—

1816 2245 1856 2267 tos,
