2227 3001
241 245 289 271 An.
307 245 336 272 C.
358 243 423 271 1556

253 568 338 587 Canicra
351 568 423 593 Αροςι.

241 600 356 619 decimavit
372 599 424 619 tiles

241 637 281 650 nou
317 631 425 650 solventes

242 662 341 681 mvidisss-
357 662 376 680 in
393 661 425 681 di-

241 696 285 711 etas
296 697 381 717 poen-im

481 232 544 269 526

437 296 554 337 venda,
580 296 628 329 vel
657 299 837 340 spectarent
865 298 895 326 et
925 293 1121 336 pertinerent
1150 305 1185 327 ac

437 356 581 394 spectare
611 355 641 383 et
664 349 825 393 pertinere
854 352 984 391 possent
1010 352 1065 380 aut
1088 347 1184 381 debe-

437 409 527 445 rent,
549 415 605 437 seu
638 403 712 447 quia
740 401 957 444 exemptiones
981 406 1011 433 et
1031 400 1185 434 immuni·
1205 419 1206 422 =

437 463 516 491 tates
537 457 695 500 praefatae
711 460 815 488 essent
833 454 940 487 finitae
964 460 993 487 et
1016 454 1182 487 extinctae.

482 512 497 554 ἓ
517 511 547 544 7.
571 511 613 543 Ac
629 509 804 542 successive
825 507 933 541 clerici
953 508 1104 542 Gamerae
1124 509 1186 541 hu-

440 564 577 597 iusmodi
605 574 662 607 per
695 573 808 595 eorum
836 561 1030 594 definitivam
1059 567 1185 595 senten-

438 618 515 650 tiam
526 616 758 649 declaraverint
773 622 801 648 et
818 616 1061 659 procuraverint
1077 626 1188 649 omnes

440 676 470 703 ct
489 670 631 712 singulos
647 669 851 709 feudatarios,
874 669 1035 709 vassallos,
1058 669 1188 713 emphy-

439 728 553 761 teutas,
579 722 779 762 censuarios,
805 722 1093 755 commendatarios
1118 733 1187 755 mo-

439 776 670 815 nasteriorum,
703 775 797 808 etiam
818 774 1088 808 consistorialium
1110 802 1117 816 ,
1153 786 1188 807 ac

439 830 575 862 aliorum
594 828 839 869 beneficiorum,
862 839 989 861 necnon
1002 828 1185 868 livellarios,

439 883 652 916 conductores
686 887 716 915 et
748 882 826 915 alios
854 883 1014 926 praefatae
1038 881 1188 915 Gamerae

438 937 668 980 respondentes
688 941 718 969 ct
738 936 904 975 solventes,
932 941 987 969 aut
1010 935 1130 979 aliquid
1151 936 1189 968 ab

438 1001 475 1023 ea
490 995 769 1033 recognoscentes,
789 1000 845 1022 seu
862 990 954 1022 aliter
969 990 1090 1022 solvere
1108 989 1189 1021 obli-

438 1049 539 1086 gatos,
567 1048 597 1076 et
616 1043 788 1080 debitores,
811 1042 866 1086 qui
887 1048 1020 1076 eatenus
1040 1053 1104 1075 non
1130 1042 1191 1075 sol-

437 1102 547 1129 verant
566 1097 612 1130 vel
634 1108 699 1130 non
720 1096 962 1140 responderant,
983 1107 1036 1128 seu
1055 1096 1191 1138 integra-

439 1149 511 1183 liter
536 1160 600 1183 non
633 1149 884 1193 adimpleverant
913 1149 951 1182 ab
983 1149 1058 1193 ipsis
1087 1149 1192 1181 debita

438 1204 487 1236 vel
503 1203 660 1247 promissa
672 1208 727 1236 aut
744 1208 910 1243 conventa,
930 1214 986 1236 seu
1006 1203 1100 1236 aliter
1115 1214 1193 1246 qua-

440 1257 654 1300 litercumque
671 1262 947 1297 contravenerant,
967 1262 1029 1289 tam
1051 1256 1081 1288 in
1103 1257 1193 1289 omit-

439 1310 536 1343 tendo
561 1321 658 1353 quam
684 1310 715 1343 in
745 1309 994 1346 committendo,
1025 1315 1054 1342 et
1080 1320 1192 1342 eorum

440 1364 618 1408 quemlibet
632 1375 691 1408 pro
712 1363 957 1397 contumacibus
978 1369 1006 1396 et
1029 1369 1063 1396 ut
1083 1369 1193 1397 contu-

442 1427 549 1450 maces
570 1417 765 1461 reputandos
785 1426 864 1456 esse,
888 1427 1007 1459 eosque
1024 1416 1068 1449 sic
1085 1421 1195 1449 contu-

442 1481 549 1503 maces
573 1470 763 1503 sententiam
793 1469 1134 1503 excommunicationis
1159 1481 1195 1503 ac

442 1523 519 1556 alias
530 1534 682 1557 censuras
693 1529 861 1567 etpoenaS,
880 1523 973 1556 etiam
994 1523 1194 1567 privationis,

444 1577 474 1610 in
495 1577 595 1610 literis
621 1577 765 1620 Gregorii
800 1583 830 1610 et
864 1577 1032 1611 Alexandri
1060 1578 1195 1621 praede-

444 1641 607 1664 cessorum
642 1631 828 1664 huiusmodi
853 1642 890 1664 ac
921 1630 990 1674 piae
1020 1631 1196 1665 memoriae

444 1684 532 1717 Pauli
566 1685 669 1729 Papae
707 1685 760 1723 lll,
787 1684 1039 1728 praedecessoris
1074 1685 1194 1725 nostri,

445 1744 554 1771 contra
571 1749 633 1771 non
652 1740 808 1772 solventes
820 1744 850 1772 et
866 1739 1095 1782 respondentes
1107 1750 1196 1783 prae-

444 1794 524 1825 fatae
544 1793 695 1825 Gamerae
717 1798 742 1825 et
768 1794 803 1825 asl
826 1804 908 1836 quae
932 1799 1092 1833 tenentur,
1114 1804 1197 1826 ema-

444 1845 524 1878 natis
541 1851 717 1884 contentas,
743 1846 971 1879 damnabiliter
999 1846 1146 1879 incidisse
1168 1851 1198 1879 rt

444 1899 631 1939 incurrisse,
650 1899 734 1942 ipsos
756 1898 960 1939 feudatarios,
979 1899 1128 1932 vassallos
1144 1905 1198 1933 aut

444 1954 675 1997 emphyteutas,
687 1954 882 1994 censuarios
895 1953 1196 1994 commendatarios,

444 2006 614 2039 livellarios
635 2011 663 2039 et
689 2007 903 2039 conductores
930 2005 1073 2050 aliosque
1095 2006 1197 2040 dictae

445 2059 597 2093 Gamerae
613 2060 843 2103 respondentes
853 2061 899 2092 vel
922 2061 1078 2093 solventes
1089 2066 1139 2093 aut
1159 2061 1197 2093 ab

446 2124 482 2144 ea
500 2113 618 2156 aliquid
638 2119 906 2155 recognoscentes
921 2113 970 2147 vel
985 2114 1062 2146 alias
1076 2114 1198 2146 solvere

446 2165 602 2208 obligatos
631 2172 659 2197 vt
690 2166 869 2205 debitores,
893 2166 947 2210 qui
976 2172 1108 2199 eatenus
1135 2177 1197 2199 non

447 2220 601 2252 solverant
624 2226 675 2253 aut
704 2232 764 2253 non
799 2220 1029 2264 responderant
1059 2221 1106 2253 vel
1134 2231 1197 2253 non

447 2273 694 2317 adimpleverant
721 2274 758 2304 al·
780 2275 825 2307 eis
846 2274 949 2307 debita
972 2275 1017 2307 vel
1041 2275 1198 2318 promissa

447 2331 502 2359 aut
521 2332 687 2362 conventa,
706 2338 759 2360 seu
780 2328 871 2361 aliter
891 2328 1198 2371 quomodocumque

448 2385 728 2415 contravenerant.
753 2386 813 2413 tam
844 2382 874 2413 in
905 2382 1080 2415 omittendo
1101 2393 1196 2424 quam

448 2433 480 2466 in
501 2433 741 2473 committendo,
765 2434 803 2466 ab
824 2446 935 2467 eorum
958 2435 1093 2471 iuribus.
1120 2446 1197 2468 con-

448 2481 619 2519 tractibus,
652 2482 765 2522 feudis,
794 2484 954 2520 censibus,
984 2484 1104 2524 livellis,
1130 2495 1196 2518 mo-

450 2531 612 2570 nasteriis,
637 2531 842 2574 prioratibus,
870 2532 1013 2565 ecclesiis
1046 2539 1074 2566 et
1100 2534 1197 2567 bene-

448 2579 529 2613 ficiis
560 2591 597 2613 ac
630 2580 773 2624 ipsorum
809 2581 1076 2614 monasteriorum
1112 2593 1198 2615 com-

450 2629 584 2662 mendis.
610 2629 835 2673 praerogativis
851 2634 878 2663 et
896 2630 1196 2674 exemptionibuzac
1216 2622 1218 2644 ³
1239 2631 1424 2665 bernatione
1457 2643 1510 2665 seu
1542 2632 1815 2667 administratione
1838 2631 1988 2667 eeclesia-

1031 241 1209 266 BULLARIUM
1233 240 1383 265 ROMANL'M

1991 241 2042 268 An.
2059 241 2088 269 C.
2107 240 2173 269 ¹556

1226 292 1482 326 immunitatibus
1502 303 1627 327 necnon
1654 293 1771 337 regnis,
1794 293 1975 335 ducatibus,

1228 346 1424 387 civitatibus,
1447 346 1575 387 castris,
1595 347 1733 391 oppidis,
1756 347 1861 389 terris,
1882 348 1975 389 villis,

1227 399 1409 433 tenimentis
1422 427 1429 439 ‚
1462 400 1620 433 casalibus
1638 427 1645 440 ‚
1676 401 1813 434 lacubus
1826 428 1833 441 ,
1864 401 1956 445 sylvis
1968 428 1976 441 ,

1205 452 1456 497 ,hospitalib11S,
1479 453 1749 498 praepositatibus
1782 459 1812 488 et
1845 454 1978 498 quibus-

1229 516 1368 549 cumque
1396 506 1465 539 aliis
1485 506 1578 539 bonis
1603 513 1633 539 et
1657 507 1801 548 iuribus,
1824 518 1979 551 corpora-

1229 559 1312 592 libus
1333 565 1362 592 et
1383 559 1641 604 incorporalibus
1664 566 1719 594 aut
1744 562 1979 606 cuiuscumque

1229 613 1360 645 alterius
1377 613 1515 656 generis,
1530 613 1561 646 in
1578 613 1709 647 feudum
1726 615 1851 656 ducale,
1874 616 1980 659 regale

1229 672 1259 699 ct
1270 666 1347 699 alias
1362 666 1615 709 quomodolibet,
1628 668 1735 701 nobile
1752 679 1808 701 seu
1825 668 1978 712 ignobile,

1229 725 1283 753 aut
1300 720 1332 752 in
1349 730 1481 753 censum
1493 720 1769 764 emphyteuticum
1786 727 1979 766 perpetuum

1229 774 1277 806 vel
1301 773 1498 817 temporale,
1529 784 1584 807 seu
1615 774 1653 807 ad
1681 774 1983 819 generationemdet

1230 827 1484 860 nominationem
1495 828 1735 871 respective,vel
1752 828 1828 862 alias
1844 839 1982 873 quomo-

1230 881 1414 924 documque
1440 885 1470 914 et
1497 881 1798 925 qualitercumque,
1829 881 1909 915 datis
1935 883 1983 915 vel

1232 934 1402 973 concessis,
1427 934 1579 967 cecidisse
1600 939 1631 968 et
1648 935 1787 978 privatos
1807 935 1916 977 fuisse,
1948 935 1984 968 il-

1232 987 1402 1030 lorumque
1428 987 1635 1020 commendas
1655 998 1806 1028 cessasse,
1835 988 1982 1033 dictaque

1233 1040 1437 1080 monasteria,
1457 1040 1551 1073 etiam
1568 1041 1812 1083 consistorialia,
1835 1046 1866 1075 et
1884 1041 1982 1075 bene-

1234 1093 1303 1126 ficia
1316 1104 1438 1134 vacare,
1451 1099 1479 1126 et
1493 1104 1604 1127 eorum
1622 1095 1846 1128 concessiones
1857 1106 1893 1129 ac
1909 1106 1983 1129 con-

1233 1152 1353 1181 tractus
1378 1158 1490 1181 omnes
1510 1148 1541 1181 in
1563 1148 1701 1182 favorem
1722 1148 1874 1182 Gamerae
1898 1149 1983 1193 Apo-

1234 1201 1363 1234 stolicae
1384 1201 1509 1241 finitos,
1532 1202 1652 1246 sopitos
1673 1207 1703 1235 et
1723 1202 1877 1236 extinctos
1897 1213 1983 1242 esse,

1234 1266 1360 1288 necnon
1382 1256 1510 1289 eosdem
1532 1256 1766 1300 emphyteutas,
1785 1256 1983 1293 censuarios,

1236 1309 1538 1349 commendatarios,
1560 1309 1748 1351 livellarios,
1772 1310 1986 1344 conductores

1236 1368 1266 1395 et
1291 1362 1370 1395 alios
1397 1374 1621 1407 quoscumque
1645 1363 1806 1408 praefatae
1834 1363 1986 1398 Gamerae

1237 1412 1467 1459 respondentes
1490 1418 1537 1450 vel
1559 1417 1715 1451 solventes
1735 1423 1791 1451 aut
1809 1418 1849 1451 ab
1874 1429 1911 1451 ea
1931 1418 1986 1451 ali-

1237 1470 1314 1514 quid
1348 1476 1634 1514 recognoscentes,
1670 1472 1718 1505 vel
1752 1471 1830 1505 alias
1867 1472 1986 1506 solvere

1237 1524 1403 1567 obligatos,
1421 1529 1476 1557 aut
1488 1524 1659 1564 debitores,
1682 1525 1737 1568 qui
1757 1530 1889 1558 eatenus
1916 1525 1987 1558 iura

1238 1577 1357 1610 eisdem
1387 1577 1458 1610 Sedi
1490 1583 1517 1609 et
1551 1571 1702 1611 Gamerae
1735 1589 1799 1611 non
1830 1578 1985 1612 solverant

1237 1636 1292 1664 aut
1308 1631 1540 1675 responderant
1556 1637 1585 1664 et
1602 1631 1798 1675 integraliter
1813 1642 1878 1665 non
1889 1632 1988 1665 adim-

1238 1685 1401 1728 pleverant
1416 1685 1455 1717 ab
1466 1683 1541 1728 ipsis
1557 1685 1673 1725 debita,
1686 1685 1844 1729 promissa
1858 1686 1988 1719 velcon-

1238 1743 1342 1778 venta,
1357 1744 1407 1771 aut
1431 1737 1508 1771 alias
1527 1738 1808 1783 qualitercumque
1820 1744 1987 1773 contrave-

1239 1798 1369 1832 nerant‚
1388 1798 1451 1825 tam
1474 1793 1505 1825 in
1526 1792 1703 1826 omittendo
1723 1803 1821 1837 quam
1846 1793 1878 1826 in
1906 1797 1991 1827 com-

1239 1845 1416 1885 mittendo,
1446 1846 1587 1887 iuribus,
1619 1846 1848 1887 contractibus,
1874 1846 1988 1887 feudis,

1240 1899 1506 1941 immunitatibus,
1527 1900 1784 1944 exemptionibus
1809 1905 1839 1933 et
1859 1911 1989 1944 praero-

1239 1953 1349 1997 gativis
1365 1953 1536 1998 praedictis
1555 1946 1691 1987 ulterius
1711 1953 1773 1987 frui
1797 1959 1827 1987 et
1850 1954 1990 1998 gaudere

1240 2018 1304 2041 non
1320 2018 1425 2052 posse,
1440 2014 1470 2041 et
1490 2008 1535 2041 eis
1555 2019 1653 2052 super
1668 2007 1730 2042 illis
1742 2013 1934 2052 perpetuum
1951 2007 1989 2040 si-

1240 2061 1373 2094 lentium
1395 2061 1626 2105 imponendum
1648 2072 1726 2095 esse.

1283 2114 1298 2157 ς
1318 2113 1347 2147 8.
1372 2114 1586 2148 Nihilominus
1601 2119 1812 2159 occupatores
1826 2115 1986 2149 honorum

1240 2166 1424 2200 huiusmodi
1448 2178 1484 2200 ea
1504 2168 1671 2201 restituere
1698 2172 1750 2201 aut
1779 2168 1936 2209 revelare,
1959 2173 1986 2202 et

1240 2220 1271 2254 hi
1288 2221 1326 2254 de
1339 2231 1477 2264 quorum
1489 2221 1633 2265 personis
1653 2221 1922 2265 patriarchalibus
1933 2233 1987 2255 seu

1240 2274 1495 2318 metropolitanis
1514 2274 1561 2307 vel
1583 2273 1652 2307 aliis
1677 2274 1916 2308 cathedralibus
1935 2285 1987 2308 ec-

1240 2327 1345 2360 clesiis
1365 2338 1419 2360 seu
1444 2326 1646 2360 monasteriis
1666 2336 1725 2371 pro
1748 2331 1891 2373 tempore
1912 2339 1988 2372 pro-

1239 2380 1293 2413 visi
1310 2381 1418 2414 literas
1434 2392 1530 2425 super
1546 2392 1658 2414 eorum
1677 2380 1911 2426 provisionibus
1926 2381 1987 2414 hu-

1240 2435 1377 2468 iusmodi
1398 2435 1539 2478 expediri
1560 2436 1664 2468 facere
1684 2445 1748 2468 non
1769 2440 1894 2476 curant,
1916 2435 1987 2479 qui·
2003 2438 2187 2488 ἸΟΜᾛἾἾΜΨ

1240 2484 1371 2523 nimmo,
1392 2484 1491 2517 literis
1507 2485 1582 2528 ipsis
1598 2495 1662 2518 non
1679 2484 1830 2528 expeditis
1851 2489 1881 2518 et
1900 2484 1939 2517 ad
1956 2495 1988 2518 se
2003 2473 2083 2519 22:25⁰
2095 2475 2105 2489 ¹¹
2117 2474 2134 2489 ’Β
2148 2474 2187 2488 η’

1241 2544 1305 2567 non
1321 2533 1468 2578 receptis,
1483 2545 1539 2567 seu
1554 2545 1619 2567 non
1635 2534 1746 2568 solutis
1762 2532 1896 2567 annatae
1912 2533 1989 2567 iuri-

1240 2583 1300 2616 bus
1324 2583 1476 2617 Gamerae
1497 2583 1622 2625 debitis,
1645 2583 1684 2617 de
1699 2583 1855 2626 regimine
1875 2588 1907 2617 et
1928 2593 1987 2627 gu-

2044 2126 2188 2154 Occuparet-e-

2003 2158 2105 2179 bonorum
2119 2157 2188 2180 nm-

2004 2190 2082 2210 reudae
2097 2189 2188 2210 Camers

2004 2223 2096 2245 cessant,
2112 2224 2135 2240 ut
2145 2220 2186 2242 htv.

2003 2250 2040 2271 illa
2060 2252 2186 2274 restituere.

2003 2284 2025 2302 et
2034 2282 2112 2308 provisi
2122 2283 2146 2303 de
2154 2287 2188 2302 ec-

2003 2312 2075 2333 elesiis
2090 2313 2188 2337 ingerunt

2003 2349 2026 2364 se
2052 2345 2187 2365 administra-

2003 2375 2055 2395 tioni
2066 2375 2156 2399 illu-um,
2168 2376 2181 2395 tt

2003 2409 2055 2426 teris
2064 2407 2187 2432 apostolici·
