2227 3001
222 269 271 296 An.
290 269 317 295 C.
339 269 403 296 15ὅῇ

250 1070 278 1090 At
298 1070 408 1089 instruen-

224 1102 261 1121 dos
298 1100 407 1125 operarios

224 1134 257 1159 qui
273 1132 354 1151 vincam
369 1130 408 1150 Du-

223 1162 406 1183 miniexcolnntin

223 1194 342 1218 Germania,
363 1199 408 1214 erc-

225 1229 279 1245 ctum
331 1225 407 1245 Romae

225 1256 336 1280 collegium
355 1256 407 1276 Ger-

224 1288 325 1307 manicum
354 1294 408 1307 nuu-

225 1319 347 1345 cupandum.

462 260 527 294 460

1012 267 1189 292 BULLARIL'M
1210 267 1360 291 ROMANUM

421 323 765 366 optimum,omneque
782 323 903 354 donum
922 322 1098 363 perfectum
1115 321 1170 353 de·
1213 320 1254 359 id,
1277 319 1384 363 aliqua
1417 319 1576 351 bonarum
1610 317 1727 350 artium
1761 322 1791 349 et
1819 316 1961 349 sincerae

420 376 551 416 rivatur,
581 376 780 418 ignorantiae
801 380 828 407 et
849 374 999 407 vitiorum
1020 375 1171 407 tenebrae

421 429 651 472 profligantur,
675 439 801 461 errores
821 428 981 460 tolluntur
1000 432 1030 460 et
1051 433 1170 460 morta-

420 483 499 515 lium
512 488 600 516 actus
612 484 642 514 in
656 482 776 514 lumine
788 481 926 514 veritatis
942 480 1169 524 disponuntur,

420 536 546 569 solliciti
568 535 734 568 reddimur
754 539 784 567 et
803 535 936 567 solertes
957 540 989 566 ut
1006 534 1170 567 literarum

421 589 556 622 simulet
575 587 766 621 christianae
785 587 910 631 pietatis
927 587 1040 623 studia,
1058 592 1088 619 et
1103 587 1174 631 qui-

420 643 491 682 bus⁷
510 641 614 674 divina
635 648 826 685 cooperante
855 641 967 684 gratia,
996 641 1174 684 acquiritur

421 695 571 728 scientiae
600 706 672 727 cum
702 695 854 728 charitate
881 695 1072 728 coniunctae
1093 705 1174 727 mar-

422 747 534 791 garita,
558 748 701 786 ubilibet,
733 748 763 780 in
785 748 847 781 illis
868 748 1055 792 praesertim
1077 748 1171 788 locis,

421 812 503 844 quae
531 801 569 834 ad
595 802 748 841 serenda,
775 801 937 844 irriganda
962 807 992 835 et
1017 802 1173 845 multipli-

422 854 634 888 candastudia
647 855 832 888 huiusmodi
857 855 971 888 idonea
992 862 1021 888 et
1046 866 1173 888 accom-

422 907 518 940 moda
538 918 605 941 esse
626 908 871 951 dignoscuntur,
901 908 1041 941 salubria
1070 909 1174 941 incre—

424 966 531 994 menta
551 962 740 1006 suscipiant.

467 1015 481 1057 g
510 1015 542 1048 t.
570 1016 651 1048 Hinc
680 1021 726 1049 est
759 1017 846 1060 quod
871 1027 939 1057 nos,
977 1018 1175 1050 attendentes

423 1074 542 1112 quanta
563 1069 601 1102 sit
621 1070 765 1103 fidelium
786 1077 815 1103 et
837 1077 1043 1104 strenuorum
1060 1082 1174 1115 opera·

424 1122 546 1155 riorum
568 1124 714 1167 penuria,
739 1124 911 1168 praecipue
932 1124 963 1156 in
989 1125 1050 1157 illis
1076 1125 1176 1166 regio-

425 1176 530 1215 nibus,
544 1176 599 1209 ubi
611 1177 716 1209 cultus
730 1188 812 1210 verae
828 1178 991 1220 religionis
1003 1189 1060 1222 per
1074 1178 1176 1211 varias

424 1230 573 1262 haereses
588 1231 724 1263 maxime
738 1231 936 1272 imminutus,
953 1237 983 1264 et
999 1231 1175 1265 catholicae

424 1294 460 1316 ac
480 1294 575 1317 sanae.
604 1284 767 1317 doctrinae
801 1296 927 1318 necnon
953 1286 1033 1319 vitae
1066 1286 1175 1318 lumen

425 1337 532 1370 multis
573 1348 721 1370 errorum
768 1338 908 1371 tenebris
947 1339 1173 1377 obscuratum,

424 1396 647 1434 quantumque
680 1392 872 1425 christianae
912 1392 1108 1434 reipublicae
1147 1398 1175 1424 et

425 1443 499 1477 fidei
528 1445 723 1478 orthodoxae
755 1446 932 1484 conducat,
967 1452 1001 1478 ut
1038 1446 1177 1478 militans

424 1497 479 1530 Dei
492 1497 632 1531 Ecclesia
648 1498 780 1541 ubique,
800 1504 831 1531 et
846 1499 1033 1542 praesertim
1052 1499 1081 1531 in
1099 1500 1176 1532 Ger-

426 1551 542 1591 mania,
561 1551 635 1584 viris
661 1552 834 1596 exemplari
858 1553 920 1585 vita
949 1558 980 1585 et
1009 1553 1176 1586 literarum

425 1604 557 1637 scientia
577 1605 740 1648 praeditis,
764 1617 903 1648 quorum
925 1617 1024 1649 opera
1039 1606 1178 1639 veritatis

425 1658 536 1691 lumen
566 1659 731 1702 protendi,
754 1665 784 1692 et
805 1659 883 1692 illud
911 1660 1106 1693 obumbrare
1128 1660 1176 1693 ni-

426 1717 526 1745 tentes
550 1712 697 1757 dissipari
723 1714 844 1746 valeant
871 1713 902 1745 in
923 1714 1006 1753 dies,
1022 1714 1175 1754 abundet,

427 1771 513 1799 [notu
527 1766 670 1810 proprio,
685 1777 748 1799 non
764 1768 803 1800 ad
819 1768 957 1801 alicuius
973 1768 1065 1801 nobis
1081 1779 1179 1811 super

426 1820 486 1852 hoc
515 1820 639 1853 oblatae
669 1820 830 1864 petitionis
848 1821 1041 1859 instantiam,
1065 1822 1117 1854 sed
1139 1822 1177 1854 de

424 1884 513 1906 mera
530 1874 758 1907 deliberatione
769 1881 797 1907 et
814 1881 899 1908 certa
911 1875 1041 1908 scientia
1052 1876 1177 1911 nostris,

426 1927 464 1960 ad
494 1928 721 1971 omnipotentis
744 1929 796 1961 Dei
821 1929 949 1961 laudem
981 1935 1010 1962 et
1032 1929 1177 1969 gloriam.

426 1992 461 2014 ac
479 1981 578 2024 ipsius
594 1982 757 2014 militantis
768 1982 927 2015 Ecclesiae
944 1983 1178 2019 exaltationem,

428 2040 457 2067 et
477 2034 667 2068 Germaniae
689 2035 853 2079 spirituale
866 2037 1034 2072 auxilium,
1052 2037 1082 2069 in
1096 2038 1178 2069 alma

427 2088 510 2121 Urbe
531 2095 652 2127 nostra,
675 2094 701 2121 et
725 2090 795 2122 loco
818 2090 855 2122 ad
877 2090 907 2122 id
928 2090 1128 2123 convenienti
1150 2096 1176 2122 et

427 2147 501 2185 apto
526 2153 583 2186 per
616 2143 836 2186 infrascriptos
870 2149 1068 2187 protectores
1101 2144 1201 2177 assi-¹

427 2196 564 2238 gnando,
577 2207 676 2230 unum
693 2198 863 2240 collegium
885 2198 1091 2234 scholarium,
1106 2198 1180 2231 Ger-

427 2250 593 2282 manicmn
622 2252 889 2295 nuncupandum,
922 2263 995 2285 rum
1022 2253 1106 2289 dote,
1131 2264 1179 2286 ec-

429 2303 524 2336 clesia
545 2304 591 2336 vel
612 2306 768 2348 cappella,
792 2306 823 2338 in
846 2317 907 2348 qua
934 2307 1048 2340 missae
1069 2312 1097 2339 et
1118 2307 1178 2339 alia

429 2357 533 2390 divina
543 2357 657 2393 officia,
670 2358 753 2391 iuxta
771 2360 933 2403 providam
945 2360 1177 2393 ordinationem

429 2421 542 2443 eorum
559 2411 614 2454 qui
640 2412 766 2455 collegii
793 2414 1059 2455 gubernationem
1081 2415 1178 2447 susei-

430 2464 533 2507 pient,
565 2465 789 2500 celebrentur:
826 2478 951 2500 necnon
990 2468 1177 2504 structuris,

429 2514 594 2555 aedificiis,
627 2516 762 2548 cameris
783 2521 812 2548 et
836 2517 913 2549 locis
933 2528 968 2549 ae
991 2518 1063 2550 dote
1085 2518 1179 2550 simili

430 2563 566 2606 collegio
587 2564 849 2598 convenientibus
875 2571 903 2598 et
924 2567 1124 2607 necessariis,
1149 2568 1179 2599 in

430 2623 494 2655 quo
520 2613 617 2656 aliqui
648 2613 784 2646 nationis
814 2613 1021 2647 Germanicae
1053 2616 1162 2648 iurene

432 2661 549 2695 dociles
569 2668 597 2694 et
618 2662 720 2695 bonae
742 2662 868 2703 indolis,
887 2668 926 2698 et,
948 2663 971 2696 si
993 2663 1060 2696 lieri
1083 2675 1138 2706 pos
1161 2665 1175 2694 ἱ,
1199 2664 1203 2707 j

1213 372 1376 406 doctrinae
1406 370 1564 415 principia
1592 371 1764 410 habentes,
1795 370 1896 402 Deum
1924 369 1961 402 ti-

1215 432 1336 459 mentes
1356 431 1386 459 et
1402 425 1589 467 religionem
1610 425 1757 464 zelantes,
1774 435 1810 457 ex
1827 422 1962 466 regioni-

1214 482 1292 517 bus,
1323 479 1494 523 provinciis
1524 484 1552 511 et
1577 478 1656 511 locis
1676 478 1863 512 Germaniae
1884 477 1962 510 edu-

1215 534 1319 571 cendi,
1347 533 1555 566 instituantur
1570 538 1599 564 et
1615 533 1751 572 alantur,
1769 543 1805 565 ac
1823 530 1915 564 bonis
1935 536 1966 563 et

1216 587 1332 620 sanctis
1353 586 1496 619 moribus
1516 585 1720 623 imbuantur,
1747 595 1873 618 necnon
1893 583 1963 617 lite-

1217 651 1323 674 rarum
1336 646 1365 673 et
1382 640 1451 683 piae
1466 640 1546 672 vitae
1563 639 1667 672 studio
1685 639 1838 672 continno
1854 642 1965 671 vacent

1216 695 1274 728 sub
1296 694 1454 737 magistris
1473 694 1535 726 sive
1557 693 1820 736 praeceptoribus
1841 692 1886 725 eis
1908 701 1966 735 per

1217 748 1349 781 dilectos
1375 747 1457 781 filios
1478 747 1667 781 Societatem
1688 747 1726 780 de
1747 747 1817 779 lesu
1838 756 1964 778 nuncu-

1218 807 1322 845 patam
1358 800 1598 841 constituendis,
1634 800 1688 843 qui
1714 799 1821 832 literas
1853 799 1966 831 huma-

1217 855 1323 888 niores
1340 855 1437 887 trium
1454 854 1637 897 linguarum
1654 853 1783 893 latinae,
1806 863 1920 896 grecae
1935 857 1966 885 et

1217 909 1399 947 hebraicae,
1422 920 1458 941 ac
1484 908 1632 951 logicam,
1654 907 1818 951 physicam
1839 912 1870 940 et
1888 906 1967 939 alias

1218 962 1365 995 liberales
1397 961 1582 1005 disciplinas
1615 966 1645 994 et
1678 961 1809 994 demum
1843 969 1966 993 sacram

1218 1015 1410 1059 theologiam
1435 1015 1563 1059 publice
1588 1016 1695 1057 legant
1719 1019 1749 1048 et
1768 1014 1914 1052 doceant,
1937 1017 1968 1046 et

1217 1069 1294 1102 alias
1312 1069 1455 1112 ipsorum
1474 1068 1670 1102 scholarium
1687 1079 1810 1108 curam,
1824 1066 1966 1110 regimen

1218 1129 1245 1155 et
1267 1123 1589 1162 administrationem,
1611 1122 1643 1155 in
1663 1122 1713 1155 his
1732 1132 1814 1164 quae
1839 1120 1879 1153 ad
1902 1131 1968 1153 mo-

1218 1188 1289 1209 rum
1317 1177 1529 1219 integritatem
1551 1182 1582 1209 et
1605 1175 1691 1209 verbi
1716 1175 1770 1208 Dei
1804 1173 1968 1218 praedica-

1217 1230 1337 1263 tionem
1362 1241 1397 1263 ac
1419 1230 1663 1273 explicationem
1698 1234 1728 1262 et
1755 1228 1796 1261 ad
1825 1227 1966 1261 officium

1219 1283 1382 1316 christiani
1398 1284 1546 1327 pastoris,
1569 1293 1696 1316 necnon
1715 1282 1796 1315 bene
1812 1282 1967 1325 beateque

1218 1337 1385 1370 vivendum
1398 1337 1557 1381 pertinent
1573 1342 1603 1370 et
1618 1341 1772 1380 spectant,
1784 1334 1967 1378 suscipiant,

1219 1396 1258 1431 et,
1280 1390 1376 1423 nullis
1392 1391 1553 1434 parcendo
1573 1389 1747 1429 laboribus,
1763 1393 1921 1433 quantum
1937 1387 1969 1420 in

1219 1444 1264 1477 eis
1286 1444 1393 1484 suerit,
1415 1444 1596 1483 aedificent,
1619 1449 1649 1476 et
1674 1442 1777 1476 divina
1797 1445 1970 1487 praecepta

1220 1509 1333 1531 eorum
1354 1499 1468 1531 animis
1490 1498 1622 1542 infigere
1643 1502 1819 1537 conentur,
1842 1501 1873 1529 et
1891 1495 1970 1529 tales

1220 1563 1252 1585 se
1273 1563 1348 1595 erga
1382 1552 1510 1585 eosdem
1541 1552 1703 1585 scholares
1726 1550 1908 1590 exhibeant,
1935 1554 1971 1582 ut

1220 1605 1279 1649 ipsi
1296 1606 1435 1645 tandem,
1452 1606 1575 1639 divinae
1590 1605 1669 1649 legis
1685 1615 1829 1648 capaces,
1843 1613 1971 1638 necnon

1219 1665 1333 1700 aetate,
1351 1659 1496 1692 doctrina
1513 1665 1543 1692 et
1562 1659 1719 1703 probitate
1740 1658 1868 1699 maturi,
1888 1662 1971 1702 post—

1220 1724 1316 1756 quam
1341 1714 1380 1746 de
1407 1713 1571 1746 beneficiis
1599 1712 1823 1746 ecclesiasticis
1843 1721 1971 1754 compe-

1220 1773 1323 1800 tenter
1340 1767 1456 1810 provisi
1488 1766 1617 1807 suerint,
1639 1772 1703 1799 tarn
1725 1765 1876 1810 intrepidi
1896 1764 1971 1799 fidei

1220 1822 1357 1854 athletae.
1378 1821 1409 1853 in
1430 1832 1503 1854 suas
1519 1821 1666 1862 regiones
1677 1820 1715 1853 ad
1731 1820 1810 1853 alios
1825 1819 1971 1863 exemplo

1220 1874 1299 1907 vitae
1321 1886 1397 1907 suae
1418 1875 1457 1907 ad
1476 1874 1637 1908 Christum
1658 1874 1843 1915 trahendos,
1867 1879 1897 1906 et
1916 1874 1972 1917 qui

1222 1929 1250 1961 id
1273 1929 1427 1961 talentum
1462 1928 1663 1972 acceperint,
1687 1929 1727 1961 ad
1755 1928 1889 1961 verbum
1917 1928 1972 1964 Dei

1199 2013 1201 2020 ,
1223 1982 1474 2026 praedicandum
1501 1987 1530 2015 et
1554 1982 1750 2022 docendum,
1773 1992 1885 2014 curam
1905 1981 1973 2015 ani-

1221 2047 1347 2069 marum
1374 2036 1432 2069 sibi
1463 2035 1666 2069 commissam
1693 2035 1732 2067 ad
1759 2035 1814 2068 Dei
1843 2035 1971 2069 laudem

1222 2095 1249 2121 et
1272 2090 1407 2132 gloriam
1442 2100 1477 2122 ac
1506 2089 1704 2133 spiritualem
1725 2089 1869 2122 fidelium
1899 2099 1972 2133 pro-

1222 2144 1339 2175 fectum
1367 2143 1582 2176 exercendum
1611 2148 1641 2175 et
1660 2142 1969 2182 administrandum,

1222 2207 1347 2230 necnon
1369 2198 1537 2230 haeresum
1560 2197 1660 2229 latens
1683 2207 1841 2229 venenum
1863 2195 1973 2240 depre-

1222 2251 1440 2291 hendendum,
1453 2256 1481 2284 et
1494 2261 1619 2283 errores
1639 2255 1767 2293 apertos
1782 2250 1972 2284 convincen-

1222 2304 1297 2337 dum
1320 2310 1350 2338 et
1374 2305 1605 2343 resecandum,
1634 2315 1671 2337 ac
1705 2304 1844 2347 denique
1876 2304 1971 2338 fidem

1223 2359 1323 2402 ipsam
1341 2359 1412 2392 totis
1427 2358 1546 2391 viribus
1566 2358 1808 2398 defendendam,
1825 2369 1861 2392 ac
1875 2358 1972 2392 verbo

1222 2418 1252 2445 et
1273 2413 1419 2456 exemplo
1440 2412 1670 2456 ampliandam,
1694 2418 1723 2446 et
1744 2411 1798 2445 nbi
1818 2412 1970 2456 extirpata

1223 2467 1291 2507 fuit,
1319 2468 1424 2499 denuo
1453 2467 1657 2511 plantandam
1687 2477 1759 2500 cum
1789 2466 1970 2500 animarum

1223 2517 1334 2556 salute,
1355 2515 1472 2549 remitti
1490 2522 1517 2549 et
1543 2516 1692 2549 destinari
1710 2515 1840 2559 possint,
1865 2521 1972 2550 aucto-

1223 2566 1314 2599 ritate
1334 2565 1521 2609 apostolica,
1535 2572 1646 2599 tenore
1658 2566 1888 2609 praesentium,
1908 2566 1969 2600 eri-

1200 2612 1201 2633 ³
1223 2615 1326 2654 {rimus
1347 2622 1374 2649 et
1398 2615 1605 2648 instituimus.

1266 2667 1280 2707 ς’
1301 2664 1331 2698 2.
1354 2665 1484 2698 Necnon
1509 2665 1641 2699 dilectos
1664 2665 1747 2699 filios
1771 2669 1896 2698 nostros
1909 2663 1970 2698 Ro-

1975 263 2024 289 An.
2043 262 2072 289 C.
2092 262 2158 289 1552
