2227 3001
34 250 83 280 An.
104 249 214 278 c.¹556

47 1603 156 1624 tltausulse
169 1603 219 1624 iifl-

33 1638 110 1656 lantes.

53 1875 145 1902 Deputati
169 1881 221 1896 exe-

39 1910 138 1932 quntum-s
150 1907 221 1927 barum

39 1938 153 1959 literarum.

873 248 990 274 PArLrs
1014 249 1043 273 lv
1068 249 1114 273 ΡΡ.

229 303 344 338 neficia
375 301 607 343 ecclesiastica,
636 313 711 336 cum
741 314 819 337 cura
853 309 882 336 et
912 303 979 336 sine

229 369 319 399 cura,
354 357 530 392 saecularia
560 363 590 391 et
619 358 807 402 quorumvis
823 357 978 391 Ordinum

228 413 402 456 regularia,
431 412 517 457 apud
546 411 664 445 dictam
695 413 809 446 Sedem
831 418 908 446 tunc
927 425 980 445 va-

229 465 334 499 cantia
363 471 394 499 et
412 465 445 499 in
467 471 561 499 antea
584 472 744 503 vacatura.
761 467 925 500 collationi
953 473 980 499 rt
1000 457 1002 468 ⁵

229 520 429 564 dispositioni
450 526 578 554 nostrae
603 532 898 561 reservaverainus,
926 521 981 553 (lv-

229 578 397 607 cernentes
426 585 462 607 ex
488 579 565 607 tunc
596 574 723 607 irritum
758 580 789 607 et
822 574 931 614 inane,
958 573 981 605 ‚si

229 637 322 661 secus
342 639 440 672 super
454 628 503 661 his
519 640 536 661 a
551 639 729 673 quoquam,
748 628 858 673 quavis
874 633 983 661 aucto-

228 681 332 722 ritate,
344 682 482 716 scienter
496 683 543 716 vel
566 683 764 725 ignoranter,
783 681 983 725 contingerit

228 735 388 769 attentari.
407 736 532 777 Nullus,
547 742 675 781 praeter
686 737 826 777 nos,liac
840 736 906 769 viee
923 736 984 769 dis-

228 799 350 833 ponere
376 791 480 834 potuit
501 791 564 824 sive
581 796 698 835 potest,
721 795 752 823 et
767 790 792 823 si
808 790 877 835 ipsa
892 801 984 834 prae-

229 843 372 888 ceptoria
400 844 603 889 dispositioni
632 843 829 888 apostolicae
859 844 982 888 specia-

228 896 303 930 liter
326 898 374 931 vel
404 898 481 931 alias
510 898 703 941 generaliter
731 903 891 931 reservata
919 898 984 931 exi-

230 954 301 990 stat,
325 956 355 984 et
374 952 413 984 ad
434 963 504 985 eam
526 951 729 985 consueverit
749 952 821 996 quis
842 962 899 996 per
920 952 984 985 cle-

229 1003 371 1037 ctionem
391 1005 521 1045 assumi,
544 1005 638 1049 eique
660 1016 739 1038 cura
759 1005 856 1038 etiam
887 1005 984 1038 iuris-

229 1055 411 1092 dictionalis
431 1058 599 1092 immineat
623 1058 818 1098 animarum,
837 1069 911 1091 cum
927 1069 985 1091 an-

230 1111 318 1144 nexis
336 1112 540 1154 huiusmodi,
572 1124 608 1147 ac
629 1113 782 1147 omnibus
809 1112 936 1146 iuribus
956 1117 986 1146 et

231 1165 434 1208 pertinentiis
471 1167 551 1208 suis,
592 1168 770 1211 apostolica
795 1166 986 1200 auctoritate

230 1219 405 1263 praedicta,
428 1220 484 1253 sibi
502 1226 590 1254 motu
607 1220 705 1253 simili
724 1219 933 1260 conferimus,
957 1224 986 1252 et

230 1273 269 1307 de
290 1273 345 1307 illa
365 1273 460 1307 etiarn
486 1273 706 1317 provideinus3
738 1284 879 1318 eumque
899 1273 985 1306 Reli-

229 1327 317 1371 gioni
339 1328 447 1362 Sancti
467 1328 605 1372 Spiritus
626 1328 815 1362 huiusmodi
850 1333 880 1361 et
909 1328 987 1361 dile-

231 1382 288 1416 ctis
307 1383 382 1417 filiis
402 1383 489 1417 illius
509 1383 683 1417 domorum
704 1383 984 1428 praeceptoribus,

229 1437 423 1478 rectoribus,
446 1437 598 1471 fratribus
623 1443 651 1471 et
670 1437 816 1481 personis
837 1438 869 1470 in
893 1448 986 1481 prae-
1006 1437 1008 1447 '

231 1496 397 1536 ceptorem
416 1492 600 1535 generalem
621 1491 842 1535 praeficimus.

277 1545 293 1589 ἓ
312 1545 343 1578 6.
364 1545 591 1585 Dccernentes,
614 1552 709 1589 prout
730 1550 787 1582 est,
810 1544 938 1578 irritum
959 1551 990 1578 et
1007 1559 1009 1577 t

233 1598 341 1640 inane,
353 1598 377 1631 si
395 1608 487 1632 secus
502 1609 600 1643 super
620 1599 669 1632 his
686 1610 703 1632 a
719 1610 895 1643 quoquam,
914 1611 989 1644 qua·
1008 1622 1010 1652 ἰ

232 1652 278 1685 vis
297 1652 498 1693 auctoritate,
517 1653 655 1686 scienter
669 1653 716 1686 vel
728 1653 924 1695 ignoranter,
946 1659 989 1686 at-
1008 1657 1010 1681 ’ἒ

233 1711 390 1740 tentatum
411 1707 518 1740 forsan
538 1712 585 1740 est
605 1707 760 1741 hactenus
776 1707 822 1740 vel
839 1707 871 1740 in
886 1713 990 1751 poste-

235 1770 307 1793 rum
328 1760 498 1804 contigerit
517 1760 676 1794 attentari.

278 1814 293 1857 ᾗ
323 1814 353 1847 7.
384 1813 540 1853 Quocirca
569 1814 806 1848 venerabilibus
839 1814 990 1848 fratribus

235 1867 352 1901 nostris
368 1868 571 1911 patriarchae
588 1868 877 1912 Hierosoly-initam
891 1874 917 1901 et
936 1870 990 1901 Ye-

235 1922 375 1955 nafrensi
396 1933 432 1956 ac
450 1922 576 1956 Polensi
596 1922 755 1966 episcopis
780 1933 838 1965 per
861 1928 990 1966 aposto-

234 1975 296 2009 lica
316 1976 446 2020 scripta,
470 1976 538 2020 pari
561 1982 648 2009 motu
667 1976 858 2009 mandamus
882 1982 991 2019 quate-

234 2041 296 2063 nus
316 2029 376 2073 ipsi
404 2031 452 2063 vel
473 2031 537 2064 duo
558 2036 613 2063 aut
639 2041 723 2063 unus
743 2041 868 2069 eorum,
886 2040 943 2073 per
959 2042 991 2063 se

234 2083 284 2116 vel
303 2083 402 2117 alium
424 2095 481 2117 scu
501 2084 593 2123 alios,
617 2084 767 2117 eumdem
783 2083 990 2117 Franciscuni

235 2138 283 2171 vel
311 2143 555 2182 procuratorem
584 2149 678 2172 suum
709 2137 778 2172 eius
803 2137 934 2171 nomine
960 2138 991 2170 in

237 2192 440 2236 corporalem
473 2191 709 2236 possessionem
750 2190 991 2235 praeceptoriae
1011 2204 1013 2210 ·

236 2245 404 2289 hospitalis
432 2245 618 2279 huiusmodi
639 2257 675 2279 ac
698 2256 918 2285 annexorum,
942 2245 991 2278 iu-

236 2298 388 2343 riumque
408 2305 439 2333 et
458 2300 727 2344 pertinentiarum
752 2299 991 2343 praedictorum

237 2353 392 2386 inducant
418 2354 607 2387 auctoritate
634 2359 754 2393 nostra,
772 2359 802 2386 et
822 2353 993 2386 defendant
1012 2346 1013 2380 i

236 2406 423 2447 inductum,
444 2412 551 2441 amoto
579 2407 692 2441 exinde
716 2407 862 2451 quolibet
881 2407 992 2440 deten-

238 2464 323 2501 tore,
347 2466 444 2504 prout
463 2471 521 2494 nos
541 2461 636 2494 etiam
657 2472 716 2505 per
744 2466 927 2506 praesentes
948 2460 993 2493 in-

239 2509 390 2543 ducimus
405 2514 436 2543 et
454 2520 652 2551 amovemus,
671 2510 822 2543 facientes
843 2509 993 2543 eumdem

240 2558 446 2591 Franciscum
462 2559 510 2592 vel
527 2569 585 2602 pro
601 2569 639 2592 eo
654 2564 900 2602 procuratorem
913 2569 994 2602 prae-

239 2607 360 2640 dictum
377 2608 417 2641 ad
429 2607 684 2652 praeceptoriam
700 2608 867 2652 hospitalis
884 2608 993 2641 huius-

239 2655 337 2692 modi.
353 2662 385 2690 ut
408 2663 454 2692 est
476 2657 587 2699 moris,
610 2657 745 2699 admitti,
764 2656 887 2704 sibique
903 2656 942 2691 de
958 2657 993 2691 il-
1010 2655 1016 2698 j

1668 239 1730 273 517

1022 303 1083 335 lius
1109 312 1145 335 ac
1172 311 1371 335 annexorum
1397 301 1636 346 praedictorum
1664 302 1774 335 fructi-

1022 357 1102 397 bus,
1126 356 1321 396 redditibus,
1345 355 1570 399 proventibus,
1600 355 1723 388 iuribus
1747 361 1775 388 et

1023 410 1268 444 obventionibus
1296 409 1452 443 universis
1486 409 1608 453 integre
1642 420 1776 453 respon-

1024 464 1104 504 deri;
1126 476 1163 498 ac
1183 476 1201 497 a
1217 464 1387 508 praedictis
1403 469 1574 504 conventu,
1594 468 1778 507 praecepto—

1025 519 1125 560 ribusy
1149 518 1329 552 rectoribus
1348 523 1377 552 et
1399 519 1543 562 personis
1564 516 1777 551 obedientiam

1025 578 1055 605 ct
1075 573 1284 605 reverentiam
1306 577 1533 616 congruentes,
1555 581 1682 604 necnon
1698 582 1716 603 a
1731 569 1779 602 di-

1025 626 1115 659 lectis
1135 626 1208 660 filiis
1228 627 1369 660 vassallis
1389 632 1417 660 et
1439 625 1508 659 aliis
1533 625 1667 659 subditis
1694 625 1779 657 eius·-

1025 680 1096 712 dem
1126 679 1292 723 hospitalis
1319 685 1473 713 consueta
1502 679 1627 713 servitia
1656 683 1684 711 et
1711 678 1781 710 iura

1026 733 1084 766 sibi
1101 733 1140 765 ab
1157 733 1202 766 cis
1217 733 1323 766 debita
1340 732 1462 777 integre
1484 731 1636 766 exhiberi.
1651 731 1782 765 Contra-

1027 787 1176 827 dictorcs,
1199 787 1388 820 auctoritate
1408 792 1536 826 nostra,
1567 785 1781 831 appellatione

1027 841 1214 885 postposita,
1238 840 1485 885 compescendo.

1071 895 1085 938 ξ
1101 894 1131 928 8.
1152 895 1221 928 Non
1238 894 1438 928 obstantibus
1454 892 1737 927 constitutionibus
1753 898 1780 925 et

1027 948 1284 982 ordinationibus
1300 948 1492 993 apostolocis
1508 959 1544 981 ac
1568 947 1733 991 hospitalis
1754 951 1781 979 ct

1027 1001 1153 1035 Ordinis
1186 1013 1313 1036 necnon
1334 1001 1508 1046 Religionis
1529 1001 1780 1046 praedictorum.

1028 1056 1230 1096 iuramento,
1261 1056 1506 1090 confirmatione
1533 1055 1707 1100 apostolica
1737 1055 1781 1086 vel

1027 1109 1137 1153 quavis
1158 1110 1308 1144 firmitate
1329 1111 1391 1144 alia
1410 1109 1586 1150 roboratis,
1611 1108 1735 1142 statutis
1755 1113 1781 1140 rt

1028 1163 1338 1204 consuetudinibus;
1368 1163 1541 1207 privilegiis
1561 1173 1691 1207 quoque
1705 1189 1712 1203 ,
1735 1161 1782 1194 in-

1028 1217 1125 1250 dultis
1141 1223 1169 1250 et
1186 1217 1288 1250 literis
1303 1216 1487 1261 apostolicis
1499 1216 1618 1250 eisdem
1634 1215 1782 1259 hospitali

1029 1271 1240 1315 etReligioni‚
1261 1271 1320 1304 sub
1337 1271 1598 1315 quibuscumque
1618 1269 1784 1304 tenoribus

1029 1330 1059 1358 et
1079 1325 1191 1358 formis
1215 1336 1252 1359 ac
1278 1336 1353 1358 cum
1373 1324 1549 1369 quibusvis,
1569 1324 1665 1357 etiam
1689 1323 1782 1356 dero-

1006 1405 1008 1413 ,
1028 1378 1224 1422 gatoriarum
1242 1378 1466 1423 derogatorfis,
1483 1377 1617 1422 aliisque
1629 1377 1785 1410 efficacio-

1030 1433 1119 1466 ribus
1147 1439 1177 1466 et
1202 1432 1337 1466 insolitis
1361 1432 1534 1473 clausulis,
1562 1441 1689 1465 necnon
1715 1430 1784 1463 irri-

1029 1487 1170 1520 tantibus
1190 1492 1219 1520 et
1236 1486 1307 1520 aliis
1326 1486 1480 1527 decretis,
1504 1485 1597 1519 etiam
1623 1490 1713 1518 motu
1743 1484 1783 1517 si-

1031 1541 1098 1575 niili
1122 1546 1175 1574 aut
1197 1540 1274 1574 alias
1294 1539 1538 1585 quomodolibet
1562 1538 1733 1577 concessis,
1756 1544 1784 1570 et

1031 1595 1126 1628 etiam
1147 1594 1267 1628 iteratis
1286 1594 1409 1627 vicibus
1433 1591 1617 1637 approbatis
1638 1598 1665 1625 ct
1692 1591 1784 1624 inno-

1031 1650 1120 1689 vatis,
1148 1649 1209 1682 illis
1235 1648 1435 1692 praesertim,
1459 1647 1589 1691 quibus,
1603 1646 1686 1679 inter
1711 1645 1783 1681 alia,

1032 1703 1135 1737 caveri
1156 1703 1274 1736 dicitur
1294 1713 1443 1746 expresse
1471 1701 1571 1744 quod,
1594 1706 1785 1734 occurri-mi·

1009 1770 1011 1788 i
1031 1758 1194 1791 vacatione
1216 1757 1458 1800 praeceptoriae
1482 1754 1648 1798 hospitalis
1672 1754 1785 1786 huin--

1032 1812 1131 1850 modi,
1160 1810 1315 1855 praedicti
1336 1814 1512 1843 conventus
1532 1809 1720 1841 electionem
1750 1809 1787 1837 (ἓ,-

1034 1866 1141 1897 futuro
1153 1869 1365 1908 przcceptorc,
1377 1862 1476 1907 quibu
1486 1882 1488 1884 -
1498 1862 1541 1893 vis
1553 1861 1788 1905 provisionibu-

1033 1918 1215 1962 apostolicis
1228 1917 1370 1955 >emotis
1388 1928 1460 1949 cuin
1478 1915 1611 1949 consilio
1628 1921 1658 1948 ct
1677 1920 1788 1948 ξιιμ-(η-

1033 1973 1124 2005 ritate
1146 1984 1204 2017 pro
1226 1978 1371 2015 tempore
1388 1970 1549 2003 existentis
1569 1969 1788 2013 ipsiusliospi-

1035 2027 1103 2060 talis
1124 2025 1326 2071 protectoris,
1339 2026 1456 2066 succre3
1469 2029 1499 2058 et
1514 2023 1558 2057 sic
1574 2024 1711 2057 electum
1732 2034 1789 2066 pro

1033 2087 1178 2125 tempore
1205 2079 1349 2114 existenti
1376 2079 1520 2112 Romano
1551 2077 1709 2118 Pontifici,
1733 2088 1790 2122 per

1033 2146 1106 2168 eum
1128 2134 1161 2167 in
1182 2139 1425 2179 praeceptorem
1443 2132 1544 2177 ipsius
1559 2131 1723 2176 hospitalis
1740 2132 1788 2164 ili-

1034 2189 1244 2229 sumendum,
1267 2193 1471 2233 praesentare
1493 2187 1640 2220 debeant.
1669 2186 1790 2225 Quibus

1034 2242 1196 2284 omnibus,
1218 2243 1313 2276 etiam
1334 2242 1372 2283 si,
1395 2253 1453 2286 pro
1470 2242 1599 2275 illorum
1620 2240 1788 2274 sufficit-tati

1034 2297 1252 2340 derogatione,
1276 2296 1315 2329 de
1331 2295 1394 2329 illis
1418 2305 1597 2339 eorumque
1612 2294 1686 2327 totis
1702 2299 1790 2327 teno-

1034 2351 1122 2384 ribus
1142 2351 1307 2394 spccialis,
1331 2349 1497 2394 specifica,
1521 2359 1669 2393 expressa
1690 2353 1720 2381 et
1739 2347 1788 2380 in-

1034 2404 1171 2442 dividua,
1192 2415 1257 2437 non
1274 2409 1382 2437 autem
1403 2414 1460 2447 per
1479 2402 1641 2436 clausulas
1659 2412 1789 2445 gencra-

1035 2457 1080 2490 les
1100 2457 1183 2491 idem
1202 2458 1422 2501 importantes,
1445 2455 1566 2489 mentio
1583 2467 1639 2489 seu
1659 2454 1788 2498 quaevis

1036 2506 1097 2540 alia
1117 2507 1278 2551 expressio
1298 2507 1456 2546 habenda,
1479 2510 1535 2539 aut
1554 2505 1661 2549 aliqua
1676 2503 1787 2546 exqui-

1036 2555 1094 2589 sita
1114 2557 1217 2589 forma
1236 2555 1389 2589 servanda
1413 2561 1506 2595 esset,
1530 2560 1655 2587 tenores
1675 2553 1787 2585 liuius-

1036 2606 1136 2646 modi,
1154 2617 1190 2640 ac
1206 2605 1232 2640 si
1248 2606 1286 2640 de
1307 2605 1402 2639 verbo
1418 2605 1458 2639 ad
1472 2604 1618 2642 verbum,
1635 2602 1713 2635 nihil
1732 2613 1787 2645 pe-

1035 2655 1121 2690 nitus
1141 2655 1258 2690 omisso
1279 2660 1307 2690 et
1332 2655 1435 2690 forma
1457 2654 1487 2688 in
1510 2653 1571 2688 illis
1596 2651 1707 2686 tradita
1729 2651 1786 2686 ob-

1797 247 1972 275 xn.c.1556

1812 906 1924 931 Dese-qm..
1935 912 1973 925 run

1798 939 1870 958 trariav
1878 944 1909 957 um
