2227 3001
245 285 292 310 An.
311 286 338 310 c.
363 287 420 312 ran
484 277 547 311 448

1036 288 1211 311 arrianum
1238 287 1385 310 ROMANFM

1998 288 2045 314 An.
2064 288 2091 314 C.
2115 288 2174 315 {5351

440 347 470 373 et
488 341 558 374 aliis
578 342 639 374 iani
669 342 785 385 ereptis
806 342 1040 381 conseminans,
1063 352 1188 375 necnon
1231 345 1261 372 ct
1281 340 1342 372 alia
1360 341 1453 382 longe
1476 340 1596 374 maiora
1616 341 1648 374 in
1670 341 1748 381 dies,
1772 352 1830 385 pro
1847 340 1982 375 tuitione

440 395 523 427 bello
551 401 661 428 contra
687 396 815 428 eosdem
836 394 992 433 infideles,
1016 400 1079 428 tarn
1105 400 1188 428 terra

439 458 536 490 quam
549 449 640 488 mari,
651 449 801 492 gerendo,
813 448 1015 491 gravissimos
1026 449 1150 481 labores
1159 454 1186 482 et

439 512 593 545 expensas
613 501 816 542 sustinuerit,
839 508 866 534 ct
889 506 952 534 tam
969 502 1001 534 in
1025 502 1187 535 lndiarum

438 565 534 596 «quam
555 554 586 587 in
606 554 730 587 Africae
750 560 778 587 ct
806 555 973 599 Ethiopiae
997 566 1032 588 ac
1048 556 1189 589 Brasiliae

438 607 581 651 partibus
601 608 773 640 nonnullas
797 608 949 647 civitates,
976 609 1108 649 insulas,
1135 621 1190 654 op-

436 661 509 705 pida
530 666 557 693 et
580 662 650 693 loca
670 672 686 693 e
708 661 856 694 manibus
877 661 1053 695 infidelium
1080 664 1190 696 liuius-

437 715 521 747 modi
551 715 715 758 eripuerit,
736 726 847 758 eaque,
865 715 942 748 inibi
968 716 1190 751 christifideles

436 768 595 801 introduci
616 774 647 801 et
666 779 783 801 nomen
800 769 925 802 Domini
942 771 1120 813 praedicari
1143 771 1187 804 fa-

435 822 560 862 ciendo,
583 822 621 854 ad
643 822 784 864 regimen
811 828 936 855 sanctae
958 823 1063 855 Matris
1078 824 1188 857 Eccle—

434 876 497 908 >iao
518 876 632 909 adduci
660 877 896 920 procuraverit,
918 882 949 909 ct
973 878 1010 909 ad
1039 878 1098 911 hoe
1125 889 1187 911 non

434 931 537 962 solum
561 930 589 963 vi
617 935 647 963 ct
672 931 786 968 armis,
818 931 871 963 sed
898 931 1128 964 nonnullarum
1150 933 1187 965 ad

435 984 494 1015 hoc
515 984 554 1016 ab
574 995 611 1017 co
628 984 854 1028 deputaturum
870 985 1053 1017 excellentis
1070 985 1187 1018 doctri-

435 1048 492 1069 nae
508 1042 536 1070 et
553 1038 748 1082 approbatae
763 1038 844 1070 vitae
862 1048 1073 1082 personarum
1090 1050 1187 1083 opera

432 1090 584 1124 continue
600 1096 718 1131 utatur,
730 1096 761 1124 et
772 1096 942 1135 propterca
956 1093 1141 1135 Septonsein
1159 1098 1189 1126 et

432 1143 620 1187 Tingensem
647 1145 797 1185 civitates,
827 1150 857 1177 et
877 1145 1032 1188 oppidum
1056 1146 1093 1177 de
1112 1146 1188 1179 Maz-

432 1208 540 1239 zagam
562 1198 594 1230 in
613 1198 754 1239 Africae,
777 1209 903 1231 necnon
929 1198 1027 1231 Goam
1054 1211 1089 1231 at·
1111 1200 1188 1233 alias

433 1258 534 1284 terras
557 1257 588 1285 et
614 1253 682 1285 loca
710 1252 741 1284 in
767 1252 929 1285 Indiarum
952 1253 1107 1296 partibus,
1131 1266 1189 1298 per

433 1316 506 1338 eun]
537 1311 567 1338 ct
592 1306 661 1339 eius
682 1306 945 1350 praedecessores
970 1307 1150 1349 praedictos
1171 1319 1187 1339 e

434 1359 939 1404 manibusipsoruminfidelium,
958 1371 1021 1393 non
1038 1361 1105 1393 sine
1124 1373 1188 1393 ma-

432 1424 494 1453 gna
513 1413 678 1456 sanguinis
697 1413 999 1457 efflisione,erepta,
1022 1414 1058 1446 ad
1081 1414 1188 1458 reipu-

434 1467 534 1500 {dicae
547 1467 738 1499 christianiae
754 1467 959 1499 commodum
982 1472 1012 1499 et
1028 1467 1182 1500 universa

432 1520 469 1553 lis
485 1520 645 1553 Ecclesiae
661 1520 898 1560 exaltationem,
917 1521 1088 1563 possideat,
1107 1527 1137 1553 et
1155 1527 1187 1554 ut

432 1574 615 1606 mortalium
638 1573 761 1606 animas
781 1573 845 1606 Deo
871 1574 1034 1606 efficacius
1060 1575 1187 1607 lut-risa-

432 1628 506 1667 ciat,
528 1628 559 1660 in
581 1627 771 1667 civitatibus,
795 1627 919 1667 insulis,
942 1621 1045 1661 terris*
1059 1634 1089 1661 et
1110 1629 1187 1661 loeis

432 1681 616 1715 huiusmodi
637 1682 830 1725 quamplura
853 1682 1062 1723 monasteria,
1086 1684 1186 1715 eccle-

433 1735 510 1773 sias,
533 1735 702 1779 hospitalia
728 1740 758 1767 et
778 1735 924 1777 collegia,
946 1736 984 1768 ad
1011 1736 1188 1770 devotionis

434 1789 511 1822 inibi
528 1789 741 1822 habitantium
758 1789 1093 1832 excitationem,erigi,
1108 1791 1186 1823 acin

435 1843 495 1875 illis
515 1843 677 1876 ministros
701 1843 936 1876 ecclesiasticos
964 1844 1123 1877 introduci
1145 1845 1187 1877 se-

434 1892 524 1932 verit,
547 1903 671 1925 necnon
689 1892 802 1925 incolis
818 1898 844 1925 et
865 1893 1099 1926 habitatoribus
1116 1894 1188 1928 civi-

434 1952 533 1979 tatum
547 1973 554 1986 ,
586 1951 745 1979 terrarum
766 1951 796 1979 et
816 1947 961 1979 locorum
988 1947 1186 1986 huiusmodi,

436 2000 649 2033 mediantibus
674 2000 805 2033 diversis
833 2001 969 2044 egregiis
989 2007 1019 2034 ct
1040 2002 1188 2035 fidelibus

436 2053 521 2086 verbi
536 2054 588 2086 Dei
601 2054 895 2093 concionatoribus,
911 2061 942 2087 ut
955 2067 1081 2088 sacrum
1101 2056 1189 2089 Chri-

436 2107 472 2139 r-ti
494 2107 700 2150 Evangelium
713 2109 996 2152 amplect«mentm,
1016 2115 1041 2141 et
1057 2110 1116 2142 sub
1134 2121 1189 2143 no-

439 2166 499 2193 stra
519 2166 550 2193 et
573 2161 716 2193 eiusdem
739 2162 830 2194 Sedis
859 2163 1040 2196 obedientia
1068 2169 1094 2196 et
1118 2175 1190 2208 pro—

438 2214 574 2247 tectione
595 2215 745 2257 degerent
761 2215 841 2248 adeo
864 2216 1036 2249 efficaciter
1061 2229 1191 2261 persua-
1210 2225 1212 2239 ³

438 2267 524 2308 serit,
559 2272 592 2299 ut
626 2278 738 2300 eorum
775 2269 918 2302 infinitus
949 2270 1012 2303 t‘ere
1034 2281 1190 2304 numerus

438 2331 528 2354 sacro
546 2320 747 2364 Baptismatis
771 2322 856 2355 sonte
882 2323 1005 2356 renasci
1036 2324 1188 2362 voluerit‘,

439 2379 649 2419 spereturque
665 2375 881 2408 verisimiliter
898 2377 982 2420 quod
1001 2377 1083 2409 idem
1103 2377 1192 2410 loan-

439 2438 495 2461 nes
514 2438 580 2467 rex,
603 2427 640 2459 ad
661 2438 757 2471 quem
780 2434 897 2472 spectat
920 2430 1001 2463 bella
1029 2430 1097 2474 ipsa
1117 2441 1192 2463 con-

438 2487 487 2514 tra
507 2480 653 2514 infideles
673 2482 869 2525 praedictos,
894 2488 954 2515 tam
983 2489 1066 2517 terra
1095 2496 1191 2527 quani

442 2530 533 2569 mari,
548 2535 575 2563 et
587 2535 650 2562 tam
667 2530 858 2564 offendendo
871 2544 965 2575 quam
979 2534 1190 2574 defendendo,

1232 399 1262 426 et
1277 398 1449 436 augmento
1465 393 1657 427 christianae
1674 394 1848 437 religionis,
1869 395 1981 428 facturi

1232 452 1304 479 sint.

1275 500 1336 543 §fr
1351 500 1424 539 Nos,
1447 500 1644 534 attendentes
1659 502 1756 544 quod,
1779 502 1803 535 si
1820 502 1984 545 magistra·
2020 510 2043 531 [ι
2063 510 2180 532 Lusitaniae

1232 558 1282 586 tus
1302 554 1488 586 militiarum
1513 554 1709 595 huiusmodi,
1735 555 1790 598 qui
1810 555 1983 599 aliquando
1998 542 2184 595 ἶῖῗωῧῗῗιῗᾱξῗὲζ

1232 618 1290 651 per
1321 608 1481 640 Romanos
1513 607 1683 640 Pontifices
1720 609 1983 652 praedecessores
1998 606 2184 657 fss¹f¹j3¹”{f'2¹³¹¹c‘nffij

1233 665 1357 693 nostros
1378 660 1506 702 regibus
1526 661 1740 703 Portugalliae
1770 667 1800 694 et
1819 662 1984 705 Algarbio-
1998 673 2063 687 'ware
2101 671 2183 694 rus-‘¹¹¹¹

1233 724 1303 746 rum
1332 713 1517 746 huiusmodi
1539 725 1594 746 scu
1620 725 1732 747 eorum
1763 715 1983 759 primogenitis
1999 704 2182 750 fissssm'i..÷lis'}¹iil

1232 772 1285 799 aut
1305 767 1375 799 aliis
1396 767 1488 806 natis,
1501 767 1678 800 lnsantibus
1692 768 1900 812 nuncupatis,
1919 769 1982 804 sive
1999 761 2184 814 πιωςῡᾟζξᾞυῗ

1233 819 1424 863 propinquis
1444 820 1476 852 in
1496 820 1818 861 administrationem,
1836 822 1912 854 dum
1933 832 1984 855 ex-

1232 873 1364 915 pediens
1383 873 1484 906 visum
1502 873 1608 913 suerit,
1627 874 1770 907 concessi
1790 875 1932 915 suerunt,
1954 881 1982 908 et

1231 937 1329 970 super
1348 938 1501 970 quorum,
1519 927 1595 959 dum
1616 938 1675 971 pro
1696 922 1839 971 tempore
1858 933 1981 969 vacent,

1231 992 1286 1013 seu
1309 980 1535 1023 magistrorum
1557 981 1595 1013 ad
1620 992 1675 1013 eos
1706 981 1880 1022 electione,
1902 993 1983 1026 quae

1231 1034 1269 1066 ad
1286 1039 1512 1078 praeceptores
1529 1034 1700 1067 domorum
1719 1040 1749 1067 et
1764 1035 1858 1068 etiam
1877 1036 1983 1070 forsan

1230 1088 1343 1120 fratres
1374 1093 1400 1119 et
1432 1087 1546 1120 milites
1567 1087 1766 1131 singularum
1797 1089 1982 1122 militiarum

1231 1140 1415 1173 huiusmodi
1442 1146 1586 1184 spectaro
1612 1141 1823 1183 dignoscitur,
1851 1149 1980 1186 possunt

1231 1194 1322 1227 facile
1352 1195 1435 1227 inter
1468 1201 1693 1238 praeceptores
1728 1206 1782 1228 seu
1812 1197 1926 1229 fratres
1955 1202 1985 1231 et

1230 1247 1346 1280 milites
1366 1248 1551 1281 huiusmodi
1579 1259 1688 1291 graves
1717 1248 1930 1283 dissensiones
1954 1256 1980 1283 et

1229 1300 1379 1333 intestina
1399 1301 1471 1334 odia
1487 1301 1617 1341 exoriri,
1635 1307 1666 1334 et
1682 1302 1739 1335 lios
1756 1313 1814 1346 pro
1838 1307 1983 1348 tempore

1230 1355 1422 1395 obtinentes,
1436 1355 1460 1388 si
1477 1366 1509 1388 se
1520 1367 1578 1399 pro
1590 1360 1735 1399 tempore
1752 1355 1895 1390 existenti
1909 1357 1983 1391 Por—

1229 1408 1378 1451 tugaltiae
1399 1414 1429 1441 et
1445 1408 1667 1451 Algarbiorum
1685 1410 1751 1453 regi
1768 1415 1980 1454 opponerent,

1230 1472 1327 1505 regna
1348 1462 1510 1504 praedicta
1522 1464 1723 1506 perturbare,
1743 1469 1774 1497 et
1785 1464 1925 1498 diversos
1936 1470 1984 1498 tu-

1230 1516 1350 1547 multus
1370 1516 1503 1549 bellicos
1529 1516 1684 1557 excitare,
1710 1528 1746 1550 ac
1776 1518 1879 1559 bella,
1902 1530 1984 1562 quae

1230 1580 1288 1612 per
1320 1580 1374 1601 eos
1408 1574 1519 1602 (notura
1538 1569 1702 1609 infideles,
1730 1575 1766 1603 ut
1790 1572 1982 1615 praesertur,

1230 1623 1385 1656 movenda
1406 1628 1490 1663 sunt,
1514 1624 1545 1656 in
1566 1624 1842 1667 perturbationem
1868 1625 1985 1669 quietis

1230 1681 1260 1709 et.
1281 1677 1367 1719 paris
1393 1688 1565 1719 regnorum
1587 1677 1774 1710 huiusmodi
1800 1684 1984 1712 convertero

1230 1736 1370 1775 possent,
1395 1731 1557 1774 praedicto
1577 1731 1686 1765 loanni
1708 1737 1738 1765 et
1761 1744 1821 1777 pro
1840 1739 1985 1777 ternpore

1230 1785 1374 1818 existenti
1396 1786 1609 1828 Portugalliae
1626 1791 1656 1818 et
1677 1786 1902 1829 Algarbiorurn
1917 1788 1983 1831 regi

1231 1840 1261 1872 in
1287 1839 1594 1873 administrationem
1622 1846 1778 1884 perpetuo
1809 1841 1987 1874 concedan-

1232 1900 1301 1934 tur,
1321 1893 1565 1927 committantur
1585 1900 1611 1927 et
1631 1895 1846 1937 assignentur,
1864 1905 1901 1928 ex
1924 1895 1986 1928 hoc

1233 1949 1375 1991 profecto
1397 1947 1649 1981 dissensionibus
1664 1953 1694 1981 et
1710 1948 1790 1981 odiis
1811 1954 1841 1981 et
1861 1953 1987 1993 pertur-

1208 2030 1210 2037 ,
1232 2002 1351 2034 bationi
1368 2001 1455 2045 pacis
1475 2007 1506 2034 et
1526 2001 1641 2045 quietis
1662 2012 1835 2045 regnorum
1853 2007 1884 2036 et
1904 2003 1986 2036 cxci-

1232 2055 1343 2088 tationi
1364 2056 1562 2088 tumultuum
1585 2055 1774 2088 bellicorum
1801 2055 1985 2090 huiusmodi

1232 2114 1414 2152 opportune
1425 2114 1663 2149 occurreretur,
1674 2114 1704 2142 et.
1717 2109 1888 2152 praedictus
1899 2110 1987 2143 loan-

1233 2174 1288 2195 nes
1309 2168 1337 2195 et
1360 2174 1417 2206 pro
1438 2169 1583 2207 tempore
1610 2163 1747 2196 existens
1774 2163 1987 2206 Portugalliac

1233 2222 1263 2249 et
1282 2216 1507 2259 Algarbiorum
1529 2228 1581 2249 rex
1602 2216 1843 2260 praeceptorias
1871 2217 1985 2251 domo-

1234 2280 1305 2303 rum
1328 2270 1515 2303 militiarum
1537 2270 1723 2303 huiusmodi
1740 2270 1891 2304 fratribus
1907 2270 1988 2304 miti-

1233 2324 1318 2357 tibus
1335 2323 1457 2357 idoneis
1473 2329 1503 2357 et
1518 2323 1557 2356 ad
1572 2324 1796 2368 praeliandum
1813 2323 1986 2364 habilibus,

1234 2377 1288 2420 qui
1321 2387 1385 2410 non
1420 2378 1524 2411 solum
1560 2388 1633 2410 cum
1662 2377 1763 2411 vocati
1799 2377 1919 2411 fuerint
1949 2379 1988 2412 ad

1234 2431 1317 2463 bella
1345 2441 1376 2463 se
1405 2430 1590 2473 accingent,
1618 2441 1728 2464 verum
1756 2430 1852 2464 etiam
1880 2440 1988 2474 regem

1236 2485 1340 2527 ipsum
1353 2485 1391 2517 ad
1403 2484 1620 2528 expeditiones
1631 2489 1742 2517 contra
1754 2483 1899 2517 infideles
1909 2494 1988 2528 prae-

1236 2533 1336 2566 dictos
1366 2534 1450 2566 ultro
1475 2533 1713 2573 sollicitabunt,
1743 2544 1779 2565 ac
1813 2543 1845 2566 se
1866 2543 1988 2577 suaque

441 2589 580 2619 movere,
604 2590 640 2612 ac
661 2590 862 2613 successores
887 2582 954 2621 sui,
978 2583 1192 2625 portugalliae
1237 2581 1356 2621 omnia,
1378 2587 1441 2615 tam
1458 2582 1490 2614 in
1505 2582 1604 2615 classe.
1621 2581 1780 2614 maritima
1794 2593 1890 2626 quam
1903 2593 1988 2615 exer-

443 2635 473 2662 et
500 2629 723 2671 Algarbiorum
755 2641 845 2672 reges
875 2642 932 2673 pro
963 2637 1105 2675 tempore
1133 2633 1195 2665 cxi·
1237 2632 1302 2664 citu
1323 2631 1463 2664 terrestri
1484 2632 1650 2665 laboribus
1670 2636 1699 2663 et
1718 2631 1872 2675 periculis
1891 2641 1986 2674 expo-

443 2684 570 2715 stentes,
587 2677 689 2711 divina
711 2679 754 2711 eis
775 2679 940 2712 assistente
959 2681 1193 2723 g1*atia,si1nilia
1214 2686 1217 2705 ¹
1239 2691 1313 2713 uere
1335 2691 1396 2713 non
1427 2680 1637 2721 dubitabunt,
1661 2692 1770 2714 earum
1797 2685 1986 2716 occurrente
