2227 3001
64 260 112 288 An.
132 261 159 288 C.
181 260 248 286 15ᾰῖ

61 1068 190 1089 fixe-autores
206 1068 245 1089 do-

61 1102 127 1125 putat3

909 258 1026 281 muns
1050 258 1083 280 ιιι
1109 259 1154 280 ιιι».

259 309 486 354 praemittitur,
510 307 651 340 revocari
673 307 956 350 contigerit,toties
971 310 1009 341 ‹te
1031 311 1034 321 '

258 374 341 397 novo
362 372 530 396 concessas
550 360 697 404 intelligi·,
716 361 825 405 sieque
842 373 900 406 per
915 373 1009 405 quos-

259 427 399 460 cumque
426 414 549 448 iudices
576 420 607 447 et
635 414 890 455 commissarios,
914 416 1009 448 etiam

257 469 368 502 Palatii
387 467 561 512 Apostolici
582 467 745 500 auditores
756 479 792 500 ac
809 473 935 502 sanctae
952 469 1010 501 Ro-

257 533 370 555 manae
392 521 551 555 Ecclesiae
568 521 759 561 cardinales,
783 521 813 554 ιιι
835 522 945 565 quavis
964 523 1010 554 in·
1031 530 1033 535 '

257 575 381 616 stantia,
403 576 527 608 sublata
543 575 588 607 eis
603 579 633 607 et
649 585 763 607 eorum
784 575 913 608 cuilibet
935 587 1010 618 qua-

254 629 300 662 vis
319 629 412 662 aliter
431 627 594 661 iudicandi
614 632 644 661 et
664 627 895 672 interpretandi
912 629 1010 662 sacul-

258 688 319 716 tate
339 687 370 715 et
394 680 596 719 auctoritate,
620 680 740 724 ubique
761 681 914 722 iudicari,
937 692 1009 714 sen-

256 735 382 768 tentiari
410 740 441 768 et
469 733 596 767 definiri
617 734 750 774 debere,
769 745 895 767 necnon
915 734 1010 778 quid-

255 788 333 833 quid
354 798 447 821 secus
467 798 565 831 super
594 787 643 819 his
663 798 679 819 a
701 798 878 830 quoquam,
901 788 1011 831 quavis

255 841 457 881 auctoritate,
481 841 619 874 scienter
637 841 685 873 vel
706 839 901 883 ignoranter,
913 840 1012 873 conti-

255 894 334 937 gerit
355 894 522 934 attentari„
546 893 672 926 irritum
694 899 725 927 et
744 893 838 926 inane
863 894 1011 927 decerni-

255 957 341 980 mus.

299 1001 314 1043 ξ
334 1000 388 1034 48.
411 999 569 1039 Quocirca
590 1000 746 1033 universis
766 1005 795 1032 et
812 999 945 1042 singulis
964 1011 1013 1033 ve-

255 1053 456 1086 nerabilibus
481 1052 634 1086 fratribus
659 1053 776 1085 nostris
801 1052 1010 1096 patriarchis,

255 1106 510 1150 archiepiscopis
543 1112 573 1139 et
606 1106 782 1149 episeopis,
820 1117 856 1138 ac
890 1106 1013 1139 dilectis

254 1159 328 1192 filiis
344 1159 524 1199 abbatibus,
547 1158 721 1203 prioribus,
742 1159 942 1202 praepositis,
960 1159 1013 1191 de-

255 1212 355 1252 canis,
377 1211 613 1245 archidiaconis
641 1217 671 1244 et
706 1211 776 1244 aliis
808 1212 957 1255 personis
981 1212 1013 1244 in

255 1265 407 1309 dignitate
428 1265 645 1299 ecclesiastica
670 1264 863 1305 constitutis,
886 1276 1013 1298 necnon

256 1318 520 1362 patriarchalium
555 1324 586 1351 et
619 1318 943 1362 metropolitanarum
977 1330 1014 1351 ac

257 1372 395 1405 aliarum
416 1372 651 1405 cathedralium
676 1371 888 1404 ecclesiarum
916 1382 1013 1404 eano-

257 1425 350 1466 nicis‚
379 1425 569 1458 eorumdem
598 1424 870 1468 patriarcharum,
888 1425 1014 1458 archie-

259 1478 468 1522 piscoporum
498 1483 529 1511 et
562 1477 792 1521 episcoporum
824 1475 1043 1511 officialibus*

259 1537 290 1564 et
299 1531 426 1565 vicariis
446 1532 478 1564 in
499 1531 721 1575 spiritualibus
738 1536 768 1564 et
783 1531 1016 1574 temporalibus

259 1584 394 1617 ubilibet
413 1584 605 1624 constitutis,
628 1595 686 1627 per
705 1584 881 1627 apostolica
899 1584 1016 1627 scripta

258 1638 451 1671 mandamus
487 1642 647 1680 quatenus
686 1636 746 1680 ipsi
778 1638 826 1669 vel
864 1637 928 1669 (luo
963 1643 1018 1670 aut

262 1701 346 1723 unus
367 1701 501 1730 eorum,
524 1701 583 1735 per
607 1701 640 1723 se
664 1691 714 1722 vel
746 1701 805 1734 per
832 1690 931 1723 alium
961 1702 1017 1723 seu

261 1744 352 1784 alios,
375 1749 561 1787 praesentes
582 1743 689 1776 literas
710 1754 747 1776 ac
771 1743 880 1776 omnia
901 1748 931 1777 et
952 1744 1016 1776 sin-

264 1798 338 1840 gula
358 1797 390 1830 in
414 1797 458 1830 eis
478 1803 640 1837 contenta,
662 1797 717 1830 ubi
738 1802 768 1830 et
787 1798 915 1840 quando
935 1808 1018 1841 opus

264 1849 376 1891 fuerit,
400 1861 436 1883 ac
463 1850 589 1894 quoties
617 1861 715 1893 super
747 1850 809 1883 hoc
844 1861 903 1893 pro
928 1855 1018 1894 parte

265 1902 390 1945 collegii
424 1914 480 1936 seu
514 1903 741 1947 deputatorum
778 1903 1017 1946 praedictorum

264 1968 320 1991 seu
339 1957 478 1990 alicuius
498 1968 612 1990 eorum
640 1958 761 1990 suerint
781 1958 943 2001 requisiti,
966 1969 1017 1991 so-

262 2011 412 2044 lemniter
432 2011 645 2054 publicantes,
662 2011 771 2054 eisque
787 2011 819 2044 in
835 2012 1018 2055 praemissis

263 2067 402 2101 efficacis
420 2067 614 2100 defensionis
634 2067 794 2110 praesidio
819 2066 1015 2107 assistentes,

264 2122 381 2155 saciant
401 2121 590 2155 auctoritate
612 2125 721 2154 nostra
747 2125 931 2163 praesentes
951 2120 1018 2154 lite-

264 2187 315 2209 ras
341 2181 372 2209 et
400 2176 433 2208 in
462 2175 507 2208 eis
541 2180 691 2208 contenta
725 2175 932 2215 huiusmodi,
959 2175 1018 2207 sub

264 2229 410 2263 censuris
429 2234 460 2262 et
483 2229 596 2272 poenis
620 2228 860 2267 ecclesiasticis,
884 2228 1019 2261 firmiter

264 2283 437 2323 observari,
457 2293 494 2316 ac
514 2282 687 2325 collegium
708 2287 738 2315 et
758 2283 928 2326 deputatos
948 2283 1018 2315 osfi-

264 2336 425 2380 cialesque
460 2335 640 2380 praedictos
673 2336 735 2368 illis
769 2335 902 2380 pacifice
940 2347 1018 2379 gau-

265 2391 361 2431 dere,
384 2401 448 2423 non
469 2389 691 2434 permittentes
711 2390 884 2433 collegium
909 2395 939 2422 et
964 2390 1018 2423 de-

263 2450 392 2489 putatos
411 2455 448 2477 ac
464 2443 616 2476 officiales
631 2443 812 2487 praedictos
833 2454 889 2476 seu
906 2454 1017 2477 eorum

264 2494 405 2538 aliquem
439 2493 577 2536 desuper
603 2501 904 2537 per'quoscumque
937 2505 1019 2537 quo-

265 2542 441 2576 modolibet
474 2542 615 2575 indebite
643 2542 824 2583 molestari,
858 2542 1019 2575 contradi-

267 2596 372 2625 ctores
390 2590 551 2635 quoslibet
569 2596 600 2624 et
619 2591 766 2632 rebelles,
790 2602 848 2635 per
868 2601 1020 2624 censuras

266 2646 297 2675 et
315 2652 435 2685 poenas
455 2641 688 2675 ecclesiasticas
703 2652 740 2675 ac
756 2641 817 2678 alia
837 2646 1021 2685 opportuna

1697 248 1762 280 :3:⁷35

1053 309 1130 341 iuris·
1165 309 1326 349 remedia,
1358 307 1575 353 appellatione
1609 308 1804 351 postposita,

1052 362 1304 406 compescendo,
1327 372 1364 395 ac
1389 360 1538 405 legitimis
1563 371 1661 403 super
1681 361 1730 393 his
1749 361 1806 393 lta-

1052 415 1163 448 bendis
1193 415 1322 448 servatis
1351 414 1577 459 processibus,
1606 424 1758 447 censuras
1778 420 1807 447 et

1053 479 1172 510 poenas
1192 468 1295 513 ipsas,
1319 469 1414 501 etiam
1445 467 1565 501 iteratis
1589 466 1730 506 vicibus,
1753 478 1808 510 ag-

1052 523 1223 562 gravando,
1248 522 1393 556 invocato
1415 522 1510 555 etiam
1531 522 1569 554 ad
1590 521 1665 561 hoc,
1686 520 1710 553 si
1726 531 1809 564 opus

1053 575 1160 615 suerit,
1183 575 1301 608 auxilio
1322 575 1446 608 brachii
1468 574 1654 608 saecularis.

1096 628 1188 669 §aa
1225 628 1294 661 Non
1329 628 1530 661 obstantibus
1564 627 1747 671 praemissis
1780 632 1810 660 et

1028 669 1039 726 ¹!
1052 681 1218 724 quibusvis
1251 682 1353 714 dictae
1374 681 1591 715 Cancellariae
1620 681 1751 724 regulis,
1773 692 1809 714 ac

1053 734 1338 767 constitutionilnts
1358 741 1385 767 et
1408 734 1665 768 ordinationilnis
1684 740 1811 778 aposto-

1053 788 1134 828 licis,
1157 799 1284 821 necnon
1306 788 1479 832 privilegiis
1500 793 1529 821 et
1550 788 1694 828 indultis,
1715 788 1809 821 etiam

1053 840 1129 873 Mari
1154 841 1266 884 Magno
1297 842 1513 885 nuncupatis,
1537 841 1659 874 eisdem
1683 841 1811 874 Ordini-

1053 894 1131 933 bus,
1155 894 1351 937 illorumquc
1377 894 1544 938 personis,
1568 894 1599 927 in
1627 905 1744 937 genere
1763 895 1811 927 vel

1054 947 1084 979 in
1106 948 1224 990 specie,
1244 947 1303 979 sub
1324 947 1489 990 quibusvis
1508 947 1682 980 verborum
1700 947 1811 980 formis

1054 1005 1084 1032 et
1103 1000 1278 1039 clausulis,
1303 999 1398 1032 etiam
1428 1005 1518 1033 motu
1547 1000 1681 1043 proprio
1716 1005 1747 1033 et
1775 1012 1811 1033 ex

1054 1058 1140 1085 certa
1162 1053 1294 1085 scientia
1314 1064 1351 1085 ac
1372 1053 1410 1086 de
1430 1053 1626 1096 apostolicae
1648 1053 1812 1096 potestatis

1054 1105 1273 1148 plenitudine,
1296 1106 1403 1138 forsan
1430 1106 1602 1146 concessis,
1625 1106 1755 1149 quibus,
1778 1117 1811 1139 e-

1055 1157 1131 1189 tiam
1164 1158 1201 1198 si,
1237 1168 1296 1202 pro
1332 1158 1463 1191 illorum
1486 1158 1656 1192 sufficienti
1677 1160 1813 1201 deroga-

1057 1210 1154 1250 tione,
1177 1211 1215 1243 de
1236 1210 1313 1254 ipsis
1333 1221 1514 1254 eorumque
1548 1212 1621 1244 totis
1648 1211 1814 1244 tenoribus

1056 1263 1216 1306 specialis,
1239 1263 1408 1307 specifica,
1432 1275 1581 1308 expressa
1601 1270 1629 1297 et
1652 1264 1812 1297 individua

1056 1327 1092 1349 ac
1113 1317 1151 1350 de
1172 1317 1268 1350 verbo
1289 1317 1328 1349 ad
1349 1317 1483 1350 verbum
1498 1344 1505 1357 ,
1527 1328 1593 1350 non
1620 1323 1727 1350 autem
1757 1329 1815 1361 per

1057 1371 1219 1403 clausulas
1256 1371 1424 1414 generales
1462 1370 1546 1404 idem
1585 1371 1813 1415 importantes‚

1058 1424 1178 1457 mentio
1213 1436 1269 1457 seu
1303 1424 1433 1468 quaevis
1466 1424 1528 1457 alia
1562 1425 1723 1468 expressio
1758 1426 1815 1458 ha-

1057 1477 1173 1517 benda,
1186 1483 1241 1510 aut
1257 1478 1365 1522 aliqua
1377 1478 1389 1500 1
1403 1478 1560 1522 exquisita
1572 1478 1674 1511 forma
1692 1489 1817 1511 servan—

1058 1530 1097 1562 da
1115 1537 1216 1571 esset,
1239 1531 1371 1564 illorum
1393 1536 1521 1564 tenores
1541 1542 1600 1575 pro
1621 1532 1818 1565 sufficienter

1059 1585 1217 1628 expressis
1238 1590 1268 1617 et
1288 1584 1416 1618 insertis
1444 1585 1617 1625 habentes,
1649 1584 1711 1617 illis
1739 1584 1817 1618 alias

1060 1638 1092 1670 in
1113 1649 1170 1671 suo
1187 1639 1304 1671 robore
1326 1638 1558 1682 permansuris,
1571 1639 1632 1671 hac
1646 1638 1713 1671 viee
1725 1639 1818 1672 dum-

1059 1696 1153 1731 taxat,
1177 1691 1360 1735 specialiter
1380 1696 1411 1724 et
1430 1702 1579 1736 expresse
1603 1692 1815 1734 derogamus,

1060 1745 1179 1788 illaque
1196 1745 1348 1788 cuiquam
1365 1746 1519 1778 nolumus
1535 1745 1739 1788 aliquatenus
1757 1746 1819 1778 suf-

1060 1794 1190 1837 sragari3
1212 1805 1249 1827 ac
1270 1794 1422 1826 omnibus
1442 1799 1473 1826 et
1493 1793 1638 1837 singulis,
1657 1804 1740 1836 quae
1760 1805 1819 1828 nos

1060 1847 1090 1875 ct
1110 1843 1242 1886 praefati
1267 1844 1532 1886 praedecessores
1559 1842 1659 1875 nostri
1693 1842 1725 1875 in
1753 1843 1818 1875 sin-

1060 1893 1143 1935 gulis
1164 1893 1263 1925 literis
1284 1893 1457 1937 praedictis
1476 1893 1626 1925 volumus
1643 1893 1818 1936 respective

1060 1952 1125 1974 non
1159 1942 1285 1975 obstare
1298 1970 1305 1982 ,
1338 1941 1508 1975 contrariis
1541 1941 1815 1985 quibuscumque.

1060 1991 1120 2023 Aut
1142 1990 1167 2023 si
1183 1991 1356 2034 aliquibus,
1379 1990 1596 2023 communiter
1614 1991 1663 2023 vel
1684 1990 1818 2030 divisim,

1060 2041 1099 2072 ab
1129 2041 1311 2083 Apostolica
1347 2041 1385 2073 sit
1418 2040 1499 2073 Sede
1534 2039 1696 2072 indultum
1731 2040 1817 2083 quod

1061 2090 1220 2130 interdici,
1239 2090 1392 2134 suspendi
1408 2090 1455 2121 vel
1468 2088 1743 2121 excommunicari
1754 2099 1818 2122 non

1061 2139 1194 2182 possint,
1210 2150 1267 2183 per
1278 2138 1387 2171 literas
1405 2137 1597 2182 apostolicas
1614 2148 1679 2170 non
1697 2137 1818 2170 sacien-

1062 2194 1107 2220 tes
1128 2189 1256 2232 plenam
1277 2193 1307 2220 et
1332 2198 1514 2230 expressam
1539 2198 1575 2220 ac
1596 2187 1634 2219 de
1654 2187 1751 2219 verbo
1779 2188 1816 2219 ad

1061 2237 1193 2270 verbum
1212 2238 1249 2269 de
1266 2237 1390 2269 indulto
1406 2236 1593 2268 huiusmodi
1606 2236 1814 2269 mentionem.

1061 2286 1223 2325 Ceterum,
1236 2286 1313 2329 quia
1323 2284 1451 2317 difficile
1468 2285 1550 2318 soret
1565 2289 1622 2317 etc.
1641 2285 1725 2317 Nulli
1741 2296 1818 2327 ergo

1062 2339 1118 2367 ele.
1143 2334 1173 2367 Si
1190 2334 1263 2378 quis
1282 2339 1390 2367 autem
1411 2338 1468 2366 etc.

1105 2385 1219 2417 Datum
1241 2385 1360 2417 Romae
1381 2384 1467 2428 apud
1491 2383 1644 2416 Sanctum
1666 2384 1814 2420 Petrum.

1062 2433 1112 2466 (lie
1134 2432 1224 2466 tertia
1245 2432 1414 2473 februarii,
1438 2432 1608 2465 millesimo
1633 2432 1818 2476 quingente-

1063 2483 1143 2515 simo
1164 2482 1410 2526 quadragesimo
1432 2482 1593 2521 secundo,
1612 2481 1817 2525 pontificatus

1063 2532 1162 2565 nostri
1184 2542 1268 2565 anno
1288 2542 1353 2564 vnl.

1116 2585 1177 2615 Dat,
1195 2586 1241 2615 die
1259 2585 1276 2615 3
1292 2585 1367 2615 febr.
1386 2585 1473 2621 1542,
1493 2584 1592 2624 pontif.
1614 2593 1690 2614 anno
1707 2591 1766 2612 vin.

1103 2649 1111 2675 t
1132 2649 1191 2675 .-!lia
1211 2648 1273 2675 add.
1291 2647 1407 2676 Cherub.
1425 2647 1464 2682 (n.
1482 2646 1532 2682 T.).

1821 257 1871 283 An.
1890 256 1919 283 C.
1941 255 2006 281 itm

1837 639 1953 659 contin-ps
1972 638 2009 659 de·

1824 673 1891 696 rog-tt,
