2227 3001
218 235 267 261 Ant
289 236 314 261 Cv
335 237 401 263 thot)

226 551 243 566 et
284 553 292 566 s
303 551 321 566 vt
333 554 353 565 ,w

215 581 301 598 :nativos
315 578 355 598 latu

459 229 523 262 [tt—»³

1010 234 1186 258 ttl‘LLAtttt‘M
1213 233 1364 256 ROMANL’M

416 296 461 323 tes
481 291 607 327 latrare,
633 296 659 323 ct
679 290 851 334 perdamur
872 299 945 321 cum
966 287 1057 320 malis
1077 288 1160 329 agi-i-
1204 285 1303 317 <licias
1331 285 1495 317 incurrere
1522 284 1669 317 volumus
1694 289 1788 327 atquc
1810 284 1958 317 decerni-

415 344 510 384 colis,
532 355 567 377 ac
595 343 793 377 nwrcemtrio
810 351 1048 384 comparemur.

457 398 472 441 ξ
491 398 521 431 2.
542 398 654 430 Habita
670 396 826 441 superbis
842 406 915 427 cum
927 393 1162 427 venerabilibus

240 452 351 474 ⁶⁰¹¹¹¹¹·¹¹¹³¹
366 454 397 473 '¹³¹¹
414 452 564 484 fratribus
584 451 698 484 nostris
722 455 848 482 sanctae
872 449 1032 481 Romanae
1050 447 1160 479 Eccle-

214 484 308 504 r’nnusex
326 491 398 505 omues

214 522 293 542 pot-nas
310 518 328 536 m
348 517 397 536 11³0>
413 505 477 538 siae
511 505 727 537 ‹·.·1rdinalibus
760 502 991 535 deliberatione
1022 506 1158 540 matura,

413 559 450 591 de
483 570 595 592 corum
626 558 758 590 consilio
779 562 809 589 et
837 555 981 588 unanimi
1016 565 1158 594 assensu,

412 623 522 644 onmes
555 617 585 643 ct
618 610 759 653 singulas
792 608 1158 643 excommunicationis,

411 665 628 708 suspensionis
653 670 680 696 ct
708 663 868 696 interdicti
909 673 945 695 ac
976 661 1161 706 privationis

411 723 441 751 et
472 718 598 761 quasvis
627 717 704 749 alias
739 716 930 755 sententias,
953 726 1106 748 censuras
1132 720 1158 747 et

410 782 540 814 poenas,
563 782 580 803 a
601 770 765 814 quibusvis
776 769 927 802 Romanis
951 769 1161 802 Pontificibus

410 824 709 867 praedecessoribus
733 824 850 856 nostris
874 829 930 856 ant
959 833 1016 866 pro
1045 823 1161 855 talibus

408 877 541 918 habitis,
562 877 656 910 etiam
680 888 736 920 per
756 888 869 909 eorum
891 877 998 909 literas
1018 882 1160 908 extrava-

406 936 528 973 gantes,
559 942 614 964 seu
649 930 746 964 sacris
776 930 922 963 conciliis
951 930 989 962 ab
1020 929 1161 962 Ecclesia

406 984 458 1017 Dei
493 985 641 1028 receptis,
669 985 715 1017 vel
741 990 926 1018 sanctorum
950 983 1079 1016 Patrum
1105 983 1160 1015 de-

406 1039 500 1072 cretis
520 1044 551 1071 et
570 1039 705 1080 statutis,
728 1045 783 1071 aut
802 1039 900 1072 sacris
921 1038 1099 1072 canonibus
1124 1048 1160 1070 ac

405 1093 687 1126 constitutionibus
707 1099 737 1126 ct
757 1093 1013 1126 ordinationibus
1033 1097 1160 1136 aposto-

405 1146 474 1180 licis
501 1152 611 1180 contra
646 1147 826 1180 haereticos
859 1153 913 1179 aut
938 1145 1160 1179 schismaticos

405 1201 648 1243 quomodolibet
673 1202 751 1234 latas
771 1207 799 1234 et
823 1201 1059 1245 promulgatas,
1081 1211 1159 1243 apo-

404 1254 515 1287 stolica
545 1255 734 1288 auctoritato
768 1254 987 1298 approbamus
1012 1259 1041 1286 et
1066 1254 1159 1286 inno-

403 1319 524 1347 vamus,
546 1320 582 1341 ac
604 1315 762 1353 perpetuo
782 1308 945 1342 observari
965 1313 996 1341 ct
1016 1307 1047 1339 in
1068 1307 1159 1339 viridi

404 1362 616 1402 observantia,
636 1363 659 1394 si
684 1364 789 1395 forsan
810 1363 842 1394 in
858 1373 895 1394 ca
920 1372 985 1394 non
1007 1361 1084 1400 sint,
1109 1372 1159 1393 re-

404 1416 480 1459 poni
498 1422 527 1449 et
547 1427 615 1449 esse
631 1417 760 1452 debere:
778 1426 904 1448 necnon
921 1425 1158 1459 quoscumque,

404 1469 458 1512 qui
492 1470 647 1503 hactenus
681 1481 699 1502 a
732 1470 794 1502 fide
828 1469 987 1503 catholica
1020 1469 1159 1501 deviasse

404 1529 455 1556 aut
494 1524 523 1555 in
550 1524 690 1567 aliquam
728 1523 887 1556 haeresim
923 1522 1072 1555 incidisse
1105 1533 1158 1554 seu

405 1577 542 1610 schisma
565 1577 736 1610 incurrisse
753 1582 805 1610 aut
824 1577 976 1609 excitasse
996 1587 1050 1608 scu
1074 1587 1160 1608 com-

406 1630 540 1670 misisse,
562 1631 755 1675 deprehensi
779 1636 833 1664 aut
856 1629 992 1663 confessi
1017 1630 1064 1662 vel
1086 1640 1160 1662 con-

405 1684 476 1718 victi
502 1685 631 1725 suerint,
655 1696 710 1717 seu
732 1684 831 1727 (quod
851 1684 935 1717 Deus
951 1694 1009 1727 pro
1027 1694 1084 1716 sua
1100 1684 1161 1716 cle-

405 1739 524 1772 mentia
544 1744 573 1772 et
595 1739 626 1771 in
647 1749 759 1771 omnes
781 1738 923 1771 bonitate
944 1742 1086 1770 avertere
1111 1737 1159 1770 di-

405 1794 533 1835 gnetur)
562 1792 592 1825 in
629 1798 792 1836 posterum
829 1790 1015 1829 deviabunt,
1044 1802 1099 1824 seu
1129 1791 1160 1824 in

406 1846 563 1880 haeresim
585 1847 737 1885 incident,
758 1850 812 1878 aut
833 1845 972 1878 schisma
993 1845 1169 1879 incurrent:

406 1901 453 1933 vel
469 1901 652 1933 excitabunt
672 1911 727 1932 seu
744 1899 959 1939 committent,
977 1904 1008 1931 et
1020 1898 1161 1932 deviasse

407 1965 461 1987 seu
483 1954 643 1993 incidisse,
666 1959 721 1987 aut
741 1953 918 1986 incurrisse
938 1954 985 1986 vel
1007 1953 1162 1985 excitasse

1205 349 1288 370 mus.

1247 392 1261 434 g
1281 391 1312 424 3.
1344 391 1382 424 Et
1397 391 1619 427 nihilominus,
1647 392 1888 425 considerantes
1909 391 1957 425 di-

1203 456 1301 487 gnum
1323 455 1390 477 csse
1411 450 1443 477 ut
1465 445 1520 489 qui
1550 445 1672 478 virtutis
1693 456 1802 478 amore
1823 456 1841 477 a
1866 445 1958 478 malis

1205 510 1267 531 non
1293 498 1472 538 abstinent,
1502 504 1589 531 metu
1618 510 1796 543 poenarum
1830 499 1869 532 ab
1897 499 1958 531 illis
1974 497 1998 516 ·”·”
2009 503 2050 532 ”,

1974 531 2069 555 tvupuml,

1204 552 1440 592 deterreantur,
1470 557 1501 585 et
1524 552 1611 596 quod
1635 552 1800 596 episcopi,
1829 553 1958 586 archie-

1205 605 1339 649 piscopi,
1358 606 1572 649 patriarchae,
1590 606 1752 649 primates,
1764 605 1956 643 cardinales,

1205 659 1310 700 legati,
1333 659 1477 699 comites,
1500 659 1648 699 barones,
1667 659 1883 699 marchiones,
1901 660 1957 692 du-

1204 723 1276 753 ces,
1296 723 1387 755 reges
1411 719 1438 745 ct
1471 713 1694 756 imperatores,
1721 713 1775 756 qni
1801 712 1880 745 alios
1900 713 1957 746 do-

1203 776 1276 798 cere
1297 771 1327 799 et
1347 766 1409 798 illis
1429 766 1514 799 bono
1535 766 1694 810 exemplo,
1719 771 1753 798 ut
1773 765 1806 798 in
1826 765 1889 798 fide
1905 776 1958 798 ca-

1203 819 1320 852 tholica
1342 821 1583 860 contineantur,
1611 831 1680 853 esse
1704 820 1839 860 debent,
1863 830 1957 864 prae-

1203 873 1385 915 varicando,
1408 875 1535 917 gravius
1555 873 1669 907 ceteris
1704 878 1854 918 peccant,
1877 883 1951 907 cum

1203 937 1267 959 non
1289 927 1392 960 solum
1411 927 1533 971 scipsos
1554 928 1706 972 perdant,
1728 939 1840 961 verum
1861 928 1957 961 etiam

1203 980 1281 1013 alios
1294 981 1546 1015 innumerabiles
1562 984 1712 1026 populos,
1730 994 1844 1016 eorum
1860 994 1957 1017 curae

1203 1040 1231 1068 ct
1248 1035 1397 1078 regimini
1414 1036 1553 1069 creditos
1569 1047 1624 1069 seu
1641 1037 1720 1069 alias
1735 1037 1781 1070 eis
1797 1038 1954 1078 subditos,

1202 1100 1310 1122 secum
1334 1090 1365 1123 in
1383 1091 1597 1134 perditionem
1614 1096 1644 1123 et
1659 1093 1792 1134 puteum
1810 1090 1959 1125 interitus

1202 1144 1341 1184 trahant,
1364 1146 1402 1178 de
1423 1145 1583 1178 similibus
1603 1145 1738 1177 consilio
1760 1150 1790 1177 et
1805 1155 1955 1186 assensu,

1202 1197 1261 1230 hac
1286 1204 1394 1231 nostra
1415 1199 1446 1231 in
1467 1203 1662 1242 perpetuum
1684 1198 1818 1231 valitura
1842 1199 1958 1232 consti-

1202 1251 1335 1288 tutione,
1353 1251 1385 1283 in
1405 1251 1514 1284 odium
1536 1252 1614 1284 tanti
1636 1251 1792 1293 criminis,
1810 1263 1874 1296 quo
1886 1252 1958 1285 nul-

1203 1304 1269 1335 lum
1290 1304 1321 1336 in
1349 1304 1488 1337 Ecclesia
1508 1304 1562 1337 Dei
1588 1305 1691 1337 maius
1716 1311 1770 1338 aut
1794 1305 1957 1349 pernicio-

1201 1357 1266 1389 sius
1287 1368 1354 1390 esse
1377 1364 1491 1401 potest,
1513 1359 1551 1391 dc
1576 1359 1771 1402 apostolicae
1792 1359 1958 1404 potestatis

1203 1410 1415 1452 plenitudine,
1439 1411 1619 1451 sancimus,
1643 1411 1830 1452 statuimus,
1848 1413 1957 1445 decer-

1202 1464 1309 1495 nimus
1329 1470 1359 1496 ct
1378 1464 1551 1497 definimus
1571 1466 1667 1508 quod,
1685 1466 1860 1506 sententiis,
1881 1476 1956 1499 cen-

1202 1517 1285 1549 suris
1306 1523 1333 1550 et
1357 1517 1468 1561 poenis
1484 1518 1657 1561 praedictis
1673 1518 1705 1550 in
1721 1530 1779 1551 suo
1794 1519 1912 1554 robore
1929 1526 1959 1554 et

1202 1571 1345 1603 ellicacia
1365 1571 1619 1612 remanentibus,
1638 1583 1674 1605 ac
1691 1572 1841 1606 effectum
1862 1584 1956 1607 suum

1202 1623 1429 1664 sortientibus,
1453 1635 1565 1657 omnes
1590 1630 1621 1658 et
1641 1626 1757 1670 singuli
1792 1626 1956 1671 episcopi,

1201 1677 1451 1721 archicpiscopi,
1467 1678 1681 1721 patriarchae,
1705 1679 1870 1723 primates,
1889 1691 1957 1713 car-

1202 1730 1346 1771 dinales,
1372 1733 1485 1775 legati,
1514 1733 1668 1772 comites,
1692 1733 1848 1774 barones,
1871 1745 1956 1767 mar-

1203 1784 1347 1823 chiones,
1371 1786 1480 1825 duces,
1504 1797 1596 1829 reges
1616 1791 1647 1819 et.
1662 1786 1884 1831 imperatores,
1904 1787 1960 1831 qui

1203 1839 1375 1879 hactenus,
1409 1846 1442 1873 ut
1468 1841 1660 1884 praefertur,
1686 1841 1828 1875 deviasse
1847 1846 1903 1875 aut
1927 1841 1959 1874 in

1203 1893 1361 1926 haeresim
1375 1894 1538 1935 incidisse,
1552 1906 1608 1928 seu
1620 1895 1758 1928 schisma
1770 1895 1957 1935 incurrisse,

1203 1947 1355 1980 excitasse
1384 1949 1432 1981 vel
1462 1948 1660 1981 commisisse
1693 1949 1885 1993 deprehensi
1905 1955 1959 1982 aut

409 2019 462 2041 seu
484 2008 682 2041 commisisse
702 2007 987 2051 deprehendentur
1012 2012 1065 2039 aut
1087 2017 1161 2038 con-
1180 1999 1184 2058 J
1204 2002 1340 2035 confessi
1361 2003 1408 2034 vel
1430 2002 1565 2035 convicti
1595 2002 1729 2042 fuerint,
1751 2008 1779 2035 et
1802 2003 1835 2036 in
1856 2009 1960 2047 poste-

409 2062 584 2096 fitehuntur
595 2073 650 2094 seu
668 2062 911 2100 convincentur,
926 2061 1162 2103 cuiuscumque

410 2122 520 2150 status,
532 2115 659 2155 gradus,
671 2115 804 2153 ordinis,
819 2114 1014 2148 conditionis
1022 2120 1051 2147 et
1065 2125 1164 2158 praee-

410 2169 582 2202 minentiae
603 2169 753 2207 existant,
778 2169 873 2201 etiam
895 2168 1089 2212 episcopali,
1111 2179 1161 2200 ar-

411 2223 656 2267 chiepiscopali,
676 2222 897 2266 patriarchali,
917 2222 1088 2265 primatiali
1109 2227 1164 2254 aut

410 2276 471 2309 alia
492 2276 604 2309 maiori
621 2275 774 2317 dignitate
786 2275 1003 2309 ecclesiastica
1024 2286 1079 2308 seu
1096 2285 1164 2307 car-

411 2330 570 2362 dinalatus
587 2329 722 2369 bonore,
736 2335 766 2362 et
782 2329 982 2372 Apostolicae
995 2328 1085 2362 Sedis
1096 2328 1163 2361 ubi-

412 2384 456 2416 vis
476 2384 640 2420 locorum,
663 2387 727 2415 tam
754 2388 928 2426 perpetuae
957 2393 1053 2425 quam
1082 2388 1163 2415 tem-

415 2436 544 2479 poralis,
572 2435 740 2478 legationis
756 2446 889 2468 munere
904 2462 910 2475 ‚
928 2436 976 2468 vel
989 2435 1162 2473 mundana,

413 2486 508 2519 etiam
525 2484 677 2523 comitali,
692 2484 849 2523 baronali,
868 2484 1091 2523 marchionali,
1109 2484 1165 2516 du-

415 2535 487 2574 cali,
506 2533 593 2577 regia
610 2539 640 2566 et
660 2532 819 2576 imperiali
839 2533 1027 2565 auctoritate
1044 2543 1099 2565 seu
1116 2544 1166 2565 ex-

416 2582 562 2616 cellentia
582 2582 819 2627 praefulgeant,
843 2587 871 2614 et
893 2592 1006 2614 eorum
1027 2582 1165 2626 quemli-

414 2634 467 2667 bet
496 2631 685 2672 sententias,
709 2640 861 2664 censuras
881 2635 911 2664 et
930 2641 1050 2675 poenas
1074 2641 1166 2675 prae—

1204 2067 1275 2089 rum
1297 2056 1468 2089 deviabunt
1495 2061 1548 2089 aut
1580 2056 1611 2089 in
1636 2057 1794 2089 haeresim
1816 2057 1957 2091 incident

1204 2121 1259 2143 scu
1287 2110 1425 2143 schisma
1446 2110 1614 2143 incurrent
1636 2110 1682 2142 vel
1704 2110 1889 2144 excitabunt
1905 2117 1961 2144 aut

1205 2163 1428 2200 committent,
1451 2169 1478 2196 et
1501 2163 1640 2196 deviasse
1663 2174 1718 2197 seu
1744 2164 1775 2196 in
1801 2164 1959 2198 haeresim

1205 2217 1353 2251 incidisse
1370 2219 1416 2250 vel
1439 2218 1577 2251 schisma
1598 2217 1772 2250 incurrisse
1800 2222 1855 2251 aut
1878 2219 1961 2252 exci-

1206 2276 1287 2305 tasse
1308 2283 1362 2305 seu
1385 2272 1583 2305 commisisse
1605 2272 1891 2314 deprehendentur
1906 2278 1962 2306 aut

1206 2325 1447 2359 confitebuntur
1476 2337 1529 2359 seu
1564 2325 1806 2363 convincentur,
1829 2337 1902 2359 cum
1928 2326 1959 2359 in

1206 2380 1267 2412 hoc
1302 2379 1587 2412 inexcusabiliores
1621 2379 1736 2412 ceteris
1763 2379 1958 2419 reddantur,

1209 2433 1289 2466 ultra
1313 2433 1497 2473 sententias,
1516 2443 1671 2466 censuras
1690 2438 1721 2466 et
1740 2443 1861 2477 poenas
1881 2445 1961 2478 prae-

1207 2482 1325 2521 dictas,
1354 2482 1416 2516 sint
1435 2483 1530 2515 etiam
1552 2493 1589 2514 eo
1610 2481 1691 2526 ipso,
1713 2482 1833 2526 absque
1853 2482 1961 2527 aliquo

1208 2530 1287 2564 iuris
1311 2536 1366 2564 aut
1390 2532 1462 2565 facti
1485 2531 1684 2572 ministerio,
1708 2531 1773 2564 suis
1792 2531 1962 2565 ordinibus

1208 2585 1237 2612 et
1255 2580 1506 2620 cathedralibus,
1519 2580 1614 2613 etiam
1626 2580 1893 2624 metropolitanis,
1907 2591 1962 2625 pa-

1208 2629 1435 2664 triarchalibus
1457 2635 1486 2663 et
1506 2629 1741 2675 primatiatibus
1761 2629 1905 2664 ecclesiis
1923 2640 1960 2670 ac

1975 231 2022 257 An.
2042 230 2070 257 C.
2091 231 2157 258 ¹5:30

2019 402 2121 424 piaetatis
2138 407 2159 425 et

1973 435 2105 461 principibus
2147 443 2158 455 a

1973 467 2012 486 lide
2026 466 2158 487 deviantibus

2077 503 2158 524 poenas
