2227 3001
54 251 107 281 Aa.
124 253 155 280 C.
168 246 237 280 ¹353

56 1275 234 1314 ‘neutuna-

44 1312 121 1330 nia-s-

901 252 1004 278 nnrs
1023 253 1058 277 111
1077 248 1125 277 pr.
1691 254 1756 276 410
1814 248 1865 276 An.
1882 247 1912 276 c.
1931 244 1997 276 tstjti

249 315 331 340 nore
343 305 505 347 volumus
525 316 563 339 ac
577 305 755 350 praemissa
768 307 891 343 omnia.
908 314 1003 352 prout

249 371 309 404 per
321 360 410 405 ipsos
419 360 684 405 praedecessores
695 361 855 402 ordinata,
873 367 1000 401 statuta,

249 414 379 448 decreta
395 419 428 447 et
445 413 607 448 declarata
624 415 767 456 fuerunt,
789 415 829 449 de
847 426 930 449 novo
949 426 1003 449 or-

249 467 410 509 dinamus,
422 468 604 509 statuimus,
626 468 832 502 decernimus
846 475 876 503 et
896 469 1004 502 decla-

248 531 369 562 ramus,
380 531 483 565 eaque
502 522 612 555 omnia
626 522 667 555 ad
685 533 921 567 quascumque,
938 528 1003 555 tam

248 575 434 608 saeculares
465 585 564 618 quam
581 576 749 620 regulares
766 604 774 618 ,
799 576 945 610 virorum
973 582 1003 609 et

249 628 425 662 mulierum
435 629 711 673 congregationes,
722 629 927 674 quantumvis
935 629 1002 674 pri-

247 681 413 726 vilegiatas
431 687 463 715 et
481 688 643 726 exemptas
654 711 662 718 ,
691 683 882 717 auctoritate
910 689 940 716 et
956 689 1003 716 te-

248 746 330 769 nore
338 736 525 780 praedictis,
542 737 745 771 extendimus
751 743 782 771 et
796 737 1001 781 ampliamus.

292 790 309 833 g
328 789 361 822 7.
381 790 597 824 Decernentes
625 796 811 835 praesentes
838 792 946 825 literas
965 792 1004 826 de

0 867 12 880 .
49 844 236 898 ffirm-
248 842 437 877 intentionis
468 849 598 877 nostrae
630 844 758 879 defectu
784 844 889 878 notari
906 872 915 886 ‚
949 851 1004 878 aut

248 902 418 941 praetextu
436 898 524 941 quod
543 898 577 931 in
591 898 755 943 aliquibus
772 899 854 932 locis
870 910 939 932 non
952 910 1004 932 re-

249 950 424 996 cipiantur,
440 958 497 985 aut
510 951 657 986 moribus
666 952 827 986 utentium
835 963 902 986 non
917 964 1005 986 com-

248 1004 430 1048 probentur
451 1005 638 1051 impugnan'
653 1033 662 1047 ,
692 1013 750 1040 aut
766 1007 802 1040 in
819 1007 1006 1041 desuetudi-

246 1068 324 1091 nem
342 1058 433 1092 abire
459 1059 525 1092 dici
543 1070 610 1093 non
628 1070 736 1104 posse,
755 1060 812 1093 sed
831 1071 869 1093 ex
887 1060 939 1094 die
953 1071 1006 1093 ea—

246 1122 323 1145 rum
354 1112 584 1156 publicationis
607 1113 704 1147 modo
722 1113 928 1158 infrascripto
959 1114 1006 1147 sa-

248 1164 382 1200 ciendae
400 1178 626 1212 quoscumque
644 1167 757 1212 ligare.

290 1220 307 1264 ξ
326 1219 357 1254 8.
380 1220 500 1265 sieque
517 1226 550 1254 et
566 1231 634 1255 non
648 1220 755 1262 aliter,
772 1220 806 1254 in
820 1221 1004 1266 praemissis

248 1273 400 1308 omnibus
414 1279 447 1307 et
464 1274 610 1318 singulis
630 1285 691 1319 per
708 1285 934 1319 quoscumque
951 1276 1004 1310 iu-

246 1326 335 1360 dices
348 1332 382 1360 et
394 1327 645 1369 commissarios,
665 1328 789 1372 quavis,
810 1329 907 1362 etiam
921 1329 1005 1363 dicta

245 1381 423 1426 apostolica
439 1408 447 1423 ,
473 1381 663 1415 auctoritate
686 1382 856 1426 fungentes
873 1411 881 1425 ,
907 1384 1002 1418 etiam

245 1446 419 1469 causarum
437 1435 550 1469 Palatii
563 1436 746 1480 Apostolici
769 1436 945 1479 auditores,
971 1437 1003 1470 in

244 1489 357 1533 quavis
376 1500 474 1523 causa
496 1496 526 1522 et
551 1489 702 1523 instantia
720 1518 729 1532 ,
759 1491 885 1524 sublata
908 1491 954 1525 eis
973 1498 1003 1525 et

245 1553 362 1576 eorum
395 1543 527 1576 cuilibet
547 1543 659 1587 quavis
677 1543 771 1577 aliter
789 1544 954 1578 iudicandi
973 1552 1002 1578 et

246 1595 482 1640 interpretandi
504 1597 696 1630 auctoritate
720 1607 748 1631 et
770 1598 933 1639 facultate,
955 1599 1005 1632 iu-

245 1649 349 1683 dicari
371 1656 401 1684 et
421 1650 548 1684 definiri
567 1651 699 1692 debere;
720 1663 759 1685 ac
782 1652 910 1685 irritum
929 1659 959 1686 et
980 1654 1006 1686 i-

246 1713 344 1745 nane,
366 1703 391 1736 si
407 1714 502 1738 secus
516 1715 616 1749 super
629 1705 680 1738 his
693 1716 713 1738 a
730 1716 909 1750 quoquam,
925 1718 1005 1751 qua-

243 1755 501 1798 ‹iunctm-itate,
518 1758 659 1792 scienter
665 1759 715 1792 vel
724 1758 913 1802 ignoranter
928 1771 1004 1794 con-

247 1809 354 1853 tigerit
369 1811 531 1845 attentari.

290 1863 359 1908 §9—
387 1864 459 1898 Non
489 1865 692 1899 obstantibus
718 1866 1003 1901 constitutionibus

6 1954 9 1961 ¹
72 1920 184 1958 Gna-¹⁸²
198 1921 236 1943 ἑο·
246 1923 280 1951 et
297 1918 557 1953 ordinationibus
575 1920 773 1964 apostolicis,
799 1931 837 1954 ac
853 1921 1004 1955 omnibus

245 1971 324 2014 illis,
341 1983 426 2016 quae
437 1973 557 2016 singuli
568 1973 833 2018 praedecessores
847 1975 1004 2019 praedicti

246 2024 282 2059 in
299 2026 436 2070 singulis
467 2037 581 2061 eorum
613 2028 715 2062 literis
742 2029 915 2063 voluerum
936 2040 1004 2063 non

246 2079 387 2122 obstare,
405 2081 587 2125 ceterisque
605 2082 776 2115 contrariis
794 2082 1004 2127 quibuscum-

294 2143 324 2167 e.

248 2144 307 2231 qug
326 2186 381 2222 10.
412 2187 453 2222 L‘t
474 2194 584 2223 autem
608 2195 794 2233 praesentes
819 2195 948 2224 nostrae
967 2190 1004 2224 li-

46 2245 235 2306 nssmniiig:
248 2246 337 2300 tei-ae
355 2242 396 2276 ad
414 2242 574 2284 omnium,
595 2255 737 2288 quorum
756 2244 901 2286 interest,
921 2245 1005 2279 noti-

248 2301 327 2329 tiam
341 2295 556 2338 deducantur,
573 2298 749 2342 nullusque
764 2298 918 2343 deinceps
932 2311 1005 2344 pos-

247 2349 289 2384 sit
322 2350 465 2395 aliquam
489 2351 524 2384 in
546 2352 732 2397 praemi-mis
765 2353 1005 2387 excusationem

248 2405 475 2448 praetendere,
491 2412 547 2439 aut
560 2406 774 2449 ignorantiam
786 2407 939 2450 allegare,
949 2419 1006 2441 au-

249 2457 399 2491 ctoritate
417 2463 449 2492 et
468 2464 581 2493 tenore
603 2460 788 2504 praedictis,
810 2461 959 2494 volumus
973 2467 1004 2495 et

248 2505 442 2541 mandamus
460 2508 549 2552 quod
562 2508 678 2543 literae
692 2509 879 2543 huiusmodi
894 2510 929 2544 in
941 2512 1007 2544 ral-

246 2554 522 2591 visCancellariae
538 2558 741 2602 Apostolicae
755 2559 860 2593 tribus
873 2559 1006 2594 diversis

1697 237 1754 260 'nn-‘0

1043 313 1173 351 gantur,
1191 311 1221 340 et
1236 305 1338 339 donec
1354 303 1410 338 illa
1428 302 1605 346 duraverit,
1622 304 1735 338 affixae
1750 311 1799 338 te-

1045 366 1196 400 neantur,
1213 359 1392 404 exindeque
1420 359 1454 392 in
1474 359 1648 403 quinterno
1669 358 1801 393 Cancel-

1043 414 1155 455 lariae,
1177 414 1235 447 ubi
1261 413 1381 447 similes
1400 413 1645 447 constitutiones
1661 412 1800 446 describi
1824 410 1828 417 ’

1046 474 1299 509 consueverunt,
1324 479 1384 513 per
1402 478 1471 509 eos,
1491 467 1532 501 ad
1550 477 1633 512 quos
1651 472 1771 511 spectat
1790 495 1799 508 ,

1045 522 1085 555 ad
1098 528 1289 567 perpetuam
1300 523 1346 556 rei
1356 521 1559 563 memoriam,
1576 521 1802 555 describantur

1045 581 1075 609 et
1094 575 1319 619 registrentur.

1088 629 1104 673 ἓ
1136 629 1190 662 11.
1217 629 1303 662 Nulli
1322 641 1400 673 ergo
1419 630 1553 664 omnino
1572 628 1743 663 hominum
1763 629 1800 662 li·
1822 636 1998 678 §ceunom-

1046 689 1114 716 ceat
1130 683 1213 716 hanc
1224 683 1376 728 paginam
1390 688 1447 717 etc.
1468 684 1502 718 Si
1520 684 1594 728 quis
1613 689 1721 717 autem
1735 683 1798 717 hoc
1812 667 1847 690 ω’

1045 741 1201 770 attentare
1233 737 1485 781 praesumpserit
1506 765 1514 778 ,
1544 737 1799 780 indignationem

1046 789 1276 834 omnipotentis
1301 790 1357 824 Dei
1394 801 1430 824 ac
1463 791 1634 824 beatorum
1662 791 1750 824 Petri
1769 796 1800 824 et

1045 842 1136 876 Pauli
1173 844 1397 886 apostolorum
1433 843 1503 877 eius
1533 854 1566 877 se
1594 844 1719 878 noverit
1753 843 1802 877 in-

1046 908 1232 930 enisurum.

1090 950 1205 983 Datum
1221 951 1343 985 Romae
1367 951 1455 996 apud
1472 951 1504 985 S.
1530 951 1663 985 Petrum
1676 979 1685 993 ,
1716 962 1801 985 anno

1045 1003 1280 1038 Incarnationis
1297 1005 1480 1038 dominicae
1505 1005 1680 1039 millesimo
1707 1005 1803 1050 quin-

1045 1058 1224 1100 gentesimo
1243 1059 1512 1103 quinquagesimo
1530 1059 1627 1093 tertio
1644 1086 1653 1100 ,
1673 1059 1804 1104 quinto-

1045 1111 1171 1145 decimo
1185 1112 1339 1146 kalendas
1354 1113 1506 1155 ianuarii,
1523 1113 1731 1158 pontificatus
1740 1124 1801 1147 no·

1045 1165 1103 1198 stri
1122 1176 1208 1200 anno
1226 1176 1269 1199 [r.

1088 1220 1182 1253 Anno
1207 1231 1226 1254 a
1250 1220 1412 1254 nativitate
1431 1220 1558 1254 Domini
1577 1230 1686 1262 imm,
1715 1220 1800 1254 indi-

1046 1273 1152 1307 ctione
1162 1284 1218 1310 ΧΠ.
1234 1275 1443 1319 pontificatus
1458 1274 1650 1308 sanctissimi
1664 1274 1698 1308 in
1712 1275 1803 1308 Chri-

1045 1333 1093 1361 sto
1113 1328 1214 1372 patris
1228 1334 1258 1362 et
1291 1328 1414 1362 domini
1438 1328 1541 1362 nostri
1569 1328 1693 1362 domini
1728 1329 1802 1362 Iulii

1023 1389 1027 1392 ⁴
1045 1381 1152 1415 dix-ina
1171 1382 1372 1426 proxidentia
1384 1383 1489 1427 Papae
1498 1382 1552 1423 111,
1568 1393 1654 1416 anno
1665 1382 1735 1416 eius
1749 1393 1781 1416 lv
1791 1411 1799 1420 ,

1045 1436 1274 1480 retroscriptae
1288 1436 1401 1470 literae
1426 1436 1622 1481 apostolieae
1645 1437 1679 1470 in
1704 1437 1802 1470 valvis

1045 1489 1263 1523 Cancellariae
1298 1491 1503 1534 Apostolicae
1536 1491 1640 1524 tribus
1671 1490 1803 1525 diversis

1045 1543 1178 1584 diebus,
1200 1543 1278 1576 dum
1297 1544 1366 1587 ipsa
1386 1544 1581 1577 cancellaria
1611 1544 1799 1585 tenebatur,

1022 1619 1027 1647 h
1045 1602 1075 1630 et
1091 1596 1193 1630 donec
1208 1597 1264 1630 illa
1274 1597 1412 1639 duravit,
1428 1598 1574 1631 videlicet
1590 1597 1705 1631 diebus
1718 1609 1802 1631 mar-

1045 1649 1085 1683 tis
1098 1660 1143 1691 lx,
1155 1661 1282 1684 necnon
1298 1650 1377 1684 ion's
1391 1661 1423 1684 xl
1443 1657 1472 1685 et
1494 1650 1617 1684 sabbati
1626 1661 1695 1693 xm,
1712 1662 1801 1685 men-

1045 1704 1088 1737 sis
1101 1704 1253 1744 ianuarii,
1270 1704 1358 1738 iuxta
1372 1705 1517 1749 ipsarum
1532 1705 1701 1739 literarum
1711 1712 1802 1739 teno-

1044 1769 1114 1792 rem
1133 1758 1246 1792 affixae
1261 1766 1290 1792 et
1311 1760 1494 1804 publicatae
1516 1761 1646 1793 fuerunt
1666 1771 1726 1805 per
1748 1771 1801 1794 me

1044 1812 1236 1846 [mbertum
1254 1813 1455 1856 Hollonium‚
1476 1813 1646 1858 praelibati
1677 1814 1801 1848 domini

1044 1866 1147 1900 nostri
1177 1867 1282 1912 Papae
1307 1879 1485 1902 cursorem.

1088 1921 1224 1955 Ioannes
1247 1922 1365 1963 Freile,
1392 1923 1546 1967 magister
1570 1935 1753 1958 eumarum.

1062 1974 1125 2005 Dat.
1144 1976 1192 2006 die
1214 1976 1251 2006 18
1266 1977 1379 2008 decem.
1398 1978 1493 2016 1553,
1513 1978 1619 2018 pontif.
1640 1988 1718 2009 anno
1741 1987 1779 2010 ιτ.

1355 2161 1486 2195 XXVIII.

1047 2235 1137 2276 Quod
1167 2236 1273 2278 frater
1299 2247 1474 2280 yet-mames
1491 2237 1631 2271 alicuius
1660 2238 1803 2273 Sanctae

1089 2290 1258 2323 Romanae
1275 2290 1438 2325 Ecclesiae
1452 2293 1633 2325 cardinalis
1650 2293 1799 2334 viventis,

1089 2344 1134 2376 ad
1151 2344 1392 2377 cardinalatum
1408 2346 1595 2388 promat-eri
1611 2357 1676 2379 non
1684 2347 1799 2390 possit.

1068 2423 1263 2452 sanctissimus
1281 2425 1405 2454 dominus
1425 2426 1523 2455 nester
1539 2426 1666 2456 domins
1694 2427 1781 2455 lulius

1204 2478 1299 2508 divin
1315 2480 1492 2517 providentia
1510 2482 1581 2517 Papa
1598 2482 1644 2511 m.

1090 2550 1153 2585 Pro
1182 2551 1269 2586 bono
1296 2552 1455 2596 regimine
1483 2559 1612 2588 sanctae
1638 2553 1803 2588 Romanae

249 2603 365 2639 diebus
381 2633 389 2648 ,
416 2606 493 2640 dum
513 2605 582 2652 ipsa
606 2608 799 2642 cancellaria
821 2608 1003 2651 tenebitur,
1047 2605 1211 2640 Ecclesiae
1231 2617 1268 2640 ac
1287 2617 1348 2651 pro
1379 2607 1465 2641 felici
1485 2607 1567 2641 sacri
1587 2607 1715 2651 collegii
1734 2618 1805 2642 car-

249 2665 310 2700 per
333 2655 474 2700 aliquem
509 2667 548 2690 ex
575 2657 765 2692 cursoribus
787 2658 907 2692 nostris
934 2658 1005 2692 assi·
1047 2659 1204 2694 dinalium
1223 2659 1411 2703 directione,
1430 2662 1469 2695 de
1489 2661 1636 2706 ipsorum
1655 2661 1803 2696 cardina-

1841 1233 1968 1256 hauan..
