<?xml version="1.0" encoding="UTF-8"?>
<!DOCTYPE html PUBLIC "-//W3C//DTD XHTML 1.0 Transitional//EN"
    "http://www.w3.org/TR/xhtml1/DTD/xhtml1-transitional.dtd">
<html xmlns="http://www.w3.org/1999/xhtml" xml:lang="en" lang="en">
 <head>
  <title>
</title>
<meta http-equiv="Content-Type" content="text/html;charset=utf-8" />
  <meta name='ocr-system' content='tesseract 3.04.00' />
  <meta name='ocr-capabilities' content='ocr_page ocr_carea ocr_par ocr_line ocrx_word'/>
</head>
<body>
  <div class='ocr_page' id='page_1' title='image "./bullarumdiplomat06cath_0587.png"; bbox 0 0 2227 3001; ppageno 0'>
   <div class='ocr_carea' id='block_1_1' title="bbox 46 252 227 281">
    <p class='ocr_par' dir='ltr' id='par_1_1' title="bbox 46 252 227 281">
     <span class='ocr_line' id='line_1_1' title="bbox 46 252 227 281; baseline -0.011 0"><span class='ocrx_word' id='word_1_1' title='bbox 46 254 98 281; x_wconf 68' lang='lat' dir='ltr'>An.</span> <span class='ocrx_word' id='word_1_2' title='bbox 115 252 142 280; x_wconf 88' lang='lat' dir='ltr'>C.</span> <span class='ocrx_word' id='word_1_3' title='bbox 162 252 227 280; x_wconf 72' lang='lat'>¹558</span> 
     </span>
    </p>
   </div>
   <div class='ocr_carea' id='block_1_2' title="bbox 45 1224 231 1283">
    <p class='ocr_par' dir='ltr' id='par_1_2' title="bbox 45 1224 231 1283">
     <span class='ocr_line' id='line_1_2' title="bbox 67 1224 231 1246; baseline 0 0"><span class='ocrx_word' id='word_1_4' title='bbox 67 1224 176 1246; x_wconf 68' lang='lat' dir='ltr'>Clau-utne</span> <span class='ocrx_word' id='word_1_5' title='bbox 192 1225 231 1246; x_wconf 76' lang='lat' dir='ltr'>do-</span> 
     </span>
     <span class='ocr_line' id='line_1_3' title="bbox 45 1256 173 1283; baseline -0.016 -5"><span class='ocrx_word' id='word_1_6' title='bbox 45 1256 173 1283; x_wconf 66' lang='lat' dir='ltr'>rogatui-iae.</span> 
     </span>
    </p>
   </div>
   <div class='ocr_carea' id='block_1_3' title="bbox 900 246 1020 271">
    <p class='ocr_par' dir='ltr' id='par_1_3' title="bbox 900 246 1020 271">
     <span class='ocr_line' id='line_1_4' title="bbox 900 246 1020 271; baseline 0 -1"><span class='ocrx_word' id='word_1_7' title='bbox 900 247 959 271; x_wconf 56' lang='lat' dir='ltr'>Plu*</span> <span class='ocrx_word' id='word_1_8' title='bbox 963 246 1020 270; x_wconf 90' lang='lat' dir='ltr'>LUS</span> 
     </span>
    </p>
   </div>
   <div class='ocr_carea' id='block_1_4' title="bbox 242 301 1031 2640">
    <p class='ocr_par' dir='ltr' id='par_1_4' title="bbox 242 301 1017 1153">
     <span class='ocr_line' id='line_1_5' title="bbox 242 301 1017 347; baseline -0.006 -10"><span class='ocrx_word' id='word_1_9' title='bbox 242 310 273 338; x_wconf 85' lang='lat' dir='ltr'>et</span> <span class='ocrx_word' id='word_1_10' title='bbox 288 304 418 347; x_wconf 76' lang='lat' dir='ltr'>Virgilio</span> <span class='ocrx_word' id='word_1_11' title='bbox 434 302 653 336; x_wconf 77' lang='lat' dir='ltr'>cardinalibus</span> <span class='ocrx_word' id='word_1_12' title='bbox 663 301 917 346; x_wconf 77' lang='lat' dir='ltr'>praefigendum,</span> <span class='ocrx_word' id='word_1_13' title='bbox 929 312 995 332; x_wconf 71' lang='grc' dir='ltr'><strong><em>(ιιιι-</em></strong></span> <span class='ocrx_word' id='word_1_14' title='bbox 1014 303 1017 316; x_wconf 86' lang='grc'><em>“</em></span> 
     </span>
     <span class='ocr_line' id='line_1_6' title="bbox 243 356 995 401; baseline -0.005 -10"><span class='ocrx_word' id='word_1_15' title='bbox 243 359 295 391; x_wconf 86' lang='lat' dir='ltr'>nia</span> <span class='ocrx_word' id='word_1_16' title='bbox 315 363 345 391; x_wconf 88' lang='lat' dir='ltr'>et</span> <span class='ocrx_word' id='word_1_17' title='bbox 361 357 486 401; x_wconf 80' lang='lat' dir='ltr'>singula</span> <span class='ocrx_word' id='word_1_18' title='bbox 502 357 707 397; x_wconf 83' lang='lat' dir='ltr'>monasteria,</span> <span class='ocrx_word' id='word_1_19' title='bbox 722 356 893 399; x_wconf 77' lang='lat' dir='ltr'>prioratus,</span> <span class='ocrx_word' id='word_1_20' title='bbox 910 366 995 399; x_wconf 80' lang='lat' dir='ltr'>prae-</span> 
     </span>
     <span class='ocr_line' id='line_1_7' title="bbox 244 408 995 455; baseline -0.007 -10"><span class='ocrx_word' id='word_1_21' title='bbox 244 411 418 455; x_wconf 83' lang='lat' dir='ltr'>posituras,</span> <span class='ocrx_word' id='word_1_22' title='bbox 444 409 697 454; x_wconf 80' lang='lat' dir='ltr'>praepositatus,</span> <span class='ocrx_word' id='word_1_23' title='bbox 720 408 891 449; x_wconf 85' lang='lat' dir='ltr'>ecclesias,</span> <span class='ocrx_word' id='word_1_24' title='bbox 920 419 995 452; x_wconf 82' lang='lat' dir='ltr'>cap-</span> 
     </span>
     <span class='ocr_line' id='line_1_8' title="bbox 243 461 993 510; baseline -0.005 -12"><span class='ocrx_word' id='word_1_25' title='bbox 243 464 398 510; x_wconf 85' lang='lat' dir='ltr'>pellanias</span> <span class='ocrx_word' id='word_1_26' title='bbox 429 469 459 497; x_wconf 88' lang='lat' dir='ltr'>et</span> <span class='ocrx_word' id='word_1_27' title='bbox 488 463 549 496; x_wconf 88' lang='lat' dir='ltr'>alia</span> <span class='ocrx_word' id='word_1_28' title='bbox 575 462 733 496; x_wconf 86' lang='lat' dir='ltr'>beneficia</span> <span class='ocrx_word' id='word_1_29' title='bbox 760 461 993 501; x_wconf 81' lang='lat' dir='ltr'>ecclesiastica,</span> 
     </span>
     <span class='ocr_line' id='line_1_9' title="bbox 243 516 996 562; baseline -0.005 -11"><span class='ocrx_word' id='word_1_30' title='bbox 243 529 324 562; x_wconf 87' lang='lat' dir='ltr'>quae</span> <span class='ocrx_word' id='word_1_31' title='bbox 340 517 514 561; x_wconf 87' lang='lat' dir='ltr'>possident,</span> <span class='ocrx_word' id='word_1_32' title='bbox 535 522 566 555; x_wconf 83' lang='lat' dir='ltr'>et</span> <span class='ocrx_word' id='word_1_33' title='bbox 581 528 618 550; x_wconf 85' lang='lat' dir='ltr'>ea</span> <span class='ocrx_word' id='word_1_34' title='bbox 634 516 783 560; x_wconf 80' lang='lat' dir='ltr'>specifice</span> <span class='ocrx_word' id='word_1_35' title='bbox 799 522 827 549; x_wconf 89' lang='lat' dir='ltr'>et</span> <span class='ocrx_word' id='word_1_36' title='bbox 849 526 996 559; x_wconf 78' lang='lat' dir='ltr'>expresse</span> 
     </span>
     <span class='ocr_line' id='line_1_10' title="bbox 243 568 996 615; baseline -0.005 -11"><span class='ocrx_word' id='word_1_37' title='bbox 243 582 327 615; x_wconf 86' lang='lat' dir='ltr'>quae</span> <span class='ocrx_word' id='word_1_38' title='bbox 351 570 536 604; x_wconf 77' lang='lat' dir='ltr'>facultatem</span> <span class='ocrx_word' id='word_1_39' title='bbox 563 575 594 603; x_wconf 85' lang='lat' dir='ltr'>et</span> <span class='ocrx_word' id='word_1_40' title='bbox 620 569 782 602; x_wconf 88' lang='lat' dir='ltr'>indultum</span> <span class='ocrx_word' id='word_1_41' title='bbox 808 568 996 601; x_wconf 86' lang='lat' dir='ltr'>huiusmodi</span> 
     </span>
     <span class='ocr_line' id='line_1_11' title="bbox 244 622 997 667; baseline -0.004 -10"><span class='ocrx_word' id='word_1_42' title='bbox 244 625 373 664; x_wconf 86' lang='lat' dir='ltr'>habent,</span> <span class='ocrx_word' id='word_1_43' title='bbox 394 635 450 657; x_wconf 89' lang='lat' dir='ltr'>seu</span> <span class='ocrx_word' id='word_1_44' title='bbox 477 634 617 667; x_wconf 89' lang='lat' dir='ltr'>quorum</span> <span class='ocrx_word' id='word_1_45' title='bbox 642 623 772 656; x_wconf 78' lang='lat' dir='ltr'>abbates</span> <span class='ocrx_word' id='word_1_46' title='bbox 797 633 855 655; x_wconf 86' lang='lat' dir='ltr'>scu</span> <span class='ocrx_word' id='word_1_47' title='bbox 874 622 997 666; x_wconf 79' lang='lat' dir='ltr'>priores</span> 
     </span>
     <span class='ocr_line' id='line_1_12' title="bbox 243 669 997 722; baseline -0.004 -11"><span class='ocrx_word' id='word_1_48' title='bbox 243 679 290 712; x_wconf 87' lang='lat' dir='ltr'>vel</span> <span class='ocrx_word' id='word_1_49' title='bbox 311 678 365 711; x_wconf 92' lang='lat' dir='ltr'>alii</span> <span class='ocrx_word' id='word_1_50' title='bbox 385 678 519 722; x_wconf 87' lang='lat' dir='ltr'>praelati</span> <span class='ocrx_word' id='word_1_51' title='bbox 540 677 579 710; x_wconf 90' lang='lat' dir='ltr'>ad</span> <span class='ocrx_word' id='word_1_52' title='bbox 600 682 728 720; x_wconf 86' lang='lat' dir='ltr'>tempus</span> <span class='ocrx_word' id='word_1_53' title='bbox 747 676 924 719; x_wconf 77' lang='lat' dir='ltr'>eliguntur,</span> <span class='ocrx_word' id='word_1_54' title='bbox 941 669 997 709; x_wconf 82' lang='lat' dir='ltr'>seu</span> 
     </span>
     <span class='ocr_line' id='line_1_13' title="bbox 243 729 998 769; baseline -0.005 -3"><span class='ocrx_word' id='word_1_55' title='bbox 243 733 340 766; x_wconf 87' lang='lat' dir='ltr'>etiam</span> <span class='ocrx_word' id='word_1_56' title='bbox 361 732 400 765; x_wconf 90' lang='lat' dir='ltr'>ad</span> <span class='ocrx_word' id='word_1_57' title='bbox 419 732 514 765; x_wconf 87' lang='lat' dir='ltr'>vitam</span> <span class='ocrx_word' id='word_1_58' title='bbox 536 731 641 769; x_wconf 84' lang='lat' dir='ltr'>electi,</span> <span class='ocrx_word' id='word_1_59' title='bbox 664 731 731 764; x_wconf 92' lang='lat' dir='ltr'>sine</span> <span class='ocrx_word' id='word_1_60' title='bbox 753 729 998 763; x_wconf 86' lang='lat' dir='ltr'>confirmatione</span> 
     </span>
     <span class='ocr_line' id='line_1_14' title="bbox 243 784 998 831; baseline -0.004 -12"><span class='ocrx_word' id='word_1_61' title='bbox 243 786 416 831; x_wconf 89' lang='lat' dir='ltr'>praedicta,</span> <span class='ocrx_word' id='word_1_62' title='bbox 437 785 673 825; x_wconf 88' lang='lat' dir='ltr'>administrant,</span> <span class='ocrx_word' id='word_1_63' title='bbox 692 795 757 817; x_wconf 90' lang='lat' dir='ltr'>una</span> <span class='ocrx_word' id='word_1_64' title='bbox 777 795 851 817; x_wconf 89' lang='lat' dir='ltr'>cum</span> <span class='ocrx_word' id='word_1_65' title='bbox 867 784 998 817; x_wconf 90' lang='lat' dir='ltr'>illorum</span> 
     </span>
     <span class='ocr_line' id='line_1_15' title="bbox 243 840 998 884; baseline -0.004 -10"><span class='ocrx_word' id='word_1_66' title='bbox 243 841 418 881; x_wconf 82' lang='lat' dir='ltr'>fructuum,</span> <span class='ocrx_word' id='word_1_67' title='bbox 439 840 625 874; x_wconf 84' lang='lat' dir='ltr'>reddituum</span> <span class='ocrx_word' id='word_1_68' title='bbox 646 845 677 872; x_wconf 91' lang='lat' dir='ltr'>et</span> <span class='ocrx_word' id='word_1_69' title='bbox 695 844 908 884; x_wconf 74' lang='lat' dir='ltr'>proventuum</span> <span class='ocrx_word' id='word_1_70' title='bbox 923 850 998 872; x_wconf 86' lang='lat' dir='ltr'>vero</span> 
     </span>
     <span class='ocr_line' id='line_1_16' title="bbox 243 893 1000 937; baseline -0.003 -10"><span class='ocrx_word' id='word_1_71' title='bbox 243 904 352 927; x_wconf 89' lang='lat' dir='ltr'>annuo</span> <span class='ocrx_word' id='word_1_72' title='bbox 371 895 491 934; x_wconf 90' lang='lat' dir='ltr'>valore,</span> <span class='ocrx_word' id='word_1_73' title='bbox 513 893 664 937; x_wconf 79' lang='lat' dir='ltr'>praefatis</span> <span class='ocrx_word' id='word_1_74' title='bbox 680 893 948 926; x_wconf 75' lang='lat' dir='ltr'>loannilllichaeli</span> <span class='ocrx_word' id='word_1_75' title='bbox 970 897 1000 926; x_wconf 92' lang='lat' dir='ltr'>et</span> 
     </span>
     <span class='ocr_line' id='line_1_17' title="bbox 242 946 999 991; baseline -0.003 -10"><span class='ocrx_word' id='word_1_76' title='bbox 242 948 374 991; x_wconf 78' lang='lat' dir='ltr'>Virgilio</span> <span class='ocrx_word' id='word_1_77' title='bbox 403 948 623 981; x_wconf 79' lang='lat' dir='ltr'>cardinalibus</span> <span class='ocrx_word' id='word_1_78' title='bbox 654 946 836 980; x_wconf 83' lang='lat' dir='ltr'>notificasse</span> <span class='ocrx_word' id='word_1_79' title='bbox 866 951 897 979; x_wconf 88' lang='lat' dir='ltr'>et</span> <span class='ocrx_word' id='word_1_80' title='bbox 926 947 999 980; x_wconf 89' lang='lat' dir='ltr'>inti-</span> 
     </span>
     <span class='ocr_line' id='line_1_18' title="bbox 243 1001 999 1045; baseline -0.003 -10"><span class='ocrx_word' id='word_1_81' title='bbox 243 1013 346 1036; x_wconf 90' lang='lat' dir='ltr'>masse</span> <span class='ocrx_word' id='word_1_82' title='bbox 374 1001 521 1042; x_wconf 88' lang='lat' dir='ltr'>debeant,</span> <span class='ocrx_word' id='word_1_83' title='bbox 557 1007 587 1035; x_wconf 87' lang='lat' dir='ltr'>et</span> <span class='ocrx_word' id='word_1_84' title='bbox 607 1001 646 1034; x_wconf 92' lang='lat' dir='ltr'>ad</span> <span class='ocrx_word' id='word_1_85' title='bbox 666 1001 698 1034; x_wconf 93' lang='lat' dir='ltr'>id</span> <span class='ocrx_word' id='word_1_86' title='bbox 727 1011 786 1045; x_wconf 90' lang='lat' dir='ltr'>per</span> <span class='ocrx_word' id='word_1_87' title='bbox 812 1001 999 1041; x_wconf 88' lang='lat' dir='ltr'>sententias,</span> 
     </span>
     <span class='ocr_line' id='line_1_19' title="bbox 245 1055 1000 1101; baseline -0.004 -11"><span class='ocrx_word' id='word_1_88' title='bbox 245 1067 398 1090; x_wconf 86' lang='lat' dir='ltr'>censuras</span> <span class='ocrx_word' id='word_1_89' title='bbox 418 1061 449 1090; x_wconf 89' lang='lat' dir='ltr'>et</span> <span class='ocrx_word' id='word_1_90' title='bbox 468 1067 589 1101; x_wconf 85' lang='lat' dir='ltr'>poenas</span> <span class='ocrx_word' id='word_1_91' title='bbox 603 1055 636 1088; x_wconf 90' lang='lat' dir='ltr'>in</span> <span class='ocrx_word' id='word_1_92' title='bbox 652 1055 785 1098; x_wconf 81' lang='lat' dir='ltr'>singulis</span> <span class='ocrx_word' id='word_1_93' title='bbox 801 1055 901 1088; x_wconf 87' lang='lat' dir='ltr'>literis</span> <span class='ocrx_word' id='word_1_94' title='bbox 916 1066 1000 1098; x_wconf 81' lang='lat' dir='ltr'>prae—</span> 
     </span>
     <span class='ocr_line' id='line_1_20' title="bbox 245 1109 997 1153; baseline -0.005 -9"><span class='ocrx_word' id='word_1_95' title='bbox 245 1110 338 1144; x_wconf 88' lang='lat' dir='ltr'>dictis</span> <span class='ocrx_word' id='word_1_96' title='bbox 357 1115 523 1144; x_wconf 84' lang='lat' dir='ltr'>contentas</span> <span class='ocrx_word' id='word_1_97' title='bbox 543 1110 613 1153; x_wconf 81' lang='lat' dir='ltr'>cogi</span> <span class='ocrx_word' id='word_1_98' title='bbox 638 1114 667 1143; x_wconf 91' lang='lat' dir='ltr'>et</span> <span class='ocrx_word' id='word_1_99' title='bbox 689 1109 838 1152; x_wconf 87' lang='lat' dir='ltr'>compelli</span> <span class='ocrx_word' id='word_1_100' title='bbox 865 1109 997 1151; x_wconf 86' lang='lat' dir='ltr'>possint.</span> 
     </span>
    </p>

    <p class='ocr_par' dir='ltr' id='par_1_5' title="bbox 245 1162 1031 2640">
     <span class='ocr_line' id='line_1_21' title="bbox 290 1162 1000 1209; baseline -0.006 -11"><span class='ocrx_word' id='word_1_101' title='bbox 290 1165 305 1209; x_wconf 66' lang='grc' dir='ltr'><strong>ἓ</strong></span> <span class='ocrx_word' id='word_1_102' title='bbox 331 1165 384 1198; x_wconf 44' lang='grc' dir='ltr'>ί19..</span> <span class='ocrx_word' id='word_1_103' title='bbox 407 1165 476 1198; x_wconf 88' lang='lat' dir='ltr'>Non</span> <span class='ocrx_word' id='word_1_104' title='bbox 502 1163 702 1197; x_wconf 75' lang='lat' dir='ltr'>obstantibus</span> <span class='ocrx_word' id='word_1_105' title='bbox 726 1162 827 1195; x_wconf 89' lang='lat' dir='ltr'>literis</span> <span class='ocrx_word' id='word_1_106' title='bbox 847 1162 1000 1205; x_wconf 80' lang='lat' dir='ltr'>Eugenii,</span> 
     </span>
     <span class='ocr_line' id='line_1_22' title="bbox 245 1216 1002 1261; baseline -0.007 -8"><span class='ocrx_word' id='word_1_107' title='bbox 245 1219 360 1253; x_wconf 88' lang='lat' dir='ltr'>Leonis</span> <span class='ocrx_word' id='word_1_108' title='bbox 371 1225 401 1252; x_wconf 87' lang='lat' dir='ltr'>et</span> <span class='ocrx_word' id='word_1_109' title='bbox 409 1217 591 1258; x_wconf 88' lang='lat' dir='ltr'>Clementis,</span> <span class='ocrx_word' id='word_1_110' title='bbox 604 1217 880 1261; x_wconf 64' lang='lat' dir='ltr'>praedecessorum</span> <span class='ocrx_word' id='word_1_111' title='bbox 891 1216 1002 1249; x_wconf 79' lang='lat' dir='ltr'>liuius-</span> 
     </span>
     <span class='ocr_line' id='line_1_23' title="bbox 246 1269 1001 1315; baseline -0.005 -10"><span class='ocrx_word' id='word_1_112' title='bbox 246 1272 346 1313; x_wconf 91' lang='lat' dir='ltr'>modi,</span> <span class='ocrx_word' id='word_1_113' title='bbox 364 1277 394 1305; x_wconf 88' lang='lat' dir='ltr'>et</span> <span class='ocrx_word' id='word_1_114' title='bbox 414 1272 484 1304; x_wconf 87' lang='lat' dir='ltr'>aliis</span> <span class='ocrx_word' id='word_1_115' title='bbox 500 1270 683 1315; x_wconf 67' lang='lat' dir='ltr'>praemissis</span> <span class='ocrx_word' id='word_1_116' title='bbox 694 1281 730 1303; x_wconf 84' lang='lat' dir='ltr'>ac</span> <span class='ocrx_word' id='word_1_117' title='bbox 742 1269 907 1313; x_wconf 78' lang='lat' dir='ltr'>quibusvis</span> <span class='ocrx_word' id='word_1_118' title='bbox 923 1281 1001 1302; x_wconf 91' lang='lat' dir='ltr'>con-</span> 
     </span>
     <span class='ocr_line' id='line_1_24' title="bbox 246 1323 999 1367; baseline -0.004 -8"><span class='ocrx_word' id='word_1_119' title='bbox 246 1325 465 1359; x_wconf 89' lang='lat' dir='ltr'>stitutionibus</span> <span class='ocrx_word' id='word_1_120' title='bbox 485 1331 515 1358; x_wconf 87' lang='lat' dir='ltr'>et</span> <span class='ocrx_word' id='word_1_121' title='bbox 531 1324 788 1357; x_wconf 78' lang='lat' dir='ltr'>ordinationibus</span> <span class='ocrx_word' id='word_1_122' title='bbox 803 1323 999 1367; x_wconf 84' lang='lat' dir='ltr'>apostolicis,</span> 
     </span>
     <span class='ocr_line' id='line_1_25' title="bbox 246 1377 1002 1423; baseline -0.004 -10"><span class='ocrx_word' id='word_1_123' title='bbox 246 1390 373 1413; x_wconf 83' lang='lat' dir='ltr'>necnon</span> <span class='ocrx_word' id='word_1_124' title='bbox 393 1378 579 1423; x_wconf 71' lang='lat' dir='ltr'>privilegiis,</span> <span class='ocrx_word' id='word_1_125' title='bbox 602 1378 736 1411; x_wconf 89' lang='lat' dir='ltr'>indultis</span> <span class='ocrx_word' id='word_1_126' title='bbox 755 1383 783 1410; x_wconf 89' lang='lat' dir='ltr'>et</span> <span class='ocrx_word' id='word_1_127' title='bbox 804 1377 906 1410; x_wconf 89' lang='lat' dir='ltr'>literis</span> <span class='ocrx_word' id='word_1_128' title='bbox 923 1388 1002 1421; x_wconf 88' lang='lat' dir='ltr'>apo-</span> 
     </span>
     <span class='ocr_line' id='line_1_26' title="bbox 245 1431 1002 1475; baseline -0.004 -9"><span class='ocrx_word' id='word_1_129' title='bbox 245 1433 366 1467; x_wconf 89' lang='lat' dir='ltr'>stolicis</span> <span class='ocrx_word' id='word_1_130' title='bbox 391 1431 635 1475; x_wconf 75' lang='lat' dir='ltr'>congregationi</span> <span class='ocrx_word' id='word_1_131' title='bbox 660 1431 898 1465; x_wconf 87' lang='lat' dir='ltr'>Camaldulensi</span> <span class='ocrx_word' id='word_1_132' title='bbox 926 1431 1002 1464; x_wconf 86' lang='lat' dir='ltr'>Ere-</span> 
     </span>
     <span class='ocr_line' id='line_1_27' title="bbox 245 1485 1003 1524; baseline -0.004 -4"><span class='ocrx_word' id='word_1_133' title='bbox 245 1487 399 1520; x_wconf 89' lang='lat' dir='ltr'>mitarum</span> <span class='ocrx_word' id='word_1_134' title='bbox 420 1491 450 1519; x_wconf 89' lang='lat' dir='ltr'>et</span> <span class='ocrx_word' id='word_1_135' title='bbox 470 1486 501 1519; x_wconf 83' lang='lat' dir='ltr'>S.</span> <span class='ocrx_word' id='word_1_136' title='bbox 525 1485 688 1518; x_wconf 81' lang='lat' dir='ltr'>Michaelis</span> <span class='ocrx_word' id='word_1_137' title='bbox 705 1485 744 1517; x_wconf 88' lang='lat' dir='ltr'>de</span> <span class='ocrx_word' id='word_1_138' title='bbox 761 1485 908 1524; x_wconf 83' lang='lat' dir='ltr'>Murano,</span> <span class='ocrx_word' id='word_1_139' title='bbox 928 1486 1003 1518; x_wconf 82' lang='lat' dir='ltr'>Tor-</span> 
     </span>
     <span class='ocr_line' id='line_1_28' title="bbox 246 1537 1003 1582; baseline -0.004 -9"><span class='ocrx_word' id='word_1_140' title='bbox 246 1539 440 1573; x_wconf 88' lang='lat' dir='ltr'>cellanensis</span> <span class='ocrx_word' id='word_1_141' title='bbox 455 1538 624 1579; x_wconf 85' lang='lat' dir='ltr'>dioecesis,</span> <span class='ocrx_word' id='word_1_142' title='bbox 642 1549 700 1582; x_wconf 88' lang='lat' dir='ltr'>per</span> <span class='ocrx_word' id='word_1_143' title='bbox 717 1537 839 1571; x_wconf 84' lang='lat' dir='ltr'>dictum</span> <span class='ocrx_word' id='word_1_144' title='bbox 864 1539 1003 1571; x_wconf 85' lang='lat' dir='ltr'>Leonem</span> 
     </span>
     <span class='ocr_line' id='line_1_29' title="bbox 248 1592 1003 1637; baseline -0.003 -11"><span class='ocrx_word' id='word_1_145' title='bbox 248 1593 531 1637; x_wconf 85' lang='lat' dir='ltr'>praedecessorem</span> <span class='ocrx_word' id='word_1_146' title='bbox 557 1592 589 1625; x_wconf 90' lang='lat' dir='ltr'>in</span> <span class='ocrx_word' id='word_1_147' title='bbox 617 1592 687 1625; x_wconf 87' lang='lat' dir='ltr'>eius</span> <span class='ocrx_word' id='word_1_148' title='bbox 712 1592 874 1625; x_wconf 83' lang='lat' dir='ltr'>erectione</span> <span class='ocrx_word' id='word_1_149' title='bbox 901 1597 928 1625; x_wconf 91' lang='lat' dir='ltr'>et</span> <span class='ocrx_word' id='word_1_150' title='bbox 956 1592 1003 1625; x_wconf 90' lang='lat' dir='ltr'>in-</span> 
     </span>
     <span class='ocr_line' id='line_1_30' title="bbox 249 1645 1003 1689; baseline -0.004 -9"><span class='ocrx_word' id='word_1_151' title='bbox 249 1645 425 1686; x_wconf 80' lang='lat' dir='ltr'>stitutione,</span> <span class='ocrx_word' id='word_1_152' title='bbox 439 1646 498 1679; x_wconf 91' lang='lat' dir='ltr'>sub</span> <span class='ocrx_word' id='word_1_153' title='bbox 514 1645 776 1689; x_wconf 87' lang='lat' dir='ltr'>quibuscumque</span> <span class='ocrx_word' id='word_1_154' title='bbox 793 1645 960 1677; x_wconf 90' lang='lat' dir='ltr'>tenoribus</span> <span class='ocrx_word' id='word_1_155' title='bbox 976 1650 1003 1678; x_wconf 86' lang='lat' dir='ltr'>et</span> 
     </span>
     <span class='ocr_line' id='line_1_31' title="bbox 248 1698 1005 1743; baseline -0.001 -10"><span class='ocrx_word' id='word_1_156' title='bbox 248 1700 369 1741; x_wconf 87' lang='lat' dir='ltr'>formis,</span> <span class='ocrx_word' id='word_1_157' title='bbox 386 1710 422 1733; x_wconf 91' lang='lat' dir='ltr'>ac</span> <span class='ocrx_word' id='word_1_158' title='bbox 443 1710 517 1733; x_wconf 89' lang='lat' dir='ltr'>cum</span> <span class='ocrx_word' id='word_1_159' title='bbox 538 1698 703 1743; x_wconf 78' lang='lat' dir='ltr'>quibusvis</span> <span class='ocrx_word' id='word_1_160' title='bbox 724 1698 817 1731; x_wconf 80' lang='lat' dir='ltr'>etiam</span> <span class='ocrx_word' id='word_1_161' title='bbox 834 1699 1005 1741; x_wconf 70' lang='lat' dir='ltr'>derogato-</span> 
     </span>
     <span class='ocr_line' id='line_1_32' title="bbox 248 1752 1007 1796; baseline -0.003 -9"><span class='ocrx_word' id='word_1_162' title='bbox 248 1755 371 1787; x_wconf 87' lang='lat' dir='ltr'>riarum</span> <span class='ocrx_word' id='word_1_163' title='bbox 396 1753 606 1796; x_wconf 78' lang='lat' dir='ltr'>derogatoriis</span> <span class='ocrx_word' id='word_1_164' title='bbox 622 1752 756 1796; x_wconf 91' lang='lat' dir='ltr'>aliisque</span> <span class='ocrx_word' id='word_1_165' title='bbox 771 1753 1007 1786; x_wconf 80' lang='lat' dir='ltr'>efficacioribus</span> 
     </span>
     <span class='ocr_line' id='line_1_33' title="bbox 249 1805 1007 1847; baseline -0.003 -6"><span class='ocrx_word' id='word_1_166' title='bbox 249 1813 280 1841; x_wconf 90' lang='lat' dir='ltr'>et</span> <span class='ocrx_word' id='word_1_167' title='bbox 290 1807 428 1841; x_wconf 89' lang='lat' dir='ltr'>insolitis</span> <span class='ocrx_word' id='word_1_168' title='bbox 437 1806 603 1847; x_wconf 77' lang='lat' dir='ltr'>clausulis,</span> <span class='ocrx_word' id='word_1_169' title='bbox 622 1817 748 1839; x_wconf 88' lang='lat' dir='ltr'>necnon</span> <span class='ocrx_word' id='word_1_170' title='bbox 766 1805 966 1839; x_wconf 85' lang='lat' dir='ltr'>irritantibus</span> <span class='ocrx_word' id='word_1_171' title='bbox 977 1812 1007 1839; x_wconf 75' lang='lat' dir='ltr'>et</span> 
     </span>
     <span class='ocr_line' id='line_1_34' title="bbox 248 1860 1007 1901; baseline -0.001 -7"><span class='ocrx_word' id='word_1_172' title='bbox 248 1861 319 1894; x_wconf 90' lang='lat' dir='ltr'>aliis</span> <span class='ocrx_word' id='word_1_173' title='bbox 336 1860 487 1901; x_wconf 81' lang='lat' dir='ltr'>decretis,</span> <span class='ocrx_word' id='word_1_174' title='bbox 500 1860 595 1894; x_wconf 88' lang='lat' dir='ltr'>etiam</span> <span class='ocrx_word' id='word_1_175' title='bbox 608 1865 696 1894; x_wconf 87' lang='lat' dir='ltr'>motu</span> <span class='ocrx_word' id='word_1_176' title='bbox 707 1866 735 1893; x_wconf 85' lang='lat' dir='ltr'>et</span> <span class='ocrx_word' id='word_1_177' title='bbox 747 1860 879 1893; x_wconf 85' lang='lat' dir='ltr'>scicntia</span> <span class='ocrx_word' id='word_1_178' title='bbox 896 1861 1007 1893; x_wconf 86' lang='lat' dir='ltr'>simili-</span> 
     </span>
     <span class='ocr_line' id='line_1_35' title="bbox 249 1914 1007 1959; baseline -0.003 -11"><span class='ocrx_word' id='word_1_179' title='bbox 249 1916 320 1955; x_wconf 88' lang='lat' dir='ltr'>bus,</span> <span class='ocrx_word' id='word_1_180' title='bbox 334 1926 371 1948; x_wconf 90' lang='lat' dir='ltr'>ac</span> <span class='ocrx_word' id='word_1_181' title='bbox 386 1915 425 1948; x_wconf 93' lang='lat' dir='ltr'>de</span> <span class='ocrx_word' id='word_1_182' title='bbox 440 1914 636 1959; x_wconf 88' lang='lat' dir='ltr'>apostolicae</span> <span class='ocrx_word' id='word_1_183' title='bbox 648 1914 812 1958; x_wconf 88' lang='lat' dir='ltr'>potestatis</span> <span class='ocrx_word' id='word_1_184' title='bbox 831 1914 1007 1959; x_wconf 87' lang='lat' dir='ltr'>plenitudi-</span> 
     </span>
     <span class='ocr_line' id='line_1_36' title="bbox 249 1968 1008 2012; baseline -0.001 -9"><span class='ocrx_word' id='word_1_185' title='bbox 249 1980 299 2009; x_wconf 89' lang='lat' dir='ltr'>ne,</span> <span class='ocrx_word' id='word_1_186' title='bbox 329 1975 385 2002; x_wconf 87' lang='lat' dir='ltr'>aut</span> <span class='ocrx_word' id='word_1_187' title='bbox 413 1968 491 2002; x_wconf 90' lang='lat' dir='ltr'>alias</span> <span class='ocrx_word' id='word_1_188' title='bbox 512 1968 757 2012; x_wconf 81' lang='lat' dir='ltr'>quomodolibet</span> <span class='ocrx_word' id='word_1_189' title='bbox 782 1968 943 2002; x_wconf 83' lang='lat' dir='ltr'>concessis</span> <span class='ocrx_word' id='word_1_190' title='bbox 971 1980 1008 2002; x_wconf 86' lang='lat' dir='ltr'>ac</span> 
     </span>
     <span class='ocr_line' id='line_1_37' title="bbox 250 2021 1007 2066; baseline -0.001 -10"><span class='ocrx_word' id='word_1_191' title='bbox 250 2023 346 2056; x_wconf 91' lang='lat' dir='ltr'>etiam</span> <span class='ocrx_word' id='word_1_192' title='bbox 357 2022 479 2056; x_wconf 83' lang='lat' dir='ltr'>iteratis</span> <span class='ocrx_word' id='word_1_193' title='bbox 487 2021 611 2055; x_wconf 87' lang='lat' dir='ltr'>vicibus</span> <span class='ocrx_word' id='word_1_194' title='bbox 626 2022 812 2066; x_wconf 86' lang='lat' dir='ltr'>approbatis</span> <span class='ocrx_word' id='word_1_195' title='bbox 829 2029 860 2055; x_wconf 89' lang='lat' dir='ltr'>et</span> <span class='ocrx_word' id='word_1_196' title='bbox 875 2022 1007 2055; x_wconf 87' lang='lat' dir='ltr'>innova-</span> 
     </span>
     <span class='ocr_line' id='line_1_38' title="bbox 251 2075 1007 2120; baseline -0.001 -10"><span class='ocrx_word' id='word_1_197' title='bbox 251 2077 299 2117; x_wconf 86' lang='lat' dir='ltr'>tis,</span> <span class='ocrx_word' id='word_1_198' title='bbox 312 2076 440 2120; x_wconf 77' lang='lat' dir='ltr'>quibus,</span> <span class='ocrx_word' id='word_1_199' title='bbox 456 2076 551 2109; x_wconf 88' lang='lat' dir='ltr'>etiam</span> <span class='ocrx_word' id='word_1_200' title='bbox 565 2075 600 2115; x_wconf 86' lang='lat' dir='ltr'>si,</span> <span class='ocrx_word' id='word_1_201' title='bbox 611 2086 670 2119; x_wconf 87' lang='lat' dir='ltr'>pro</span> <span class='ocrx_word' id='word_1_202' title='bbox 687 2076 818 2109; x_wconf 90' lang='lat' dir='ltr'>illorum</span> <span class='ocrx_word' id='word_1_203' title='bbox 836 2076 1007 2110; x_wconf 84' lang='lat' dir='ltr'>sufficienti</span> 
     </span>
     <span class='ocr_line' id='line_1_39' title="bbox 251 2129 1007 2173; baseline 0 -10"><span class='ocrx_word' id='word_1_204' title='bbox 251 2131 471 2173; x_wconf 79' lang='lat' dir='ltr'>derogatione,</span> <span class='ocrx_word' id='word_1_205' title='bbox 488 2129 527 2162; x_wconf 90' lang='lat' dir='ltr'>de</span> <span class='ocrx_word' id='word_1_206' title='bbox 542 2129 618 2169; x_wconf 87' lang='lat' dir='ltr'>illis,</span> <span class='ocrx_word' id='word_1_207' title='bbox 636 2140 816 2173; x_wconf 86' lang='lat' dir='ltr'>eorumque</span> <span class='ocrx_word' id='word_1_208' title='bbox 827 2129 901 2163; x_wconf 88' lang='lat' dir='ltr'>totis</span> <span class='ocrx_word' id='word_1_209' title='bbox 916 2135 1007 2163; x_wconf 88' lang='lat' dir='ltr'>teno-</span> 
     </span>
     <span class='ocr_line' id='line_1_40' title="bbox 251 2182 1008 2227; baseline 0 -10"><span class='ocrx_word' id='word_1_210' title='bbox 251 2184 341 2217; x_wconf 90' lang='lat' dir='ltr'>ribus</span> <span class='ocrx_word' id='word_1_211' title='bbox 361 2183 526 2227; x_wconf 86' lang='lat' dir='ltr'>specialis,</span> <span class='ocrx_word' id='word_1_212' title='bbox 552 2182 717 2227; x_wconf 81' lang='lat' dir='ltr'>specifica,</span> <span class='ocrx_word' id='word_1_213' title='bbox 739 2194 889 2227; x_wconf 83' lang='lat' dir='ltr'>expressa</span> <span class='ocrx_word' id='word_1_214' title='bbox 909 2189 940 2217; x_wconf 94' lang='lat' dir='ltr'>et</span> <span class='ocrx_word' id='word_1_215' title='bbox 959 2184 1008 2217; x_wconf 93' lang='lat' dir='ltr'>in-</span> 
     </span>
     <span class='ocr_line' id='line_1_41' title="bbox 252 2236 1008 2275; baseline 0 -5"><span class='ocrx_word' id='word_1_216' title='bbox 252 2236 381 2270; x_wconf 88' lang='lat' dir='ltr'>dividua</span> <span class='ocrx_word' id='word_1_217' title='bbox 401 2248 438 2269; x_wconf 88' lang='lat' dir='ltr'>ac</span> <span class='ocrx_word' id='word_1_218' title='bbox 458 2237 495 2269; x_wconf 92' lang='lat' dir='ltr'>de</span> <span class='ocrx_word' id='word_1_219' title='bbox 520 2237 617 2270; x_wconf 86' lang='lat' dir='ltr'>verbo</span> <span class='ocrx_word' id='word_1_220' title='bbox 638 2237 677 2270; x_wconf 86' lang='lat' dir='ltr'>ad</span> <span class='ocrx_word' id='word_1_221' title='bbox 696 2237 843 2275; x_wconf 86' lang='lat' dir='ltr'>verbum,</span> <span class='ocrx_word' id='word_1_222' title='bbox 865 2247 930 2271; x_wconf 91' lang='lat' dir='ltr'>non</span> <span class='ocrx_word' id='word_1_223' title='bbox 951 2249 1008 2271; x_wconf 87' lang='lat' dir='ltr'>au-</span> 
     </span>
     <span class='ocr_line' id='line_1_42' title="bbox 252 2290 1008 2335; baseline 0 -11"><span class='ocrx_word' id='word_1_224' title='bbox 252 2297 317 2324; x_wconf 89' lang='lat' dir='ltr'>tern</span> <span class='ocrx_word' id='word_1_225' title='bbox 337 2301 396 2334; x_wconf 85' lang='lat' dir='ltr'>per</span> <span class='ocrx_word' id='word_1_226' title='bbox 415 2291 577 2324; x_wconf 85' lang='lat' dir='ltr'>clausulas</span> <span class='ocrx_word' id='word_1_227' title='bbox 596 2291 762 2334; x_wconf 76' lang='lat' dir='ltr'>generales</span> <span class='ocrx_word' id='word_1_228' title='bbox 781 2290 866 2323; x_wconf 85' lang='lat' dir='ltr'>idem</span> <span class='ocrx_word' id='word_1_229' title='bbox 886 2290 1008 2335; x_wconf 86' lang='lat' dir='ltr'>impor-</span> 
     </span>
     <span class='ocr_line' id='line_1_43' title="bbox 251 2344 1009 2389; baseline 0.001 -12"><span class='ocrx_word' id='word_1_230' title='bbox 251 2349 367 2385; x_wconf 88' lang='lat' dir='ltr'>tantes‚</span> <span class='ocrx_word' id='word_1_231' title='bbox 385 2344 506 2377; x_wconf 86' lang='lat' dir='ltr'>mentio</span> <span class='ocrx_word' id='word_1_232' title='bbox 527 2355 583 2377; x_wconf 87' lang='lat' dir='ltr'>seu</span> <span class='ocrx_word' id='word_1_233' title='bbox 611 2344 741 2388; x_wconf 75' lang='lat' dir='ltr'>quaevis</span> <span class='ocrx_word' id='word_1_234' title='bbox 760 2344 820 2377; x_wconf 87' lang='lat' dir='ltr'>alia</span> <span class='ocrx_word' id='word_1_235' title='bbox 847 2345 1009 2389; x_wconf 82' lang='lat' dir='ltr'>expressio</span> 
     </span>
     <span class='ocr_line' id='line_1_44' title="bbox 254 2396 1031 2442; baseline -0.001 -11"><span class='ocrx_word' id='word_1_236' title='bbox 254 2398 401 2431; x_wconf 85' lang='lat' dir='ltr'>habenda</span> <span class='ocrx_word' id='word_1_237' title='bbox 415 2425 422 2438; x_wconf 90' lang='lat'>,</span> <span class='ocrx_word' id='word_1_238' title='bbox 444 2403 499 2431; x_wconf 86' lang='lat' dir='ltr'>aut</span> <span class='ocrx_word' id='word_1_239' title='bbox 519 2398 628 2441; x_wconf 87' lang='lat' dir='ltr'>aliqua</span> <span class='ocrx_word' id='word_1_240' title='bbox 647 2398 803 2442; x_wconf 85' lang='lat' dir='ltr'>exquisita</span> <span class='ocrx_word' id='word_1_241' title='bbox 823 2398 926 2431; x_wconf 86' lang='lat' dir='ltr'>forma</span> <span class='ocrx_word' id='word_1_242' title='bbox 946 2409 1009 2431; x_wconf 89' lang='lat' dir='ltr'>ser-</span> <span class='ocrx_word' id='word_1_243' title='bbox 1029 2396 1031 2438; x_wconf 65' lang='grc' dir='ltr'><strong><em>ἰ</em></strong></span> 
     </span>
     <span class='ocr_line' id='line_1_45' title="bbox 253 2447 1031 2487; baseline 0.001 -7"><span class='ocrx_word' id='word_1_244' title='bbox 253 2447 355 2480; x_wconf 87' lang='lat' dir='ltr'>vanda</span> <span class='ocrx_word' id='word_1_245' title='bbox 379 2453 471 2487; x_wconf 84' lang='lat' dir='ltr'>esset,</span> <span class='ocrx_word' id='word_1_246' title='bbox 491 2453 620 2481; x_wconf 86' lang='lat' dir='ltr'>tenores</span> <span class='ocrx_word' id='word_1_247' title='bbox 638 2447 836 2483; x_wconf 76' lang='lat' dir='ltr'>huiusmodi,</span> <span class='ocrx_word' id='word_1_248' title='bbox 862 2458 898 2480; x_wconf 87' lang='lat' dir='ltr'>ac</span> <span class='ocrx_word' id='word_1_249' title='bbox 926 2447 950 2480; x_wconf 87' lang='lat' dir='ltr'>si</span> <span class='ocrx_word' id='word_1_250' title='bbox 971 2448 1010 2481; x_wconf 92' lang='lat' dir='ltr'>de</span> <span class='ocrx_word' id='word_1_251' title='bbox 1030 2467 1031 2476; x_wconf 59' lang='grc' dir='ltr'><strong><em>ι</em></strong></span> 
     </span>
     <span class='ocr_line' id='line_1_46' title="bbox 253 2491 1031 2541; baseline 0.003 -12"><span class='ocrx_word' id='word_1_252' title='bbox 253 2497 350 2530; x_wconf 89' lang='lat' dir='ltr'>verbo</span> <span class='ocrx_word' id='word_1_253' title='bbox 371 2497 410 2530; x_wconf 87' lang='lat' dir='ltr'>ad</span> <span class='ocrx_word' id='word_1_254' title='bbox 430 2496 577 2537; x_wconf 87' lang='lat' dir='ltr'>verbum,</span> <span class='ocrx_word' id='word_1_255' title='bbox 595 2496 675 2529; x_wconf 86' lang='lat' dir='ltr'>nihil</span> <span class='ocrx_word' id='word_1_256' title='bbox 690 2497 820 2541; x_wconf 89' lang='lat' dir='ltr'>penitus</span> <span class='ocrx_word' id='word_1_257' title='bbox 840 2497 959 2530; x_wconf 87' lang='lat' dir='ltr'>omisso</span> <span class='ocrx_word' id='word_1_258' title='bbox 980 2503 1011 2531; x_wconf 86' lang='lat' dir='ltr'>et</span> <span class='ocrx_word' id='word_1_259' title='bbox 1029 2491 1031 2502; x_wconf 69' lang='lat'><em>&#39;</em></span> 
     </span>
     <span class='ocr_line' id='line_1_47' title="bbox 254 2544 1031 2584; baseline 0 -6"><span class='ocrx_word' id='word_1_260' title='bbox 254 2546 358 2579; x_wconf 80' lang='lat' dir='ltr'>forma</span> <span class='ocrx_word' id='word_1_261' title='bbox 378 2544 410 2578; x_wconf 92' lang='lat' dir='ltr'>in</span> <span class='ocrx_word' id='word_1_262' title='bbox 430 2545 492 2578; x_wconf 86' lang='lat' dir='ltr'>illis</span> <span class='ocrx_word' id='word_1_263' title='bbox 512 2546 627 2578; x_wconf 87' lang='lat' dir='ltr'>tradita</span> <span class='ocrx_word' id='word_1_264' title='bbox 643 2545 817 2584; x_wconf 78' lang='lat' dir='ltr'>observata,</span> <span class='ocrx_word' id='word_1_265' title='bbox 834 2546 946 2579; x_wconf 87' lang='lat' dir='ltr'>inserti</span> <span class='ocrx_word' id='word_1_266' title='bbox 967 2547 1010 2579; x_wconf 85' lang='lat' dir='ltr'>fo-</span> <span class='ocrx_word' id='word_1_267' title='bbox 1029 2569 1031 2578; x_wconf 71' lang='grc'>,</span> 
     </span>
     <span class='ocr_line' id='line_1_48' title="bbox 255 2595 1030 2640; baseline 0 -12"><span class='ocrx_word' id='word_1_268' title='bbox 255 2599 339 2635; x_wconf 83' lang='lat' dir='ltr'>rent,</span> <span class='ocrx_word' id='word_1_269' title='bbox 356 2595 578 2638; x_wconf 86' lang='lat' dir='ltr'>praesentibus</span> <span class='ocrx_word' id='word_1_270' title='bbox 593 2606 653 2639; x_wconf 90' lang='lat' dir='ltr'>pro</span> <span class='ocrx_word' id='word_1_271' title='bbox 669 2596 826 2640; x_wconf 80' lang='lat' dir='ltr'>expressis</span> <span class='ocrx_word' id='word_1_272' title='bbox 841 2596 1006 2632; x_wconf 82' lang='lat' dir='ltr'>habentes,</span> <span class='ocrx_word' id='word_1_273' title='bbox 1029 2610 1030 2616; x_wconf 51' lang='grc' dir='ltr'><strong><em>ι</em></strong></span> 
     </span>
    </p>
   </div>
   <div class='ocr_carea' id='block_1_5' title="bbox 1015 317 1021 921">
    <p class='ocr_par' dir='ltr' id='par_1_6' title="bbox 1015 317 1021 921">
     <span class='ocr_line' id='line_1_49' title="bbox 1015 317 1021 921; baseline 0 0"><span class='ocrx_word' id='word_1_274' title='bbox 1015 317 1021 921; x_wconf 95' lang='lat' dir='ltr'> </span> 
     </span>
    </p>
   </div>
   <div class='ocr_carea' id='block_1_6' title="bbox 1035 228 1794 927">
    <p class='ocr_par' dir='ltr' id='par_1_7' title="bbox 1035 228 1793 608">
     <span class='ocr_line' id='line_1_50' title="bbox 1039 228 1745 269; baseline -0.008 0"><span class='ocrx_word' id='word_1_275' title='bbox 1039 246 1070 269; x_wconf 91' lang='lat' dir='ltr'>1v</span> <span class='ocrx_word' id='word_1_276' title='bbox 1090 245 1138 269; x_wconf 79' lang='lat' dir='ltr'>Pr.</span> <span class='ocrx_word' id='word_1_277' title='bbox 1682 228 1745 263; x_wconf 83' lang='lat'>537</span> 
     </span>
     <span class='ocr_line' id='line_1_51' title="bbox 1035 292 1790 339; baseline -0.009 -8"><span class='ocrx_word' id='word_1_278' title='bbox 1035 298 1102 331; x_wconf 85' lang='lat' dir='ltr'>vice</span> <span class='ocrx_word' id='word_1_279' title='bbox 1123 298 1297 336; x_wconf 79' lang='lat' dir='ltr'>dumtaxat,</span> <span class='ocrx_word' id='word_1_280' title='bbox 1317 293 1499 339; x_wconf 84' lang='lat' dir='ltr'>specialiter</span> <span class='ocrx_word' id='word_1_281' title='bbox 1513 297 1543 325; x_wconf 91' lang='lat' dir='ltr'>et</span> <span class='ocrx_word' id='word_1_282' title='bbox 1562 303 1711 336; x_wconf 78' lang='lat' dir='ltr'>expresse</span> <span class='ocrx_word' id='word_1_283' title='bbox 1732 292 1790 325; x_wconf 88' lang='lat' dir='ltr'>de-</span> 
     </span>
     <span class='ocr_line' id='line_1_52' title="bbox 1037 347 1790 395; baseline -0.012 -10"><span class='ocrx_word' id='word_1_284' title='bbox 1037 362 1205 395; x_wconf 82' lang='lat' dir='ltr'>rogamus,</span> <span class='ocrx_word' id='word_1_285' title='bbox 1228 356 1257 384; x_wconf 88' lang='lat' dir='ltr'>et</span> <span class='ocrx_word' id='word_1_286' title='bbox 1278 348 1475 382; x_wconf 83' lang='lat' dir='ltr'>sufficienter</span> <span class='ocrx_word' id='word_1_287' title='bbox 1507 347 1695 387; x_wconf 68' lang='lat' dir='ltr'>derogatum</span> <span class='ocrx_word' id='word_1_288' title='bbox 1723 356 1790 378; x_wconf 79' lang='lat' dir='ltr'>esse</span> 
     </span>
     <span class='ocr_line' id='line_1_53' title="bbox 1037 399 1790 444; baseline -0.009 -5"><span class='ocrx_word' id='word_1_289' title='bbox 1037 406 1262 444; x_wconf 88' lang='lat' dir='ltr'>decernimus,</span> <span class='ocrx_word' id='word_1_290' title='bbox 1290 412 1415 436; x_wconf 83' lang='lat' dir='ltr'>necnon</span> <span class='ocrx_word' id='word_1_291' title='bbox 1436 400 1588 434; x_wconf 84' lang='lat' dir='ltr'>omnibus</span> <span class='ocrx_word' id='word_1_292' title='bbox 1613 399 1686 438; x_wconf 88' lang='lat' dir='ltr'>illis,</span> <span class='ocrx_word' id='word_1_293' title='bbox 1709 410 1790 441; x_wconf 77' lang='lat' dir='ltr'>quac</span> 
     </span>
     <span class='ocr_line' id='line_1_54' title="bbox 1039 452 1791 502; baseline -0.011 -11"><span class='ocrx_word' id='word_1_294' title='bbox 1039 459 1154 501; x_wconf 77' lang='lat' dir='ltr'>singuli</span> <span class='ocrx_word' id='word_1_295' title='bbox 1172 458 1436 502; x_wconf 77' lang='lat' dir='ltr'>praedecessores</span> <span class='ocrx_word' id='word_1_296' title='bbox 1456 453 1588 498; x_wconf 82' lang='lat' dir='ltr'>praefati</span> <span class='ocrx_word' id='word_1_297' title='bbox 1610 453 1641 485; x_wconf 91' lang='lat' dir='ltr'>in</span> <span class='ocrx_word' id='word_1_298' title='bbox 1658 452 1791 495; x_wconf 75' lang='lat' dir='ltr'>singulis</span> 
     </span>
     <span class='ocr_line' id='line_1_55' title="bbox 1038 506 1793 546; baseline -0.009 -1"><span class='ocrx_word' id='word_1_299' title='bbox 1038 523 1151 545; x_wconf 89' lang='lat' dir='ltr'>eorum</span> <span class='ocrx_word' id='word_1_300' title='bbox 1173 512 1272 544; x_wconf 83' lang='lat' dir='ltr'>literis</span> <span class='ocrx_word' id='word_1_301' title='bbox 1291 511 1463 543; x_wconf 82' lang='lat' dir='ltr'>voluerunt</span> <span class='ocrx_word' id='word_1_302' title='bbox 1486 518 1551 540; x_wconf 89' lang='lat' dir='ltr'>non</span> <span class='ocrx_word' id='word_1_303' title='bbox 1572 506 1718 546; x_wconf 86' lang='lat' dir='ltr'>obstare,</span> <span class='ocrx_word' id='word_1_304' title='bbox 1743 517 1793 538; x_wconf 82' lang='lat' dir='ltr'>cc-</span> 
     </span>
     <span class='ocr_line' id='line_1_56' title="bbox 1039 562 1662 608; baseline -0.01 -10"><span class='ocrx_word' id='word_1_305' title='bbox 1039 566 1179 608; x_wconf 82' lang='lat' dir='ltr'>terisque</span> <span class='ocrx_word' id='word_1_306' title='bbox 1200 564 1370 597; x_wconf 83' lang='lat' dir='ltr'>contrariis</span> <span class='ocrx_word' id='word_1_307' title='bbox 1389 562 1662 606; x_wconf 74' lang='lat' dir='ltr'>quibuscumque.</span> 
     </span>
    </p>

    <p class='ocr_par' dir='ltr' id='par_1_8' title="bbox 1083 619 1342 661">
     <span class='ocr_line' id='line_1_57' title="bbox 1083 619 1342 661; baseline -0.008 -9"><span class='ocrx_word' id='word_1_308' title='bbox 1083 619 1168 652; x_wconf 80' lang='lat' dir='ltr'>Nulli</span> <span class='ocrx_word' id='word_1_309' title='bbox 1189 629 1265 661; x_wconf 76' lang='lat' dir='ltr'>ergo</span> <span class='ocrx_word' id='word_1_310' title='bbox 1286 622 1342 651; x_wconf 76' lang='lat' dir='ltr'>etc.</span> 
     </span>
    </p>

    <p class='ocr_par' dir='ltr' id='par_1_9' title="bbox 1040 668 1794 927">
     <span class='ocr_line' id='line_1_58' title="bbox 1084 668 1794 714; baseline -0.011 -9"><span class='ocrx_word' id='word_1_311' title='bbox 1084 673 1198 706; x_wconf 87' lang='lat' dir='ltr'>Datum</span> <span class='ocrx_word' id='word_1_312' title='bbox 1224 672 1343 704; x_wconf 83' lang='lat' dir='ltr'>Romae</span> <span class='ocrx_word' id='word_1_313' title='bbox 1367 670 1453 714; x_wconf 87' lang='lat' dir='ltr'>apud</span> <span class='ocrx_word' id='word_1_314' title='bbox 1478 670 1509 702; x_wconf 69' lang='lat' dir='ltr'>S.</span> <span class='ocrx_word' id='word_1_315' title='bbox 1537 668 1684 706; x_wconf 79' lang='lat' dir='ltr'>Petrum,</span> <span class='ocrx_word' id='word_1_316' title='bbox 1709 676 1794 699; x_wconf 89' lang='lat' dir='ltr'>anno</span> 
     </span>
     <span class='ocr_line' id='line_1_59' title="bbox 1040 719 1794 764; baseline -0.012 -4"><span class='ocrx_word' id='word_1_317' title='bbox 1040 725 1273 760; x_wconf 84' lang='lat' dir='ltr'>lucarnationis</span> <span class='ocrx_word' id='word_1_318' title='bbox 1297 724 1477 757; x_wconf 84' lang='lat' dir='ltr'>dominicae</span> <span class='ocrx_word' id='word_1_319' title='bbox 1501 721 1673 755; x_wconf 76' lang='lat' dir='ltr'>millesimo</span> <span class='ocrx_word' id='word_1_320' title='bbox 1699 719 1794 764; x_wconf 89' lang='lat' dir='ltr'>quin-</span> 
     </span>
     <span class='ocr_line' id='line_1_60' title="bbox 1040 774 1791 824; baseline -0.011 -11"><span class='ocrx_word' id='word_1_321' title='bbox 1040 780 1219 824; x_wconf 76' lang='lat' dir='ltr'>gentesimo</span> <span class='ocrx_word' id='word_1_322' title='bbox 1229 777 1497 822; x_wconf 72' lang='lat' dir='ltr'>quinquagesimo</span> <span class='ocrx_word' id='word_1_323' title='bbox 1514 781 1637 814; x_wconf 86' lang='lat' dir='ltr'>octavo,</span> <span class='ocrx_word' id='word_1_324' title='bbox 1650 785 1669 807; x_wconf 85' lang='lat' dir='ltr'>x</span> <span class='ocrx_word' id='word_1_325' title='bbox 1684 774 1791 807; x_wconf 77' lang='lat' dir='ltr'>kalen-</span> 
     </span>
     <span class='ocr_line' id='line_1_61' title="bbox 1041 828 1791 876; baseline -0.009 -9"><span class='ocrx_word' id='word_1_326' title='bbox 1041 835 1096 867; x_wconf 89' lang='lat' dir='ltr'>das</span> <span class='ocrx_word' id='word_1_327' title='bbox 1108 833 1275 871; x_wconf 75' lang='lat' dir='ltr'>februarii,</span> <span class='ocrx_word' id='word_1_328' title='bbox 1294 831 1501 876; x_wconf 83' lang='lat' dir='ltr'>pontificatus</span> <span class='ocrx_word' id='word_1_329' title='bbox 1512 829 1611 862; x_wconf 80' lang='lat' dir='ltr'>nostri</span> <span class='ocrx_word' id='word_1_330' title='bbox 1629 838 1754 861; x_wconf 73' lang='lat' dir='ltr'>annonv</span> <span class='ocrx_word' id='word_1_331' title='bbox 1768 828 1791 860; x_wconf 81' lang='lat'>¹.</span> 
     </span>
     <span class='ocr_line' id='line_1_62' title="bbox 1051 888 1783 927; baseline -0.007 -5"><span class='ocrx_word' id='word_1_332' title='bbox 1051 893 1113 923; x_wconf 84' lang='lat' dir='ltr'>Dat.</span> <span class='ocrx_word' id='word_1_333' title='bbox 1133 893 1179 922; x_wconf 86' lang='lat' dir='ltr'>die</span> <span class='ocrx_word' id='word_1_334' title='bbox 1201 891 1239 921; x_wconf 64' lang='lat'>⁹23</span> <span class='ocrx_word' id='word_1_335' title='bbox 1263 891 1387 921; x_wconf 84' lang='lat' dir='ltr'>ianuarii</span> <span class='ocrx_word' id='word_1_336' title='bbox 1406 890 1491 925; x_wconf 79' lang='lat'>1558,</span> <span class='ocrx_word' id='word_1_337' title='bbox 1515 888 1617 927; x_wconf 74' lang='lat' dir='ltr'>pontit.</span> <span class='ocrx_word' id='word_1_338' title='bbox 1643 896 1719 916; x_wconf 88' lang='lat' dir='ltr'>anno</span> <span class='ocrx_word' id='word_1_339' title='bbox 1742 895 1783 917; x_wconf 82' lang='lat'>111.</span> 
     </span>
    </p>
   </div>
   <div class='ocr_carea' id='block_1_7' title="bbox 1327 954 1498 961">
    <p class='ocr_par' dir='ltr' id='par_1_10' title="bbox 1327 954 1498 961">
     <span class='ocr_line' id='line_1_63' title="bbox 1327 954 1498 961; baseline 0 2040"><span class='ocrx_word' id='word_1_340' title='bbox 1327 954 1498 961; x_wconf 95' lang='lat' dir='ltr'> </span> 
     </span>
    </p>
   </div>
   <div class='ocr_carea' id='block_1_8' title="bbox 1042 1089 1800 1361">
    <p class='ocr_par' dir='ltr' id='par_1_11' title="bbox 1042 1089 1800 1301">
     <span class='ocr_line' id='line_1_64' title="bbox 1042 1089 1799 1135; baseline -0.009 -7"><span class='ocrx_word' id='word_1_341' title='bbox 1042 1095 1088 1128; x_wconf 82' lang='lat' dir='ltr'>De</span> <span class='ocrx_word' id='word_1_342' title='bbox 1102 1095 1269 1128; x_wconf 70' lang='lat' dir='ltr'>lenonibus</span> <span class='ocrx_word' id='word_1_343' title='bbox 1285 1102 1453 1135; x_wconf 72' lang='lat' dir='ltr'>eorumque</span> <span class='ocrx_word' id='word_1_344' title='bbox 1468 1090 1673 1134; x_wconf 75' lang='lat' dir='ltr'>complicibus</span> <span class='ocrx_word' id='word_1_345' title='bbox 1689 1089 1799 1123; x_wconf 74' lang='lat' dir='ltr'>ultimi</span> 
     </span>
     <span class='ocr_line' id='line_1_65' title="bbox 1086 1143 1800 1191; baseline -0.01 -10"><span class='ocrx_word' id='word_1_346' title='bbox 1086 1148 1239 1191; x_wconf 74' lang='lat' dir='ltr'>supplicii</span> <span class='ocrx_word' id='word_1_347' title='bbox 1258 1157 1365 1190; x_wconf 66' lang='lat' dir='ltr'>poema</span> <span class='ocrx_word' id='word_1_348' title='bbox 1392 1145 1486 1178; x_wconf 76' lang='lat' dir='ltr'>certis</span> <span class='ocrx_word' id='word_1_349' title='bbox 1510 1144 1635 1177; x_wconf 74' lang='lat' dir='ltr'>casibus</span> <span class='ocrx_word' id='word_1_350' title='bbox 1655 1144 1692 1176; x_wconf 74' lang='lat' dir='ltr'>in</span> <span class='ocrx_word' id='word_1_351' title='bbox 1720 1143 1800 1176; x_wconf 81' lang='lat' dir='ltr'>Urbe</span> 
     </span>
     <span class='ocr_line' id='line_1_66' title="bbox 1083 1201 1272 1246; baseline -0.016 -11"><span class='ocrx_word' id='word_1_352' title='bbox 1083 1201 1272 1246; x_wconf 76' lang='lat' dir='ltr'>plectendis.</span> 
     </span>
     <span class='ocr_line' id='line_1_67' title="bbox 1072 1268 1774 1301; baseline -0.006 0"><span class='ocrx_word' id='word_1_353' title='bbox 1072 1272 1267 1301; x_wconf 77' lang='lat' dir='ltr'>sanctissimus</span> <span class='ocrx_word' id='word_1_354' title='bbox 1286 1271 1409 1300; x_wconf 81' lang='lat' dir='ltr'>dominus</span> <span class='ocrx_word' id='word_1_355' title='bbox 1427 1272 1520 1299; x_wconf 85' lang='lat' dir='ltr'>noster</span> <span class='ocrx_word' id='word_1_356' title='bbox 1535 1269 1660 1298; x_wconf 87' lang='lat' dir='ltr'>domiuus</span> <span class='ocrx_word' id='word_1_357' title='bbox 1676 1268 1774 1297; x_wconf 79' lang='lat' dir='ltr'>Paulus</span> 
     </span>
    </p>

    <p class='ocr_par' dir='ltr' id='par_1_12' title="bbox 1206 1324 1640 1361">
     <span class='ocr_line' id='line_1_68' title="bbox 1206 1324 1640 1361; baseline -0.009 -7"><span class='ocrx_word' id='word_1_358' title='bbox 1206 1326 1299 1354; x_wconf 80' lang='lat' dir='ltr'>divina</span> <span class='ocrx_word' id='word_1_359' title='bbox 1317 1324 1491 1361; x_wconf 80' lang='lat' dir='ltr'>providentia</span> <span class='ocrx_word' id='word_1_360' title='bbox 1510 1324 1581 1360; x_wconf 72' lang='lat' dir='ltr'>Papa</span> <span class='ocrx_word' id='word_1_361' title='bbox 1599 1324 1640 1353; x_wconf 80' lang='lat' dir='ltr'>IV.</span> 
     </span>
    </p>
   </div>
   <div class='ocr_carea' id='block_1_9' title="bbox 1045 1386 1806 2347">
    <p class='ocr_par' dir='ltr' id='par_1_13' title="bbox 1045 1386 1806 2347">
     <span class='ocr_line' id='line_1_69' title="bbox 1089 1386 1802 1431; baseline -0.007 -8"><span class='ocrx_word' id='word_1_362' title='bbox 1089 1390 1204 1423; x_wconf 80' lang='lat' dir='ltr'>Volens</span> <span class='ocrx_word' id='word_1_363' title='bbox 1224 1388 1411 1427; x_wconf 85' lang='lat' dir='ltr'>sceleribus,</span> <span class='ocrx_word' id='word_1_364' title='bbox 1424 1398 1506 1431; x_wconf 87' lang='lat' dir='ltr'>quae</span> <span class='ocrx_word' id='word_1_365' title='bbox 1518 1398 1555 1420; x_wconf 76' lang='lat' dir='ltr'>ex</span> <span class='ocrx_word' id='word_1_366' title='bbox 1569 1386 1644 1419; x_wconf 89' lang='lat' dir='ltr'>vitio</span> <span class='ocrx_word' id='word_1_367' title='bbox 1661 1391 1691 1419; x_wconf 88' lang='lat' dir='ltr'>et</span> <span class='ocrx_word' id='word_1_368' title='bbox 1709 1386 1802 1419; x_wconf 83' lang='lat' dir='ltr'>luxu-</span> 
     </span>
     <span class='ocr_line' id='line_1_70' title="bbox 1046 1440 1800 1484; baseline -0.004 -8"><span class='ocrx_word' id='word_1_369' title='bbox 1046 1443 1093 1476; x_wconf 86' lang='lat' dir='ltr'>ria</span> <span class='ocrx_word' id='word_1_370' title='bbox 1118 1443 1224 1476; x_wconf 88' lang='lat' dir='ltr'>carnis</span> <span class='ocrx_word' id='word_1_371' title='bbox 1244 1443 1276 1475; x_wconf 93' lang='lat' dir='ltr'>in</span> <span class='ocrx_word' id='word_1_372' title='bbox 1307 1443 1391 1475; x_wconf 90' lang='lat' dir='ltr'>dicta</span> <span class='ocrx_word' id='word_1_373' title='bbox 1416 1442 1501 1474; x_wconf 67' lang='lat' dir='ltr'>Urbe</span> <span class='ocrx_word' id='word_1_374' title='bbox 1529 1442 1561 1474; x_wconf 94' lang='lat' dir='ltr'>in</span> <span class='ocrx_word' id='word_1_375' title='bbox 1582 1440 1650 1474; x_wconf 89' lang='lat' dir='ltr'>dies</span> <span class='ocrx_word' id='word_1_376' title='bbox 1671 1445 1800 1484; x_wconf 83' lang='lat' dir='ltr'>patran-</span> 
     </span>
     <span class='ocr_line' id='line_1_71' title="bbox 1046 1496 1799 1540; baseline -0.001 -11"><span class='ocrx_word' id='word_1_377' title='bbox 1046 1501 1110 1537; x_wconf 83' lang='lat' dir='ltr'>tur,</span> <span class='ocrx_word' id='word_1_378' title='bbox 1128 1502 1285 1540; x_wconf 87' lang='lat' dir='ltr'>quantum</span> <span class='ocrx_word' id='word_1_379' title='bbox 1304 1506 1377 1528; x_wconf 85' lang='lat' dir='ltr'>cum</span> <span class='ocrx_word' id='word_1_380' title='bbox 1398 1496 1462 1528; x_wconf 89' lang='lat' dir='ltr'>Deo</span> <span class='ocrx_word' id='word_1_381' title='bbox 1479 1500 1594 1538; x_wconf 87' lang='lat' dir='ltr'>potest,</span> <span class='ocrx_word' id='word_1_382' title='bbox 1614 1505 1799 1533; x_wconf 85' lang='lat' dir='ltr'>occurrere,</span> 
     </span>
     <span class='ocr_line' id='line_1_72' title="bbox 1045 1548 1801 1583; baseline -0.003 0"><span class='ocrx_word' id='word_1_383' title='bbox 1045 1550 1132 1583; x_wconf 90' lang='lat' dir='ltr'>vivae</span> <span class='ocrx_word' id='word_1_384' title='bbox 1150 1550 1238 1583; x_wconf 83' lang='lat' dir='ltr'>vocis</span> <span class='ocrx_word' id='word_1_385' title='bbox 1258 1550 1391 1582; x_wconf 85' lang='lat' dir='ltr'>oraculo</span> <span class='ocrx_word' id='word_1_386' title='bbox 1413 1548 1522 1581; x_wconf 87' lang='lat' dir='ltr'>statuit</span> <span class='ocrx_word' id='word_1_387' title='bbox 1547 1553 1578 1581; x_wconf 89' lang='lat' dir='ltr'>et</span> <span class='ocrx_word' id='word_1_388' title='bbox 1601 1548 1741 1581; x_wconf 79' lang='lat' dir='ltr'>decrevit</span> <span class='ocrx_word' id='word_1_389' title='bbox 1765 1560 1801 1581; x_wconf 85' lang='lat' dir='ltr'>ac.</span> 
     </span>
     <span class='ocr_line' id='line_1_73' title="bbox 1047 1601 1803 1646; baseline -0.003 -10"><span class='ocrx_word' id='word_1_390' title='bbox 1047 1614 1104 1636; x_wconf 86' lang='lat' dir='ltr'>sua</span> <span class='ocrx_word' id='word_1_391' title='bbox 1143 1603 1356 1646; x_wconf 80' lang='lat' dir='ltr'>irrefragabili</span> <span class='ocrx_word' id='word_1_392' title='bbox 1398 1601 1628 1635; x_wconf 87' lang='lat' dir='ltr'>constitutione</span> <span class='ocrx_word' id='word_1_393' title='bbox 1670 1602 1803 1635; x_wconf 86' lang='lat' dir='ltr'>sancivit</span> 
     </span>
     <span class='ocr_line' id='line_1_74' title="bbox 1047 1655 1803 1701; baseline -0.001 -11"><span class='ocrx_word' id='word_1_394' title='bbox 1047 1657 1134 1701; x_wconf 90' lang='lat' dir='ltr'>quod</span> <span class='ocrx_word' id='word_1_395' title='bbox 1154 1667 1266 1690; x_wconf 88' lang='lat' dir='ltr'>omnes</span> <span class='ocrx_word' id='word_1_396' title='bbox 1286 1662 1315 1689; x_wconf 91' lang='lat' dir='ltr'>et</span> <span class='ocrx_word' id='word_1_397' title='bbox 1340 1656 1485 1699; x_wconf 78' lang='lat' dir='ltr'>singulae</span> <span class='ocrx_word' id='word_1_398' title='bbox 1515 1655 1684 1700; x_wconf 87' lang='lat' dir='ltr'>utriusque</span> <span class='ocrx_word' id='word_1_399' title='bbox 1710 1667 1803 1689; x_wconf 86' lang='lat' dir='ltr'>sexus</span> 
     </span>
     <span class='ocr_line' id='line_1_75' title="bbox 1048 1709 1801 1755; baseline -0.001 -12"><span class='ocrx_word' id='word_1_400' title='bbox 1048 1721 1206 1755; x_wconf 76' lang='lat' dir='ltr'>personae,</span> <span class='ocrx_word' id='word_1_401' title='bbox 1225 1721 1298 1754; x_wconf 82' lang='lat' dir='ltr'>quae</span> <span class='ocrx_word' id='word_1_402' title='bbox 1314 1710 1456 1754; x_wconf 87' lang='lat' dir='ltr'>aliquam</span> <span class='ocrx_word' id='word_1_403' title='bbox 1472 1710 1612 1753; x_wconf 88' lang='lat' dir='ltr'>puellam</span> <span class='ocrx_word' id='word_1_404' title='bbox 1634 1714 1690 1743; x_wconf 89' lang='lat' dir='ltr'>aut</span> <span class='ocrx_word' id='word_1_405' title='bbox 1707 1709 1801 1743; x_wconf 88' lang='lat' dir='ltr'>aliam</span> 
     </span>
     <span class='ocr_line' id='line_1_76' title="bbox 1049 1763 1800 1808; baseline 0 -12"><span class='ocrx_word' id='word_1_406' title='bbox 1049 1765 1251 1798; x_wconf 85' lang='lat' dir='ltr'>iuvenculam</span> <span class='ocrx_word' id='word_1_407' title='bbox 1273 1775 1310 1797; x_wconf 83' lang='lat' dir='ltr'>ex</span> <span class='ocrx_word' id='word_1_408' title='bbox 1330 1763 1400 1797; x_wconf 89' lang='lat' dir='ltr'>eius</span> <span class='ocrx_word' id='word_1_409' title='bbox 1418 1763 1523 1808; x_wconf 90' lang='lat' dir='ltr'>patria</span> <span class='ocrx_word' id='word_1_410' title='bbox 1545 1769 1600 1796; x_wconf 88' lang='lat' dir='ltr'>aut</span> <span class='ocrx_word' id='word_1_411' title='bbox 1624 1763 1687 1796; x_wconf 92' lang='lat' dir='ltr'>alio</span> <span class='ocrx_word' id='word_1_412' title='bbox 1707 1763 1779 1797; x_wconf 92' lang='lat' dir='ltr'>loco</span> <span class='ocrx_word' id='word_1_413' title='bbox 1792 1791 1800 1804; x_wconf 86' lang='lat'>,</span> 
     </span>
     <span class='ocr_line' id='line_1_77' title="bbox 1049 1817 1805 1862; baseline -0.001 -11"><span class='ocrx_word' id='word_1_414' title='bbox 1049 1818 1155 1862; x_wconf 90' lang='lat' dir='ltr'>inquo</span> <span class='ocrx_word' id='word_1_415' title='bbox 1165 1819 1386 1851; x_wconf 87' lang='lat' dir='ltr'>tunchoneste</span> <span class='ocrx_word' id='word_1_416' title='bbox 1400 1817 1529 1858; x_wconf 83' lang='lat' dir='ltr'>viveret,</span> <span class='ocrx_word' id='word_1_417' title='bbox 1548 1822 1649 1851; x_wconf 89' lang='lat' dir='ltr'>vestes</span> <span class='ocrx_word' id='word_1_418' title='bbox 1669 1823 1725 1851; x_wconf 88' lang='lat' dir='ltr'>aut</span> <span class='ocrx_word' id='word_1_419' title='bbox 1744 1818 1805 1850; x_wconf 86' lang='lat' dir='ltr'>alia</span> 
     </span>
     <span class='ocr_line' id='line_1_78' title="bbox 1049 1871 1806 1916; baseline 0 -12"><span class='ocrx_word' id='word_1_420' title='bbox 1049 1871 1080 1904; x_wconf 90' lang='lat' dir='ltr'>id</span> <span class='ocrx_word' id='word_1_421' title='bbox 1099 1882 1201 1915; x_wconf 79' lang='lat' dir='ltr'>genus</span> <span class='ocrx_word' id='word_1_422' title='bbox 1220 1872 1305 1904; x_wconf 89' lang='lat' dir='ltr'>bona</span> <span class='ocrx_word' id='word_1_423' title='bbox 1326 1871 1371 1905; x_wconf 91' lang='lat' dir='ltr'>eis</span> <span class='ocrx_word' id='word_1_424' title='bbox 1391 1871 1595 1916; x_wconf 87' lang='lat' dir='ltr'>pollicendo,</span> <span class='ocrx_word' id='word_1_425' title='bbox 1618 1882 1675 1905; x_wconf 91' lang='lat' dir='ltr'>seu</span> <span class='ocrx_word' id='word_1_426' title='bbox 1695 1872 1806 1916; x_wconf 88' lang='lat' dir='ltr'>quavis</span> 
     </span>
     <span class='ocr_line' id='line_1_79' title="bbox 1049 1925 1804 1970; baseline 0.001 -12"><span class='ocrx_word' id='word_1_427' title='bbox 1049 1926 1111 1959; x_wconf 90' lang='lat' dir='ltr'>alia</span> <span class='ocrx_word' id='word_1_428' title='bbox 1121 1925 1331 1970; x_wconf 87' lang='lat' dir='ltr'>corruptione</span> <span class='ocrx_word' id='word_1_429' title='bbox 1343 1926 1542 1965; x_wconf 76' lang='lat' dir='ltr'>seduxerint3</span> <span class='ocrx_word' id='word_1_430' title='bbox 1555 1936 1673 1970; x_wconf 83' lang='lat' dir='ltr'>easque</span> <span class='ocrx_word' id='word_1_431' title='bbox 1684 1931 1740 1959; x_wconf 88' lang='lat' dir='ltr'>aut</span> <span class='ocrx_word' id='word_1_432' title='bbox 1749 1926 1804 1959; x_wconf 85' lang='lat' dir='ltr'>ali-</span> 
     </span>
     <span class='ocr_line' id='line_1_80' title="bbox 1050 1978 1804 2023; baseline -0.001 -11"><span class='ocrx_word' id='word_1_433' title='bbox 1050 1990 1147 2023; x_wconf 89' lang='lat' dir='ltr'>quem</span> <span class='ocrx_word' id='word_1_434' title='bbox 1167 1989 1307 2023; x_wconf 89' lang='lat' dir='ltr'>puerum</span> <span class='ocrx_word' id='word_1_435' title='bbox 1328 1979 1361 2011; x_wconf 89' lang='lat' dir='ltr'>in</span> <span class='ocrx_word' id='word_1_436' title='bbox 1384 1979 1496 2012; x_wconf 88' lang='lat' dir='ltr'>eadem</span> <span class='ocrx_word' id='word_1_437' title='bbox 1517 1978 1602 2012; x_wconf 89' lang='lat' dir='ltr'>Urbe</span> <span class='ocrx_word' id='word_1_438' title='bbox 1622 1980 1804 2022; x_wconf 90' lang='lat' dir='ltr'>quomodo-</span> 
     </span>
     <span class='ocr_line' id='line_1_81' title="bbox 1050 2032 1804 2078; baseline 0 -12"><span class='ocrx_word' id='word_1_439' title='bbox 1050 2033 1127 2066; x_wconf 84' lang='lat' dir='ltr'>libet</span> <span class='ocrx_word' id='word_1_440' title='bbox 1147 2032 1387 2077; x_wconf 80' lang='lat' dir='ltr'>prostituerint.</span> <span class='ocrx_word' id='word_1_441' title='bbox 1409 2037 1575 2076; x_wconf 87' lang='lat' dir='ltr'>tamquam</span> <span class='ocrx_word' id='word_1_442' title='bbox 1597 2033 1685 2066; x_wconf 88' lang='lat' dir='ltr'>omni</span> <span class='ocrx_word' id='word_1_443' title='bbox 1706 2033 1804 2078; x_wconf 86' lang='lat' dir='ltr'>privi-</span> 
     </span>
     <span class='ocr_line' id='line_1_82' title="bbox 1050 2087 1805 2131; baseline 0.001 -11"><span class='ocrx_word' id='word_1_444' title='bbox 1050 2087 1134 2131; x_wconf 82' lang='lat' dir='ltr'>legio</span> <span class='ocrx_word' id='word_1_445' title='bbox 1163 2087 1399 2131; x_wconf 81' lang='lat' dir='ltr'>cuiuscumque.</span> <span class='ocrx_word' id='word_1_446' title='bbox 1427 2087 1549 2119; x_wconf 87' lang='lat' dir='ltr'>ordinis</span> <span class='ocrx_word' id='word_1_447' title='bbox 1572 2087 1620 2119; x_wconf 86' lang='lat' dir='ltr'>vel</span> <span class='ocrx_word' id='word_1_448' title='bbox 1643 2087 1805 2131; x_wconf 83' lang='lat' dir='ltr'>dignitatis</span> 
     </span>
     <span class='ocr_line' id='line_1_83' title="bbox 1050 2141 1805 2185; baseline 0.003 -11"><span class='ocrx_word' id='word_1_449' title='bbox 1050 2142 1149 2185; x_wconf 83' lang='lat' dir='ltr'>(iuxta</span> <span class='ocrx_word' id='word_1_450' title='bbox 1172 2141 1433 2175; x_wconf 86' lang='lat' dir='ltr'>constitutionem</span> <span class='ocrx_word' id='word_1_451' title='bbox 1449 2141 1551 2174; x_wconf 84' lang='lat' dir='ltr'>felicis</span> <span class='ocrx_word' id='word_1_452' title='bbox 1571 2142 1805 2176; x_wconf 88' lang='lat' dir='ltr'>recordationis</span> 
     </span>
     <span class='ocr_line' id='line_1_84' title="bbox 1050 2195 1801 2240; baseline 0.003 -12"><span class='ocrx_word' id='word_1_453' title='bbox 1050 2196 1229 2229; x_wconf 89' lang='lat' dir='ltr'>Innocentii</span> <span class='ocrx_word' id='word_1_454' title='bbox 1259 2196 1363 2240; x_wconf 83' lang='lat' dir='ltr'>Papae</span> <span class='ocrx_word' id='word_1_455' title='bbox 1382 2195 1438 2233; x_wconf 74' lang='lat' dir='ltr'>lv,</span> <span class='ocrx_word' id='word_1_456' title='bbox 1460 2195 1716 2238; x_wconf 85' lang='lat' dir='ltr'>praedecessoris</span> <span class='ocrx_word' id='word_1_457' title='bbox 1741 2196 1801 2236; x_wconf 76' lang='lat' dir='ltr'>sui,</span> 
     </span>
     <span class='ocr_line' id='line_1_85' title="bbox 1051 2249 1803 2295; baseline 0.003 -13"><span class='ocrx_word' id='word_1_458' title='bbox 1051 2260 1133 2293; x_wconf 89' lang='lat' dir='ltr'>quae</span> <span class='ocrx_word' id='word_1_459' title='bbox 1161 2249 1273 2294; x_wconf 88' lang='lat' dir='ltr'>incipit</span> <span class='ocrx_word' id='word_1_460' title='bbox 1309 2250 1375 2282; x_wconf 80' lang='lat' dir='ltr'>Pro</span> <span class='ocrx_word' id='word_1_461' title='bbox 1410 2250 1548 2282; x_wconf 75' lang='lat' dir='ltr'>Immanz&#39;</span> <span class='ocrx_word' id='word_1_462' title='bbox 1570 2251 1716 2293; x_wconf 59' lang='lat' dir='ltr'>pencris)</span> <span class='ocrx_word' id='word_1_463' title='bbox 1741 2251 1803 2295; x_wconf 91' lang='lat' dir='ltr'>pri-</span> 
     </span>
     <span class='ocr_line' id='line_1_86' title="bbox 1051 2303 1803 2347; baseline 0.001 -12"><span class='ocrx_word' id='word_1_464' title='bbox 1051 2303 1111 2335; x_wconf 83' lang='lat' dir='ltr'>vati</span> <span class='ocrx_word' id='word_1_465' title='bbox 1123 2309 1151 2336; x_wconf 88' lang='lat' dir='ltr'>et</span> <span class='ocrx_word' id='word_1_466' title='bbox 1169 2303 1291 2342; x_wconf 79' lang='lat' dir='ltr'>nudati,</span> <span class='ocrx_word' id='word_1_467' title='bbox 1309 2314 1345 2335; x_wconf 90' lang='lat' dir='ltr'>ac</span> <span class='ocrx_word' id='word_1_468' title='bbox 1361 2313 1419 2346; x_wconf 91' lang='lat' dir='ltr'>per</span> <span class='ocrx_word' id='word_1_469' title='bbox 1436 2303 1522 2346; x_wconf 76' lang='lat' dir='ltr'>leges</span> <span class='ocrx_word' id='word_1_470' title='bbox 1537 2304 1719 2336; x_wconf 82' lang='lat' dir='ltr'>saeculares</span> <span class='ocrx_word' id='word_1_471' title='bbox 1734 2304 1803 2347; x_wconf 87' lang='lat' dir='ltr'>ipso</span> 
     </span>
    </p>
   </div>
   <div class='ocr_carea' id='block_1_10' title="bbox 1029 2357 1804 2402">
    <p class='ocr_par' dir='ltr' id='par_1_14' title="bbox 1029 2357 1804 2402">
     <span class='ocr_line' id='line_1_87' title="bbox 1029 2357 1804 2402; baseline 0.001 -13"><span class='ocrx_word' id='word_1_472' title='bbox 1029 2380 1031 2389; x_wconf 84' lang='lat'><em>.</em></span> <span class='ocrx_word' id='word_1_473' title='bbox 1050 2358 1121 2390; x_wconf 90' lang='lat' dir='ltr'>iure</span> <span class='ocrx_word' id='word_1_474' title='bbox 1142 2363 1170 2390; x_wconf 90' lang='lat' dir='ltr'>et</span> <span class='ocrx_word' id='word_1_475' title='bbox 1196 2358 1280 2390; x_wconf 85' lang='lat' dir='ltr'>facto</span> <span class='ocrx_word' id='word_1_476' title='bbox 1301 2357 1518 2396; x_wconf 82' lang='lat' dir='ltr'>condemnati,</span> <span class='ocrx_word' id='word_1_477' title='bbox 1545 2368 1603 2402; x_wconf 88' lang='lat' dir='ltr'>per</span> <span class='ocrx_word' id='word_1_478' title='bbox 1623 2357 1804 2391; x_wconf 88' lang='lat' dir='ltr'>ordinarios</span> 
     </span>
    </p>
   </div>
   <div class='ocr_carea' id='block_1_11' title="bbox 1051 2406 1803 2637">
    <p class='ocr_par' dir='ltr' id='par_1_15' title="bbox 1051 2406 1803 2637">
     <span class='ocr_line' id='line_1_88' title="bbox 1051 2406 1803 2446; baseline 0 -6"><span class='ocrx_word' id='word_1_479' title='bbox 1051 2406 1233 2440; x_wconf 86' lang='lat' dir='ltr'>Sanctitatis</span> <span class='ocrx_word' id='word_1_480' title='bbox 1258 2407 1341 2440; x_wconf 84' lang='lat' dir='ltr'>Suae</span> <span class='ocrx_word' id='word_1_481' title='bbox 1360 2406 1483 2440; x_wconf 85' lang='lat' dir='ltr'>iudices</span> <span class='ocrx_word' id='word_1_482' title='bbox 1503 2408 1696 2446; x_wconf 87' lang='lat' dir='ltr'>saeculares,</span> <span class='ocrx_word' id='word_1_483' title='bbox 1715 2408 1803 2440; x_wconf 81' lang='lat' dir='ltr'>nulla</span> 
     </span>
     <span class='ocr_line' id='line_1_89' title="bbox 1051 2455 1803 2500; baseline 0.001 -12"><span class='ocrx_word' id='word_1_484' title='bbox 1051 2455 1090 2488; x_wconf 88' lang='lat' dir='ltr'>ab</span> <span class='ocrx_word' id='word_1_485' title='bbox 1115 2456 1225 2489; x_wconf 81' lang='lat' dir='ltr'>eadem</span> <span class='ocrx_word' id='word_1_486' title='bbox 1254 2456 1427 2489; x_wconf 81' lang='lat' dir='ltr'>Sanctitate</span> <span class='ocrx_word' id='word_1_487' title='bbox 1452 2456 1515 2490; x_wconf 84' lang='lat' dir='ltr'>Sua</span> <span class='ocrx_word' id='word_1_488' title='bbox 1545 2456 1685 2500; x_wconf 87' lang='lat' dir='ltr'>desuper</span> <span class='ocrx_word' id='word_1_489' title='bbox 1712 2466 1803 2499; x_wconf 81' lang='lat' dir='ltr'>expe-</span> 
     </span>
     <span class='ocr_line' id='line_1_90' title="bbox 1051 2504 1803 2539; baseline 0 -2"><span class='ocrx_word' id='word_1_490' title='bbox 1051 2510 1134 2537; x_wconf 88' lang='lat' dir='ltr'>ctata</span> <span class='ocrx_word' id='word_1_491' title='bbox 1166 2505 1383 2538; x_wconf 84' lang='lat' dir='ltr'>declaratione</span> <span class='ocrx_word' id='word_1_492' title='bbox 1421 2516 1476 2539; x_wconf 87' lang='lat' dir='ltr'>seu</span> <span class='ocrx_word' id='word_1_493' title='bbox 1503 2504 1618 2538; x_wconf 88' lang='lat' dir='ltr'>mentis</span> <span class='ocrx_word' id='word_1_494' title='bbox 1645 2515 1721 2537; x_wconf 87' lang='lat' dir='ltr'>suae</span> <span class='ocrx_word' id='word_1_495' title='bbox 1758 2506 1803 2538; x_wconf 89' lang='lat' dir='ltr'>in-</span> 
     </span>
     <span class='ocr_line' id='line_1_91' title="bbox 1051 2554 1802 2599; baseline 0 -12"><span class='ocrx_word' id='word_1_496' title='bbox 1051 2554 1213 2594; x_wconf 85' lang='lat' dir='ltr'>tentione,</span> <span class='ocrx_word' id='word_1_497' title='bbox 1244 2554 1508 2588; x_wconf 89' lang='lat' dir='ltr'>irremissibiliter</span> <span class='ocrx_word' id='word_1_498' title='bbox 1535 2556 1595 2587; x_wconf 82' lang='lat' dir='ltr'>hoc</span> <span class='ocrx_word' id='word_1_499' title='bbox 1621 2554 1715 2587; x_wconf 88' lang='lat' dir='ltr'>modo</span> <span class='ocrx_word' id='word_1_500' title='bbox 1743 2566 1802 2599; x_wconf 87' lang='lat' dir='ltr'>pu-</span> 
     </span>
     <span class='ocr_line' id='line_1_92' title="bbox 1051 2609 1193 2637; baseline 0 -1"><span class='ocrx_word' id='word_1_501' title='bbox 1051 2609 1193 2637; x_wconf 80' lang='lat' dir='ltr'>utantur.</span> 
     </span>
    </p>
   </div>
   <div class='ocr_carea' id='block_1_12' title="bbox 255 2643 1509 2694">
    <p class='ocr_par' dir='ltr' id='par_1_16' title="bbox 255 2643 1509 2694">
     <span class='ocr_line' id='line_1_93' title="bbox 255 2643 1509 2694; baseline 0.005 -16"><span class='ocrx_word' id='word_1_502' title='bbox 255 2644 318 2678; x_wconf 88' lang='lat' dir='ltr'>illis</span> <span class='ocrx_word' id='word_1_503' title='bbox 334 2644 412 2677; x_wconf 85' lang='lat' dir='ltr'>alias</span> <span class='ocrx_word' id='word_1_504' title='bbox 431 2643 463 2677; x_wconf 86' lang='lat' dir='ltr'>in</span> <span class='ocrx_word' id='word_1_505' title='bbox 483 2655 542 2678; x_wconf 89' lang='lat' dir='ltr'>suo</span> <span class='ocrx_word' id='word_1_506' title='bbox 562 2644 678 2677; x_wconf 83' lang='lat' dir='ltr'>robore</span> <span class='ocrx_word' id='word_1_507' title='bbox 699 2644 932 2688; x_wconf 78' lang='lat' dir='ltr'>permansuris,</span> <span class='ocrx_word' id='word_1_508' title='bbox 949 2645 1009 2679; x_wconf 87' lang='lat' dir='ltr'>hac</span> <span class='ocrx_word' id='word_1_509' title='bbox 1029 2670 1034 2684; x_wconf 89' lang='grc'>,</span> <span class='ocrx_word' id='word_1_510' title='bbox 1088 2659 1098 2685; x_wconf 76' lang='lat'>1</span> <span class='ocrx_word' id='word_1_511' title='bbox 1119 2657 1238 2686; x_wconf 65' lang='lat' dir='ltr'>Lemma:</span> <span class='ocrx_word' id='word_1_512' title='bbox 1261 2667 1331 2685; x_wconf 51' lang='lat' dir='ltr'>mmo</span> <span class='ocrx_word' id='word_1_513' title='bbox 1351 2666 1379 2686; x_wconf 85' lang='lat'>111</span> <span class='ocrx_word' id='word_1_514' title='bbox 1401 2661 1438 2694; x_wconf 69' lang='lat' dir='ltr'>(a.</span> <span class='ocrx_word' id='word_1_515' title='bbox 1461 2657 1509 2694; x_wconf 74' lang='lat' dir='ltr'>r.).</span> 
     </span>
    </p>
   </div>
   <div class='ocr_carea' id='block_1_13' title="bbox 334 2697 889 2734">
    <p class='ocr_par' dir='ltr' id='par_1_17' title="bbox 334 2697 889 2734">
     <span class='ocr_line' id='line_1_94' title="bbox 334 2697 889 2734; baseline 0.009 -9"><span class='ocrx_word' id='word_1_516' title='bbox 334 2697 406 2734; x_wconf 59' lang='lat' dir='ltr'>Buff,</span> <span class='ocrx_word' id='word_1_517' title='bbox 429 2697 451 2728; x_wconf 65' lang='lat' dir='ltr'>fi</span> <span class='ocrx_word' id='word_1_518' title='bbox 470 2709 503 2728; x_wconf 81' lang='lat' dir='ltr'>m.</span> <span class='ocrx_word' id='word_1_519' title='bbox 529 2698 580 2728; x_wconf 74' lang='lat' dir='ltr'>l&#39;oi.</span> <span class='ocrx_word' id='word_1_520' title='bbox 611 2698 649 2729; x_wconf 71' lang='grc' dir='ltr'>Π,</span> <span class='ocrx_word' id='word_1_521' title='bbox 853 2699 889 2730; x_wconf 62' lang='lat'>[³8</span> 
     </span>
    </p>
   </div>
   <div class='ocr_carea' id='block_1_14' title="bbox 1806 237 1992 268">
    <p class='ocr_par' dir='ltr' id='par_1_18' title="bbox 1806 237 1992 268">
     <span class='ocr_line' id='line_1_95' title="bbox 1806 237 1992 268; baseline -0.005 -3"><span class='ocrx_word' id='word_1_522' title='bbox 1806 239 1857 265; x_wconf 79' lang='lat' dir='ltr'>An.</span> <span class='ocrx_word' id='word_1_523' title='bbox 1874 237 1906 268; x_wconf 77' lang='lat' dir='ltr'>C.</span> <span class='ocrx_word' id='word_1_524' title='bbox 1924 237 1992 264; x_wconf 64' lang='lat'>¹558</span> 
     </span>
    </p>
   </div>
   <div class='ocr_carea' id='block_1_15' title="bbox 1824 623 1992 650">
    <p class='ocr_par' dir='ltr' id='par_1_19' title="bbox 1824 623 1992 650">
     <span class='ocr_line' id='line_1_96' title="bbox 1824 623 1992 650; baseline -0.006 -6"><span class='ocrx_word' id='word_1_525' title='bbox 1824 623 1908 644; x_wconf 70' lang='lat' dir='ltr'>Sanctio</span> <span class='ocrx_word' id='word_1_526' title='bbox 1929 627 1992 650; x_wconf 81' lang='lat' dir='ltr'>poen.</span> 
     </span>
    </p>
   </div>
   <div class='ocr_carea' id='block_1_16' title="bbox 1844 1403 1962 1427">
    <p class='ocr_par' dir='ltr' id='par_1_20' title="bbox 1844 1403 1962 1427">
     <span class='ocr_line' id='line_1_97' title="bbox 1844 1403 1962 1427; baseline 0.017 -2"><span class='ocrx_word' id='word_1_527' title='bbox 1844 1403 1962 1427; x_wconf 76' lang='lat' dir='ltr'>Exordian</span> 
     </span>
    </p>
   </div>
  </div>
 </body>
</html>
