2227 3001
0 306 46 334 An.
62 304 91 332 C.
110 303 178 332 15211

824 296 963 321 oteness
987 295 1029 320 vn
1054 295 1101 320 pe.
1648 282 1688 316 tit]

191 354 250 389 sub
283 352 448 397 quibusvis
475 350 728 384 attestationibus
757 360 939 393 praeserva-

190 406 276 447 uvis,
297 405 357 439 nisi
382 416 440 449 per
464 404 650 437 mandatum
671 402 820 447 speciale,
841 413 939 435 manu

188 464 296 492 nostra
320 458 492 502 signatum,
514 462 639 490 tantum
660 455 806 498 derogari
827 456 936 499 possit.

231 512 246 554 g
266 511 296 545 5.
320 509 606 544 Constitutionibus
633 514 663 541 et
684 507 939 541 ordinationibus

3 572 114 594 Cla-»sutae
135 573 172 593 :ie-
187 564 369 608 apostolicis
389 569 419 597 et
438 563 507 596 aliis
535 562 704 596 contrariis
725 572 789 595 non
809 562 938 595 obstan-

1 604 116 630 ogainriae.

18 2091 127 2114 Exordium

186 616 271 649 tibus
290 616 562 660 quibuscumque.

185 669 302 710 Placet,
324 675 353 702 et
370 670 412 702 ita
428 675 517 702 motu
542 669 674 713 proprio
695 669 894 701 mandamus.
913 668 935 699 l.

378 724 503 766 (Papae
527 722 742 764 subscriptio).

228 776 359 808 Lectum
366 781 395 809 et
405 776 603 819 publicatum
613 776 669 808 suit
683 774 937 818 suprascriptum

185 829 372 861 mandatum
397 830 516 862 Romae
539 830 571 862 in
594 828 937 870 CancellariaAposto-

184 880 256 921 lica,
279 892 363 915 anno
383 882 616 916 Incarnationis
636 881 815 915 dominicae
838 881 938 913 mille-

184 933 264 967 simo
284 934 541 978 quingentesimo
561 935 712 978 vigesimo
737 940 864 978 quarto,
887 934 937 967 die

184 997 258 1020 vero
287 988 498 1022 decimanona
524 988 642 1022 mensis
672 988 801 1032 aprilis,
831 987 936 1030 ponti-

183 1040 298 1074 ficatus
331 1041 523 1075 sanctissimi
550 1042 582 1074 in
615 1041 740 1075 Christo
774 1041 875 1074 Patris
908 1046 937 1073 et

184 1094 218 1127 D.
230 1095 267 1127 N.
276 1095 311 1127 D.
321 1094 504 1135 Clementis,
514 1095 618 1127 divina
625 1094 824 1139 providentia
832 1095 936 1138 Papae

184 1148 323 1191 septimi,
345 1159 429 1181 anno
450 1159 470 1180 1.

223 1205 308 1236 Publ.
327 1207 374 1237 die
392 1207 427 1237 19
441 1206 543 1246 aprilis
564 1206 649 1243 1524,
664 1206 768 1246 pontif.
783 1215 858 1235 anno
877 1214 896 1235 1.

528 1376 577 1408 lx.

180 1452 377 1494 Approbatio
393 1456 421 1485 et
435 1453 578 1484 extensio
599 1453 864 1485 constitutimzmn
878 1454 935 1486 Pii

224 1503 281 1544 II,
308 1504 408 1537 Pauli
436 1504 495 1543 II,
522 1504 613 1537 Simu?
640 1505 710 1544 It,
743 1505 824 1537 Iulii
845 1506 886 1538 II
905 1511 934 1539 et

224 1555 338 1589 Leonis
353 1557 384 1589 X
395 1562 506 1590 contra
526 1558 716 1597 lumziciclas,
727 1559 933 1591 bamzvz'cossu-

226 1614 405 1653 mentesque
428 1611 608 1643 vindictum
627 1612 664 1643 de
676 1612 868 1655 propinquis
889 1614 935 1654 os-

223 1662 398 1704 semlcntis,
420 1674 476 1695 nec
497 1674 562 1696 non
582 1664 732 1707 briam&
751 1668 808 1697 etc.
826 1675 863 1697 ac
883 1665 934 1697 ba-

223 1725 316 1748 rones
335 1720 364 1748 et
379 1718 626 1750 communitates
642 1728 747 1750 eorum
768 1718 933 1751 territoria

225 1779 244 1800 a
261 1769 437 1810 praedictis
462 1780 525 1802 non
552 1770 763 1803 custodientes
784 1771 817 1803 in
838 1770 933 1804 Statu

223 1820 458 1855 Ecclesiastico.

238 1901 360 1931 Clemens
380 1903 521 1938 episcopus
541 1910 636 1932 servus
656 1911 797 1932 servornm
815 1896 877 1938 Dei,

314 1957 348 1985 ad
370 1958 532 1992 perpetuam
555 1958 596 1986 rei
630 1959 799 1987 memoriam.

223 2026 257 2059 ln
277 2033 386 2060 sancta
409 2028 442 2060 B.
471 2028 554 2061 Petri
575 2028 675 2066 Sede,
699 2029 801 2062 divina
828 2030 933 2074 ‹lispo-

179 2087 274 2114 nente
295 2081 476 2122 clementia,
499 2082 620 2116 meritis
641 2083 713 2116 licet
735 2083 930 2128 imparibus.

180 2135 355 2176 constituti,
374 2136 612 2169 considerantes
629 2138 727 2179 quod,
748 2137 819 2171 licet
835 2139 930 2175 Deus,

180 2188 236 2231 qui
255 2199 293 2221 ex
308 2188 473 2232 praecipui
489 2189 608 2223 amoris
623 2190 671 2223 sui
688 2190 858 2224 dulcedine
878 2192 934 2224 ho-

181 2241 300 2275 minem
317 2243 354 2274 ad
372 2242 542 2286 imaginem
561 2254 652 2276 suam
671 2244 798 2285 crearit,
817 2245 847 2277 in
864 2247 932 2288 lego

180 2295 277 2327 reteri
298 2296 419 2339 populo
437 2295 481 2327 illi
507 2296 580 2328 rudi
600 2302 630 2329 et
650 2296 778 2330 infirmo
800 2299 932 2332 manda-

181 2348 260 2380 verit
279 2348 461 2391 proximum
487 2348 592 2391 diligi,
615 2349 781 2383 inimicum
807 2363 881 2385 vero
902 2353 932 2385 in

182 2400 290 2433 odium
302 2401 412 2434 haberi
423 2402 613 2444 permiserit:
627 2409 745 2445 tamen,
755 2407 931 2439 secundum

183 2454 396 2497 evangelicam
417 2455 613 2495 doctrinam,
635 2468 718 2500 quae
744 2459 812 2501 lege
837 2459 932 2492 veteri

183 2507 388 2540 excellentior
405 2513 501 2551 atque
517 2508 688 2551 perfectior
703 2516 761 2550 est,
781 2511 935 2555 praecipit

184 2558 278 2592 etiam
303 2559 470 2593 inimicum
497 2560 596 2604 diligi,
619 2567 649 2595 et
668 2567 933 2607 transgressorem

183 2611 281 2646 huius
299 2613 378 2656 legis
397 2613 554 2646 ultionem
575 2620 741 2658 expectare
757 2617 872 2651 debere
888 2618 934 2650 in·
954 2634 957 2658 t

1747 292 1796 317 An.
1814 289 1843 317 C.
1863 290 1929 318 ίὸἳὶι

979 348 1107 391 peribit.
1131 347 1170 379 Ut
1189 345 1286 389 igitur
1305 344 1354 377 lex
1386 342 1425 376 ab
1450 342 1600 376 omnibus
1629 354 1733 376 serre-

980 407 1044 441 tur,
1067 411 1125 433 nec
1146 391 1325 443 gladiorum
1340 397 1515 441 impunitas
1535 407 1552 429 a
1569 407 1733 440 quoquam

981 453 1101 496 sperari
1112 451 1220 496 possit,
1233 457 1263 484 et
1274 450 1329 494 qui
1343 449 1466 483 virtutis
1481 459 1590 482 amore
1605 450 1731 488 nolunt,

980 506 1092 538 saltem
1118 504 1288 538 formidine
1316 513 1438 548 poenae
1467 514 1485 535 a
1509 501 1610 535 vetitis
1636 502 1732 534 absti—

981 563 1088 598 neant,
1107 558 1146 590 ad
1161 557 1302 591 officium
1319 563 1465 590 nostrum
1481 562 1625 600 spectare
1640 555 1732 588 duxi-

980 619 1070 649 mus,
1094 610 1146 642 illa
1167 621 1248 653 quae
1269 621 1328 654 pro
1353 620 1430 654 pace
1452 615 1481 642 et
1501 609 1607 652 quiete
1628 608 1734 641 civita-

980 667 1048 695 tum
1065 668 1095 695 et
1110 668 1281 703 terrarum,
1299 662 1469 706 temporali
1485 662 1627 695 dominio
1643 662 1735 695 nobis

980 721 1011 748 et
1030 716 1061 749 S.
1092 717 1127 749 R.
1157 717 1189 748 E.
1225 716 1361 749 mediate
1391 716 1440 748 rel
1471 715 1654 748 immediate
1679 726 1734 748 sn-

979 769 1169 810 biectarum,
1193 781 1229 803 ac
1250 770 1367 803 civium
1388 775 1417 802 et
1438 769 1617 802 incolarum
1638 769 1670 801 in
1690 769 1735 802 eis

980 823 1176 866 degentium,
1195 835 1211 856 a
1229 824 1528 867 praedecessoribus
1544 823 1659 856 nostris
1674 824 1736 856 Ro-

980 877 1082 910 manis
1092 877 1299 910 Pontificibus
1312 882 1426 911 statuta
1443 882 1471 909 et
1484 876 1628 910 ordinata
1638 877 1735 911 fuisse,

980 931 1209 974 comperimus,
1224 937 1256 965 ut
1274 942 1312 965 eo
1329 931 1484 964 maiorem
1502 932 1666 965 obtineant
1680 933 1733 965 fir-

979 984 1137 1025 mitatem,
1165 996 1230 1030 quo
1256 985 1382 1028 saepius
1415 985 1533 1017 suerint
1557 987 1732 1028 apostolico

979 1039 1137 1081 praesidio
1154 1039 1364 1079 communita,
1382 1039 1481 1071 nostri
1499 1039 1648 1082 praesidii
1660 1051 1732 1073 mu-

978 1090 1100 1125 nimine
1130 1092 1341 1125 corroborare
1359 1119 1367 1132 ‚
1395 1103 1431 1125 ac
1464 1092 1559 1124 etiam
1587 1093 1625 1124 de
1652 1103 1732 1126 novo

978 1149 1116 1177 statuere
1146 1151 1176 1178 et
1202 1145 1377 1189 ampliare,
1404 1151 1500 1188 prout
1529 1145 1734 1179 rationabiles

978 1208 1093 1230 causae
1114 1199 1319 1241 persuadent,
1343 1198 1419 1231 etin
1449 1199 1583 1232 Domino
1605 1200 1731 1243 conspi-

978 1251 1081 1284 cimus
1100 1251 1271 1284 salubriter
1291 1252 1452 1296 expedire.

1020 1305 1035 1347 g
1059 1305 1085 1337 l.
1108 1305 1236 1337 Dudum
1269 1304 1449 1348 siquidem,
1473 1311 1643 1350 postquam
1675 1317 1732 1349 per
1759 1330 1806 1351 pius
1822 1330 1840 1351 Η
1866 1332 1931 1353 eamn

977 1357 1319 1391 felicisrecordationis
1329 1357 1421 1390 Pium
1440 1358 1558 1403 Papam
1576 1360 1600 1392 Il
1617 1364 1673 1392 etc.
1702 1359 1728 1392 1.
1745 1362 1822 1383 bunum
1838 1364 1870 1384 inc
1893 1365 1928 1383 “i‘—

1020 1411 1034 1453 ᾗ
1055 1411 1085 1443 2.
1117 1411 1154 1443 Et
1181 1411 1295 1444 deinde
1317 1422 1391 1444 cum
1412 1411 1445 1444 in
1466 1413 1551 1445 alma
1570 1417 1626 1445 etc.
1659 1413 1730 1456 piae
1746 1435 1849 1458 paulus„
1869 1437 1928 1458 amn,

976 1464 1151 1497 memoriae
1172 1465 1289 1498 Paulus
1309 1465 1394 1508 Papa
1409 1466 1433 1498 lt
1454 1470 1510 1499 etc.
1530 1465 1556 1499 2.
1745 1469 1809 1489 ‘midi‘
1833 1469 1874 1491 ¹¹⁵⁰·
1892 1470 1927 1489 05‘·

1020 1518 1084 1560 33.
1116 1519 1159 1552 Ac
1187 1519 1364 1552 successive
1390 1520 1581 1553 recolendae
1609 1532 1730 1555 memo-
1757 1535 1827 1556 sixtus
1846 1534 1873 1555 iv
1889 1543 1929 1562 ap-

976 1571 1041 1604 riae
1062 1572 1167 1605 Sixtus
1182 1573 1267 1616 Papa
1283 1573 1332 1614 IV,
1344 1573 1492 1606 similiter
1502 1575 1730 1618 praedecessor
1743 1567 1838 1618 ffiss’ffu
1853 1566 1928 1587 ''unm''

976 1630 1102 1666 noster,
1125 1632 1257 1669 accepto
1292 1638 1350 1670 per
1378 1638 1451 1659 eum
1473 1628 1558 1671 quod
1580 1634 1729 1662 contenta

976 1677 1007 1709 in
1032 1678 1133 1711 literis
1153 1679 1199 1712 Pii
1220 1680 1477 1723 praedecessoris
1493 1681 1693 1723 huiusmodi,
1712 1695 1729 1716 a

976 1731 1071 1764 certis
1082 1732 1262 1766 annistunc
1283 1733 1399 1776 elapsis
1420 1733 1510 1775 citra,
1525 1746 1589 1768 non
1602 1737 1728 1770 fuerant

975 1784 1152 1826 observata,
1174 1791 1203 1819 et
1229 1798 1265 1819 ex
1290 1786 1421 1819 illorum
1443 1798 1507 1820 non
1528 1789 1728 1824 observantia

975 1838 1094 1871 subditi
1129 1841 1289 1883 praefatae
1323 1840 1483 1874 Ecclesiae
1521 1843 1730 1885 procliviores

976 1890 1103 1925 fuerant
1119 1893 1157 1925 ad
1169 1893 1344 1927 homicidia
1357 1894 1599 1936 committenda,
1611 1908 1648 1931 ac
1664 1898 1729 1931 sere

975 1946 1092 1988 passim
1105 1946 1248 1989 qnotidie
1258 1946 1433 1980 homicidia
1446 1950 1728 1992 perpetrabantur;

975 2004 1005 2031 ct
1033 2000 1215 2033 homicidae
1247 2001 1380 2044 praefati
1409 2001 1480 2034 ideo
1501 2003 1541 2034 ad
1566 2003 1619 2036 illa
1640 2015 1729 2037 com-

976 2053 1129 2086 mittenda
1146 2054 1362 2097 promptiores
1373 2055 1559 2096 existebant,
1573 2057 1648 2100 quia
1660 2068 1726 2101 spe-

975 2106 1088 2139 rabant
1104 2107 1214 2146 latere,
1229 2112 1256 2140 et
1275 2118 1408 2140 suorum
1419 2118 1607 2142 excessuum
1618 2111 1730 2143 remis·

975 2159 1097 2193 sionem
1118 2161 1273 2204 consequi
1294 2162 1386 2194 facile
1409 2172 1513 2204 posse3
1535 2173 1572 2196 ac
1592 2163 1729 2196 detesta-

976 2212 1070 2245 bilem
1107 2219 1134 2245 et
1170 2214 1364 2246 horrendam
1401 2214 1511 2247 talium
1537 2215 1728 2250 sicariorum

976 2266 1213 2309 nequitiam,ad
1222 2267 1360 2300 aliorum
1386 2268 1558 2310 cautelam,
1577 2269 1657 2303 iuris
1676 2282 1728 2303 re-

976 2319 1089 2352 mediis
1109 2321 1261 2364 prosequi
1282 2321 1387 2354 studio
1400 2322 1534 2366 cupiens
1555 2323 1724 2364 indefesso,

976 2372 1083 2406 habita
1104 2384 1201 2417 super
1221 2375 1259 2408 iis
1279 2386 1354 2408 eum
1379 2376 1532 2410 fratribus
1547 2377 1613 2410 suis
1632 2388 1726 2421 prae-

976 2425 1057 2458 fatae
1076 2426 1237 2461 Ecclesiae
1258 2428 1475 2462 cardinalibus
1495 2430 1726 2464 deliberatione

977 2485 1114 2520 matura,
1137 2481 1175 2513 de
1195 2480 1326 2514 illorum
1347 2483 1494 2523 consilio,
1518 2495 1576 2527 per
1594 2495 1667 2517 suas
1686 2484 1725 2516 li-

1013 2546 1023 2571 1
1054 2545 1195 2573 Omittitur
1215 2547 1351 2574 residuum
1377 2549 1542 2577 narratIx‘ae.
1564 2549 1624 2583 quia
1641 2549 1725 2584 ipsam

976 2589 1073 2616 bullam
1085 2590 1165 2618 habes
1186 2596 1250 2619 tom.
1268 2599 1296 2624 v,
1311 2601 1369 2628 pag.
1390 2594 1448 2624 156,
1467 2595 1506 2619 Ad
1527 2596 1690 2620 retinendas.

1010 2635 1026 2660 ⁶.)
1049 2634 1187 2662 Omittitur
1215 2638 1348 2663 narrativa
1375 2637 1453 2663 liuius
1473 2637 1573 2669 bullae,
1600 2637 1725 2672 quoniam

181 2664 265 2708 nuit,
287 2676 362 2700 eun]
383 2666 474 2699 dixit:
499 2666 562 2708 Qui
588 2668 695 2711 §ladio
713 2668 809 2710 serit,
829 2670 934 2713 ylrttit'o
951 2665 958 2730 i
977 2678 1058 2714 ipsam
1076 2680 1173 2708 bullam
1190 2680 1271 2708 habes
1294 2682 1401 2712 ibidem,
1428 2690 1486 2716 pag.
1514 2683 1572 2712 iso,
1600 2683 1688 2709 Viros.
