2227 3001
74 284 120 309 An.
143 283 171 309 C.
188 283 253 309 1552

81 492 193 519 „erogati-t
205 498 252 514 eon-

69 525 186 545 uariorum.

919 280 940 303 tt
953 279 1018 303 1¹1th
1044 280 1075 303 tlt
1102 279 1147 302 Pr.

268 335 332 367 vari
352 333 486 379 possint,
507 331 695 366 auctoritate
716 338 746 365 et
764 338 875 366 tenore
891 333 1015 376 praedi-

269 387 338 429 ctis,
352 388 390 421 de
402 386 532 431 speciali
548 387 649 430 gratia
664 386 880 429 indulgemus.

311 442 327 485 ἓ
346 441 399 474 11.
421 441 491 474 Non
511 440 709 473 obstantibus
729 440 754 473 si
775 440 806 472 in
828 441 946 473 eisdem
968 451 1017 473 ec-

267 495 373 528 clesiis
391 493 543 527 sivelocis
555 499 673 534 rector,
696 494 850 537 magistri,
868 494 1017 527 doctores

268 554 298 582 et
317 548 370 582 alii
391 547 523 592 praefati
544 548 682 592 primam
703 559 767 581 non
789 548 921 581 fecerint
941 548 1018 581 resi-

265 602 406 636 dentiam
434 602 636 645 personalem
662 608 866 641 consuetam,
894 608 925 635 et
944 602 1016 646 qui-

266 655 372 689 busvis
383 655 453 688 aliis
467 654 651 698 apostolicis
666 665 702 687 ac
721 654 751 687 in
768 654 1018 698 provincialibus

265 715 295 743 et
306 708 512 755 synodalibus
531 708 676 742 conciliis
692 708 793 748 editis,
814 708 1018 751 generalibus

265 763 313 797 vel
333 762 543 807 specialibus,
575 762 860 796 constitutionibus
880 768 910 795 et
930 762 1017 795 ordi-

266 816 459 850 nationibus.
478 815 541 849 Nec
558 826 623 848 non
639 815 827 848 eorumden]
844 815 1019 848 beneficio-

266 881 338 904 rum
358 870 557 910 fundatione,
571 880 607 903 ac
623 869 845 909 ecclesiarum,
858 869 889 902 in
903 869 1019 913 quibus

266 924 334 968 ipsa
354 924 511 957 beneficia
531 924 637 957 forsan
658 923 793 963 fuerint,
823 923 1016 962 iuramento,

267 977 513 1011 confirmatione
540 977 715 1022 apostolica
753 977 800 1010 vel
826 977 935 1020 quavis
964 976 1019 1008 tir-

267 1030 375 1064 mitate
400 1032 462 1064 alia
487 1030 656 1071 roboratis,
685 1030 807 1062 statutis
833 1035 861 1062 et
882 1040 1019 1063 consue-

266 1085 448 1125 tudinibus,
478 1084 649 1129 privilegiis
669 1094 798 1128 quoque
811 1110 818 1123 ,
841 1083 971 1116 indultis
992 1089 1021 1115 et

267 1137 368 1170 literis
393 1137 577 1182 apostolicis
601 1137 659 1170 sub
684 1137 945 1180 quibuscumque
973 1142 1019 1169 te-

268 1191 403 1224 noribus
418 1196 449 1224 et
460 1191 582 1231 formis,
597 1201 633 1223 ac
650 1200 723 1222 cum
740 1189 914 1232 quibusvis,
925 1189 1020 1222 etiam

267 1244 546 1287 derogatoriarum
567 1241 778 1285 derogatoriis
796 1242 930 1285 aliisque
956 1242 1022 1274 efli-

268 1297 449 1330 cacioribus
478 1303 508 1330 et
535 1296 671 1330 insolitis
698 1295 863 1336 clausulis,
891 1296 1020 1329 irritan-

267 1351 353 1384 tibus
390 1357 419 1384 et
462 1350 532 1384 aliis
576 1350 712 1384 decretis
754 1349 1018 1393 quomodolibet,

268 1404 364 1437 etiam
381 1404 502 1438 iteratis
521 1404 656 1443 vicibus,
675 1415 712 1437 ac
728 1404 824 1437 etiam
841 1409 931 1436 motu
950 1414 1021 1447 pro-

268 1457 340 1502 prio
359 1464 390 1491 et
410 1469 447 1491 ex
458 1464 544 1491 certa
556 1457 698 1497 scientia,
715 1457 885 1493 concessis,
906 1456 1022 1489 confir-

268 1510 362 1544 matis
381 1516 410 1544 et
431 1510 606 1551 innovatis,
629 1510 747 1554 quibus
772 1510 932 1549 omnibus,
953 1510 1023 1542 illo-

269 1574 342 1596 rum
363 1569 503 1605 tenores,
531 1564 557 1597 si
577 1564 616 1596 de
640 1564 737 1596 verbo
759 1563 797 1595 ad
817 1563 950 1595 verbum
972 1563 1020 1594 in-

269 1622 470 1657 sererentur,
493 1616 717 1660 praesentibus
737 1627 796 1660 pro
826 1615 1022 1649 sufficient‹=r

269 1670 425 1714 expressis
454 1676 485 1704 et
520 1670 646 1704 insertis
671 1670 837 1709 habentes,
861 1670 923 1702 illis
944 1670 1021 1703 alias

270 1725 301 1758 in
317 1736 376 1758 suo
394 1725 509 1758 robore
526 1724 758 1769 permansuris,
776 1725 835 1757 liae
848 1724 913 1757 viee
931 1724 1020 1756 dum-

268 1784 352 1811 taxat
389 1779 569 1822 specialiter
596 1784 624 1811 et
653 1789 800 1822 expresse
829 1778 1021 1819 derogamus

270 1832 439 1866 contrariis
463 1832 736 1876 quibuscumque.
765 1834 825 1864 Aut
851 1831 873 1864 si
901 1831 1019 1864 eisdem

270 1886 418 1919 locorum
439 1886 610 1920 ordinariis
631 1887 669 1919 ab
686 1886 797 1919 eadem
819 1886 856 1918 sit
878 1885 957 1919 Sede
976 1886 1022 1917 iu-

269 1940 396 1973 dulturn
426 1941 472 1973 vel
502 1940 534 1973 in
560 1946 726 1984 posterum
755 1939 914 1982 indulgeri
944 1950 1021 1972 cou-

270 1993 369 2037 tingat
392 1994 479 2037 quod
504 1993 696 2033 canonicos,
723 1999 865 2026 rectores
889 1998 916 2025 et
949 2003 1021 2036 per-

269 2057 364 2080 sonas
390 2047 600 2081 ecelesiarum
632 2059 687 2080 seu
714 2048 861 2080 locorum
891 2057 1022 2079 suarum

270 2100 432 2134 civitatum
452 2107 483 2135 et
514 2102 699 2135 dioecesum
713 2128 720 2141 ,
748 2101 844 2133 etiam
866 2101 896 2132 in
917 2100 1022 2143 digni-

270 2154 400 2193 tatibus,
431 2156 666 2199 personatibus,
693 2154 1023 2187 administrationibus

270 2209 318 2242 vel
338 2209 452 2242 officiis
471 2210 671 2250 constitutas,
694 2220 752 2254 per
771 2208 1023 2241 subtractionem

271 2268 485 2307 proventuum
492 2263 725 2296 beneficiorum
733 2273 866 2296 suorum
875 2261 1023 2295 eeclesia-

272 2316 426 2349 sticorum
444 2322 499 2350 aut
518 2317 596 2349 alias
617 2317 812 2360 compellere
839 2315 963 2348 valeant
985 2315 1023 2347 ad

274 2370 479 2403 residendum
515 2370 726 2414 personaliter
752 2371 782 2403 in
804 2370 936 2409 eisdem3
967 2380 1023 2402 seu

273 2424 298 2457 si
328 2424 498 2457 ordinariis
532 2425 702 2469 praedictis
737 2430 767 2457 et
796 2423 918 2457 dilectis
952 2423 1024 2455 siliis

273 2477 483 2512 ecclesiarum
505 2479 692 2512 earumdem
716 2479 865 2523 capitulis
884 2478 931 2510 vel
955 2477 1025 2521 qui-

273 2527 379 2561 busvis
408 2528 490 2568 aliis,
518 2528 733 2561 communiter
759 2529 806 2561 vel
828 2527 963 2567 divisim,
986 2526 1025 2558 ab

275 2577 385 2610 eadem
407 2578 445 2610 sit
465 2577 544 2610 Sede
566 2588 772 2617 concessum,
803 2578 850 2610 rel
873 2577 1024 2620 imposte-

276 2639 346 2660 rum
377 2627 510 2661 eoncedi
540 2627 699 2670 contingat
733 2627 818 2671 quod
848 2625 1022 2661 canonicis,

275 2677 489 2709 recturibuset
514 2677 657 2721 permane
678 2677 886 2709 ove¹10<iar11m
909 2687 962 2708 seu
982 2676 1024 2707 lw-

1700 266 1763 299 4:35)

1059 342 1171 364 corum
1202 341 1333 363 suarum
1364 329 1524 362 civitatum
1561 335 1589 361 et
1625 328 1807 361 dioecesum

1060 387 1308 430 praedictorum,
1327 385 1422 417 etiam
1443 383 1473 416 in
1495 382 1713 425 dignitatibus,
1737 393 1809 425 per-

1060 441 1239 479 sonatibus,
1267 437 1597 472 administrationibus
1619 441 1673 469 aut
1697 435 1811 469 officiis

1059 494 1245 529 huiusmodi
1266 492 1446 526 constitutis
1466 497 1494 524 et
1516 491 1546 523 in
1570 490 1631 523 illis
1651 501 1715 523 non
1737 491 1811 522 resi-

1060 548 1219 588 dentibus,
1242 548 1289 580 vel
1305 545 1360 590 qui
1382 546 1413 578 in
1430 545 1475 578 eis
1496 545 1632 588 primam
1650 554 1715 576 non
1730 543 1810 576 sece-

1061 602 1121 635 rint
1152 600 1356 634 residentiam
1386 599 1585 643 personalem
1607 602 1809 636 consuetam,

1061 657 1193 694 fructus,
1207 653 1347 687 redditus
1357 659 1385 686 et
1399 658 1570 697 proventus
1580 650 1811 684 beneficiorum

1061 719 1195 742 suorum
1224 706 1514 740 ecelesiasticorum
1541 706 1572 738 in
1593 704 1734 738 absentia
1755 714 1812 737 sua

1062 762 1242 795 ministrare
1277 760 1408 792 minime
1442 765 1622 799 teneantur,
1649 764 1679 792 et
1710 758 1749 791 ad
1781 757 1812 790 id

1063 815 1213 859 compelli
1239 825 1303 847 non
1329 813 1450 857 possint
1470 824 1527 856 per
1551 812 1658 846 literas
1683 817 1811 856 aposto-

1063 869 1139 902 licas
1160 879 1223 901 non
1244 867 1396 900 facientes
1422 867 1548 910 plenam
1575 871 1605 898 et
1630 875 1812 909 expressam

1062 934 1097 956 ac
1119 923 1157 955 de
1177 922 1274 955 verbo
1294 921 1333 954 ad
1354 920 1485 953 verbum
1499 920 1537 952 de
1559 919 1682 952 indulto
1702 918 1814 951 huius-

1064 976 1149 1009 modi
1170 975 1379 1015 mentionem,
1403 979 1430 1006 et
1452 973 1647 1017 quibuslibet
1663 972 1734 1006 aliis
1751 972 1813 1016 pri-

1063 1030 1198 1073 vilegiis,
1218 1028 1423 1071 indulgentiis
1444 1033 1471 1060 et
1497 1027 1596 1060 literis
1617 1026 1811 1071 apostolicis,

1063 1082 1267 1126 generalibus
1282 1081 1329 1114 vel
1350 1080 1556 1124 specialibus,
1578 1090 1813 1124 quorumcum-

1063 1142 1286 1180 quetenorum
1308 1135 1453 1175 existant,
1478 1145 1535 1178 per
1549 1145 1642 1177 quae,
1663 1143 1814 1178 praesen-

1063 1190 1148 1222 tibus
1174 1199 1239 1222 non
1266 1199 1414 1232 expressa
1441 1188 1487 1219 rel
1514 1186 1654 1220 totaliter
1679 1197 1745 1219 non
1765 1186 1815 1219 in-

1064 1249 1158 1283 serta,
1177 1242 1311 1275 effectus
1329 1251 1439 1274 earum
1453 1239 1602 1284 impediri
1617 1240 1717 1272 valeat
1737 1249 1815 1282 quo-

1065 1296 1237 1330 modolibet
1262 1296 1310 1328 vel
1331 1294 1465 1334 differri,
1489 1299 1517 1327 et
1538 1294 1576 1327 de
1597 1293 1714 1337 quibus
1734 1303 1815 1336 quo-

1065 1361 1203 1394 rumque
1224 1349 1298 1383 totis
1318 1348 1484 1382 tenoribus
1504 1348 1542 1381 de
1562 1347 1659 1380 verbo
1686 1347 1725 1380 ad
1745 1358 1816 1380 ver-

1064 1405 1141 1438 bum
1162 1404 1309 1437 habenda
1330 1403 1367 1437 sit
1384 1403 1415 1435 in
1436 1402 1553 1435 nostris
1574 1401 1675 1435 literis
1695 1400 1816 1434 mentio

1065 1458 1224 1502 specialis,

1108 1511 1193 1544 Nulli
1214 1522 1289 1554 ergo
1306 1515 1362 1544 etc.

1108 1565 1222 1597 Datum
1243 1564 1362 1597 Romae
1388 1563 1472 1607 apud
1498 1564 1650 1597 Sanctum
1672 1562 1814 1601 Petrum,

1065 1628 1149 1650 auno
1177 1617 1410 1651 incarnationis
1436 1615 1615 1649 dominicae
1642 1615 1816 1648 millesimo

1064 1671 1321 1715 quingentesimo
1351 1671 1618 1715 quinquagesimo
1652 1670 1813 1709 secundo,

1064 1730 1174 1758 octavo
1205 1724 1275 1757 idus
1309 1725 1438 1768 aprilis,
1475 1723 1681 1767 pontificatus
1716 1722 1815 1755 nostri

1064 1789 1148 1811 anno
1173 1788 1218 1810 111.

1106 1833 1164 1863 Dat.
1181 1833 1228 1863 die
1244 1833 1261 1862 6
1278 1832 1379 1872 aprilis
1402 1832 1495 1869 1552,
1513 1831 1614 1872 pontis.
1636 1840 1712 1861 auno
1731 1839 1770 1860 m.

1402 2012 1478 2044 XXI.

1065 2089 1236 2122 Institutio
1255 2089 1379 2132 colleyt'i
1395 2089 1427 2120 in
1449 2088 1530 2120 t'rbe
1544 2098 1604 2130 pro
1619 2087 1818 2120 scholaribus

1112 2144 1322 2176 Germanicae
1361 2143 1505 2175 nationis
1532 2142 1717 2181 educandis,
1747 2152 1816 2172 cnm

1109 2197 1295 2238 mariarum.
1315 2200 1343 2229 et
1365 2196 1563 2228 induam-mn
1586 2195 1777 2238 elmyilione
1793 2195 1816 2226 ¹.

1140 2277 1227 2305 tutius
1242 2277 1384 2313 episcopus
1408 2284 1504 2306 servus
1527 2284 1667 2306 servorum
1686 2276 1746 2309 Dei,

1201 2327 1234 2355 ad
1253 2328 1414 2363 perpetuam
1445 2327 1486 2356 rei
1517 2327 1684 2356 memoriam.

1110 2399 1191 2432 Dum
1217 2399 1352 2433 sollicita
1381 2399 1647 2433 considerationis
1671 2399 1820 2441 indagine
1862 2407 1992 2430 Prot-mim.

1069 2460 1311 2498 perscrutamur
1352 2455 1438 2498 quod
1476 2455 1515 2488 sit
1558 2454 1733 2498 pretiosum
1770 2465 1820 2487 sa-

1067 2508 1205 2552 pientiae
1234 2514 1263 2541 et
1289 2509 1440 2542 scientiae
1474 2510 1595 2542 donum
1616 2520 1688 2542 cum
1710 2509 1820 2552 probi-

1067 2567 1128 2595 tate
1157 2562 1236 2595 vitae
1257 2563 1480 2603 coniunctum,
1499 2570 1527 2596 et
1548 2562 1634 2606 quod
1650 2573 1708 2606 per
1727 2562 1818 2597 illud.

1067 2616 1124 2649 lllo
1141 2615 1295 2659 largiente
1315 2627 1333 2650 a
1353 2628 1417 2660 quo
1438 2617 1582 2660 procedit
1599 2626 1694 2649 omne
1710 2616 1819 2650 datum

1107 2685 1114 2710 l
1136 2683 1172 2710 Ex
1194 2684 1299 2719 tte-gest.
1319 2685 1343 2710 iu
1358 2684 1467 2711 Archiv.
1487 2684 1569 2713 Vatis.

1869 273 1920 300 .C.
1943 274 2007 300 1552
