<?xml version="1.0" encoding="UTF-8"?>
<!DOCTYPE html PUBLIC "-//W3C//DTD XHTML 1.0 Transitional//EN"
    "http://www.w3.org/TR/xhtml1/DTD/xhtml1-transitional.dtd">
<html xmlns="http://www.w3.org/1999/xhtml" xml:lang="en" lang="en">
 <head>
  <title>
</title>
<meta http-equiv="Content-Type" content="text/html;charset=utf-8" />
  <meta name='ocr-system' content='tesseract 3.04.00' />
  <meta name='ocr-capabilities' content='ocr_page ocr_carea ocr_par ocr_line ocrx_word'/>
</head>
<body>
  <div class='ocr_page' id='page_1' title='image "./bullarumdiplomat06cath_0279.png"; bbox 0 0 2227 3001; ppageno 0'>
   <div class='ocr_carea' id='block_1_1' title="bbox 85 231 268 261">
    <p class='ocr_par' dir='ltr' id='par_1_1' title="bbox 85 231 268 261">
     <span class='ocr_line' id='line_1_1' title="bbox 85 231 268 261; baseline -0.005 0"><span class='ocrx_word' id='word_1_1' title='bbox 85 231 136 261; x_wconf 78' lang='lat' dir='ltr'>An.</span> <span class='ocrx_word' id='word_1_2' title='bbox 153 234 182 261; x_wconf 93' lang='lat' dir='ltr'>C.</span> <span class='ocrx_word' id='word_1_3' title='bbox 202 231 268 261; x_wconf 82' lang='lat'>1557</span> 
     </span>
    </p>
   </div>
   <div class='ocr_carea' id='block_1_2' title="bbox 85 982 272 1195">
    <p class='ocr_par' dir='ltr' id='par_1_2' title="bbox 85 982 272 1195">
     <span class='ocr_line' id='line_1_2' title="bbox 86 982 270 1003; baseline -0.005 0"><span class='ocrx_word' id='word_1_4' title='bbox 86 982 183 1003; x_wconf 67' lang='lat' dir='ltr'>facultas</span> <span class='ocrx_word' id='word_1_5' title='bbox 193 983 225 1002; x_wconf 86' lang='lat' dir='ltr'>ius</span> <span class='ocrx_word' id='word_1_6' title='bbox 239 983 270 1003; x_wconf 87' lang='lat' dir='ltr'>di-</span> 
     </span>
     <span class='ocr_line' id='line_1_3' title="bbox 85 1014 271 1035; baseline -0.005 0"><span class='ocrx_word' id='word_1_7' title='bbox 85 1015 147 1035; x_wconf 75' lang='lat' dir='ltr'>cendi</span> <span class='ocrx_word' id='word_1_8' title='bbox 158 1018 233 1034; x_wconf 81' lang='lat' dir='ltr'>contra</span> <span class='ocrx_word' id='word_1_9' title='bbox 242 1014 271 1034; x_wconf 63' lang='lat' dir='ltr'>uf&lt;</span> 
     </span>
     <span class='ocr_line' id='line_1_4' title="bbox 85 1045 271 1067; baseline -0.011 0"><span class='ocrx_word' id='word_1_10' title='bbox 85 1046 166 1067; x_wconf 73' lang='lat' dir='ltr'>siciates</span> <span class='ocrx_word' id='word_1_11' title='bbox 195 1045 271 1065; x_wconf 78' lang='lat' dir='ltr'>Roma-</span> 
     </span>
     <span class='ocr_line' id='line_1_5' title="bbox 85 1077 270 1098; baseline 0 -1"><span class='ocrx_word' id='word_1_12' title='bbox 85 1083 126 1098; x_wconf 66' lang='lat' dir='ltr'>nae</span> <span class='ocrx_word' id='word_1_13' title='bbox 149 1077 223 1097; x_wconf 78' lang='lat' dir='ltr'>Curiae</span> <span class='ocrx_word' id='word_1_14' title='bbox 247 1083 270 1097; x_wconf 77' lang='lat' dir='ltr'>ac</span> 
     </span>
     <span class='ocr_line' id='line_1_6' title="bbox 86 1108 271 1129; baseline -0.011 0"><span class='ocrx_word' id='word_1_15' title='bbox 86 1108 177 1129; x_wconf 73' lang='lat' dir='ltr'>curiales</span> <span class='ocrx_word' id='word_1_16' title='bbox 192 1110 213 1128; x_wconf 84' lang='lat' dir='ltr'>et</span> <span class='ocrx_word' id='word_1_17' title='bbox 233 1108 271 1127; x_wconf 84' lang='lat' dir='ltr'>ba-</span> 
     </span>
     <span class='ocr_line' id='line_1_7' title="bbox 85 1145 272 1163; baseline -0.005 -3"><span class='ocrx_word' id='word_1_18' title='bbox 85 1145 157 1163; x_wconf 77' lang='lat' dir='ltr'>rones.</span> <span class='ocrx_word' id='word_1_19' title='bbox 175 1145 272 1159; x_wconf 82' lang='lat' dir='ltr'>commu-</span> 
     </span>
     <span class='ocr_line' id='line_1_8' title="bbox 86 1171 235 1195; baseline 0 -5"><span class='ocrx_word' id='word_1_20' title='bbox 86 1171 165 1191; x_wconf 76' lang='lat' dir='ltr'>nitates</span> <span class='ocrx_word' id='word_1_21' title='bbox 181 1173 218 1190; x_wconf 76' lang='lat' dir='ltr'>etc.</span> <span class='ocrx_word' id='word_1_22' title='bbox 230 1177 235 1195; x_wconf 73' lang='grc' dir='ltr'>ς</span> 
     </span>
    </p>
   </div>
   <div class='ocr_carea' id='block_1_3' title="bbox 88 2051 275 2198">
    <p class='ocr_par' dir='ltr' id='par_1_3' title="bbox 88 2051 275 2198">
     <span class='ocr_line' id='line_1_9' title="bbox 90 2051 273 2079; baseline 0 -7"><span class='ocrx_word' id='word_1_23' title='bbox 90 2051 273 2079; x_wconf 72' lang='lat' dir='ltr'>Dispensandique</span> 
     </span>
     <span class='ocr_line' id='line_1_10' title="bbox 89 2083 275 2109; baseline 0.005 -6"><span class='ocrx_word' id='word_1_24' title='bbox 89 2084 113 2104; x_wconf 69' lang='lat' dir='ltr'>nd</span> <span class='ocrx_word' id='word_1_25' title='bbox 130 2083 190 2109; x_wconf 76' lang='lat' dir='ltr'>plura</span> <span class='ocrx_word' id='word_1_26' title='bbox 206 2083 275 2104; x_wconf 71' lang='lat' dir='ltr'>liene-</span> 
     </span>
     <span class='ocr_line' id='line_1_11' title="bbox 89 2113 274 2134; baseline 0 0"><span class='ocrx_word' id='word_1_27' title='bbox 89 2113 137 2134; x_wconf 79' lang='lat' dir='ltr'>ficia</span> <span class='ocrx_word' id='word_1_28' title='bbox 164 2117 185 2134; x_wconf 83' lang='lat' dir='ltr'>et</span> <span class='ocrx_word' id='word_1_29' title='bbox 218 2119 274 2134; x_wconf 77' lang='lat' dir='ltr'>circa</span> 
     </span>
     <span class='ocr_line' id='line_1_12' title="bbox 89 2145 275 2166; baseline 0.005 -1"><span class='ocrx_word' id='word_1_30' title='bbox 89 2145 167 2165; x_wconf 60' lang='lat' dir='ltr'>aeia-tis</span> <span class='ocrx_word' id='word_1_31' title='bbox 192 2148 213 2166; x_wconf 83' lang='lat' dir='ltr'>et</span> <span class='ocrx_word' id='word_1_32' title='bbox 235 2151 275 2166; x_wconf 83' lang='lat' dir='ltr'>ua-</span> 
     </span>
     <span class='ocr_line' id='line_1_13' title="bbox 88 2175 274 2198; baseline 0.005 -1"><span class='ocrx_word' id='word_1_33' title='bbox 88 2176 161 2197; x_wconf 78' lang='lat' dir='ltr'>uuum</span> <span class='ocrx_word' id='word_1_34' title='bbox 170 2175 274 2198; x_wconf 77' lang='lat' dir='ltr'>detectus.</span> 
     </span>
    </p>
   </div>
   <div class='ocr_carea' id='block_1_4' title="bbox 927 226 1176 256">
    <p class='ocr_par' dir='ltr' id='par_1_4' title="bbox 927 226 1176 256">
     <span class='ocr_line' id='line_1_14' title="bbox 927 226 1176 256; baseline 0 -1"><span class='ocrx_word' id='word_1_35' title='bbox 927 231 1044 256; x_wconf 75' lang='lat' dir='ltr'>mrLrs</span> <span class='ocrx_word' id='word_1_36' title='bbox 1069 230 1102 255; x_wconf 70' lang='grc' dir='ltr'>ιιι</span> <span class='ocrx_word' id='word_1_37' title='bbox 1129 226 1176 255; x_wconf 78' lang='lat' dir='ltr'>r&#39;r.</span> 
     </span>
    </p>
   </div>
   <div class='ocr_carea' id='block_1_5' title="bbox 283 286 1049 2413">
    <p class='ocr_par' dir='ltr' id='par_1_5' title="bbox 283 286 1043 921">
     <span class='ocr_line' id='line_1_15' title="bbox 283 286 1038 334; baseline -0.008 -10"><span class='ocrx_word' id='word_1_38' title='bbox 283 294 453 334; x_wconf 75' lang='lat' dir='ltr'>sequentes</span> <span class='ocrx_word' id='word_1_39' title='bbox 476 298 532 322; x_wconf 90' lang='lat' dir='ltr'>seu</span> <span class='ocrx_word' id='word_1_40' title='bbox 550 286 728 321; x_wconf 77' lang='lat' dir='ltr'>cortisanos</span> <span class='ocrx_word' id='word_1_41' title='bbox 737 292 767 320; x_wconf 90' lang='lat' dir='ltr'>et</span> <span class='ocrx_word' id='word_1_42' title='bbox 779 286 932 319; x_wconf 83' lang='lat' dir='ltr'>officiales</span> <span class='ocrx_word' id='word_1_43' title='bbox 943 297 1038 330; x_wconf 90' lang='lat' dir='ltr'>quos-</span> 
     </span>
     <span class='ocr_line' id='line_1_16' title="bbox 284 340 1037 386; baseline -0.005 -8"><span class='ocrx_word' id='word_1_44' title='bbox 284 354 424 386; x_wconf 82' lang='lat' dir='ltr'>cumque</span> <span class='ocrx_word' id='word_1_45' title='bbox 444 342 544 386; x_wconf 85' lang='lat' dir='ltr'>ipsius</span> <span class='ocrx_word' id='word_1_46' title='bbox 559 340 673 375; x_wconf 88' lang='lat' dir='ltr'>Curiae</span> <span class='ocrx_word' id='word_1_47' title='bbox 689 346 828 381; x_wconf 88' lang='lat' dir='ltr'>nostrae,</span> <span class='ocrx_word' id='word_1_48' title='bbox 847 346 878 374; x_wconf 90' lang='lat' dir='ltr'>et</span> <span class='ocrx_word' id='word_1_49' title='bbox 893 341 1037 384; x_wconf 89' lang='lat' dir='ltr'>ipsorum</span> 
     </span>
     <span class='ocr_line' id='line_1_17' title="bbox 283 395 1039 440; baseline -0.004 -9"><span class='ocrx_word' id='word_1_50' title='bbox 283 397 464 432; x_wconf 86' lang='lat' dir='ltr'>officiorum</span> <span class='ocrx_word' id='word_1_51' title='bbox 487 395 717 440; x_wconf 74' lang='lat' dir='ltr'>p1·aesidenteS‚</span> <span class='ocrx_word' id='word_1_52' title='bbox 741 395 978 438; x_wconf 89' lang='lat' dir='ltr'>cuiuscumque</span> <span class='ocrx_word' id='word_1_53' title='bbox 994 395 1039 428; x_wconf 92' lang='lat' dir='ltr'>di—</span> 
     </span>
     <span class='ocr_line' id='line_1_18' title="bbox 283 448 1040 494; baseline -0.001 -11"><span class='ocrx_word' id='word_1_54' title='bbox 283 450 431 494; x_wconf 85' lang='lat' dir='ltr'>gnitatis,</span> <span class='ocrx_word' id='word_1_55' title='bbox 454 454 573 488; x_wconf 87' lang='lat' dir='ltr'>status,</span> <span class='ocrx_word' id='word_1_56' title='bbox 596 448 730 491; x_wconf 83' lang='lat' dir='ltr'>gradus,</span> <span class='ocrx_word' id='word_1_57' title='bbox 754 448 876 481; x_wconf 78' lang='lat' dir='ltr'>ordinis</span> <span class='ocrx_word' id='word_1_58' title='bbox 895 449 943 481; x_wconf 90' lang='lat' dir='ltr'>vel</span> <span class='ocrx_word' id='word_1_59' title='bbox 965 459 1040 482; x_wconf 92' lang='lat' dir='ltr'>con-</span> 
     </span>
     <span class='ocr_line' id='line_1_19' title="bbox 283 502 1040 543; baseline -0.001 -6"><span class='ocrx_word' id='word_1_60' title='bbox 283 504 413 537; x_wconf 91' lang='lat' dir='ltr'>ditionis</span> <span class='ocrx_word' id='word_1_61' title='bbox 445 502 563 536; x_wconf 89' lang='lat' dir='ltr'>fuerint</span> <span class='ocrx_word' id='word_1_62' title='bbox 579 529 586 543; x_wconf 92' lang='lat'>,</span> <span class='ocrx_word' id='word_1_63' title='bbox 609 502 786 535; x_wconf 89' lang='lat' dir='ltr'>dummodo</span> <span class='ocrx_word' id='word_1_64' title='bbox 820 508 947 535; x_wconf 87' lang='lat' dir='ltr'>sanctae</span> <span class='ocrx_word' id='word_1_65' title='bbox 981 503 1040 536; x_wconf 82' lang='lat' dir='ltr'>Ro-</span> 
     </span>
     <span class='ocr_line' id='line_1_20' title="bbox 283 555 1037 595; baseline -0.004 -5"><span class='ocrx_word' id='word_1_66' title='bbox 283 566 397 590; x_wconf 81' lang='lat' dir='ltr'>manae</span> <span class='ocrx_word' id='word_1_67' title='bbox 418 555 580 589; x_wconf 81' lang='lat' dir='ltr'>Ecclesiae</span> <span class='ocrx_word' id='word_1_68' title='bbox 602 555 781 588; x_wconf 81' lang='lat' dir='ltr'>cardinales</span> <span class='ocrx_word' id='word_1_69' title='bbox 801 566 866 588; x_wconf 91' lang='lat' dir='ltr'>non</span> <span class='ocrx_word' id='word_1_70' title='bbox 893 555 1037 595; x_wconf 81' lang='lat' dir='ltr'>existant,</span> 
     </span>
     <span class='ocr_line' id='line_1_21' title="bbox 284 608 1041 648; baseline -0.004 -5"><span class='ocrx_word' id='word_1_71' title='bbox 284 609 503 643; x_wconf 84' lang='lat' dir='ltr'>omnimodam</span> <span class='ocrx_word' id='word_1_72' title='bbox 514 608 769 642; x_wconf 87' lang='lat' dir='ltr'>iurisdictionem</span> <span class='ocrx_word' id='word_1_73' title='bbox 779 608 961 648; x_wconf 80' lang='lat' dir='ltr'>exercendi,</span> <span class='ocrx_word' id='word_1_74' title='bbox 973 619 1041 641; x_wconf 90' lang='lat' dir='ltr'>eos-</span> 
     </span>
     <span class='ocr_line' id='line_1_22' title="bbox 284 661 1042 708; baseline -0.004 -11"><span class='ocrx_word' id='word_1_75' title='bbox 284 675 347 707; x_wconf 87' lang='lat' dir='ltr'>que</span> <span class='ocrx_word' id='word_1_76' title='bbox 374 674 434 708; x_wconf 92' lang='lat' dir='ltr'>pro</span> <span class='ocrx_word' id='word_1_77' title='bbox 463 662 646 696; x_wconf 78' lang='lat' dir='ltr'>excessibus</span> <span class='ocrx_word' id='word_1_78' title='bbox 680 661 855 706; x_wconf 87' lang='lat' dir='ltr'>puniendi,</span> <span class='ocrx_word' id='word_1_79' title='bbox 878 667 919 702; x_wconf 83' lang='lat' dir='ltr'>et,</span> <span class='ocrx_word' id='word_1_80' title='bbox 946 667 1042 705; x_wconf 90' lang='lat' dir='ltr'>prout</span> 
     </span>
     <span class='ocr_line' id='line_1_23' title="bbox 284 716 1041 759; baseline -0.004 -9"><span class='ocrx_word' id='word_1_81' title='bbox 284 716 504 751; x_wconf 77' lang='lat' dir='ltr'>demeruerint</span> <span class='ocrx_word' id='word_1_82' title='bbox 531 727 589 750; x_wconf 92' lang='lat' dir='ltr'>seu</span> <span class='ocrx_word' id='word_1_83' title='bbox 623 716 838 759; x_wconf 82' lang='lat' dir='ltr'>deliquerint,</span> <span class='ocrx_word' id='word_1_84' title='bbox 861 726 878 748; x_wconf 90' lang='lat' dir='ltr'>a</span> <span class='ocrx_word' id='word_1_85' title='bbox 907 725 1041 748; x_wconf 91' lang='lat' dir='ltr'>suorum</span> 
     </span>
     <span class='ocr_line' id='line_1_24' title="bbox 285 769 1041 813; baseline -0.004 -9"><span class='ocrx_word' id='word_1_86' title='bbox 285 771 467 804; x_wconf 76' lang='lat' dir='ltr'>officiorum</span> <span class='ocrx_word' id='word_1_87' title='bbox 480 770 631 804; x_wconf 80' lang='lat' dir='ltr'>exercitio</span> <span class='ocrx_word' id='word_1_88' title='bbox 647 769 876 813; x_wconf 79' lang='lat' dir='ltr'>suspendendi,</span> <span class='ocrx_word' id='word_1_89' title='bbox 891 774 932 808; x_wconf 89' lang='lat' dir='ltr'>et,</span> <span class='ocrx_word' id='word_1_90' title='bbox 946 774 1041 812; x_wconf 88' lang='lat' dir='ltr'>prout</span> 
     </span>
     <span class='ocr_line' id='line_1_25' title="bbox 284 821 1043 863; baseline -0.001 -7"><span class='ocrx_word' id='word_1_91' title='bbox 284 824 404 858; x_wconf 89' lang='lat' dir='ltr'>iustitia</span> <span class='ocrx_word' id='word_1_92' title='bbox 432 823 586 863; x_wconf 83' lang='lat' dir='ltr'>suaserit,</span> <span class='ocrx_word' id='word_1_93' title='bbox 609 834 664 856; x_wconf 85' lang='lat' dir='ltr'>eos</span> <span class='ocrx_word' id='word_1_94' title='bbox 698 822 818 856; x_wconf 86' lang='lat' dir='ltr'>eisdem</span> <span class='ocrx_word' id='word_1_95' title='bbox 844 821 958 855; x_wconf 85' lang='lat' dir='ltr'>officiis</span> <span class='ocrx_word' id='word_1_96' title='bbox 978 821 1043 855; x_wconf 90' lang='lat' dir='ltr'>suis</span> 
     </span>
     <span class='ocr_line' id='line_1_26' title="bbox 286 875 709 921; baseline -0.005 -11"><span class='ocrx_word' id='word_1_97' title='bbox 286 876 431 921; x_wconf 77' lang='lat' dir='ltr'>privandi</span> <span class='ocrx_word' id='word_1_98' title='bbox 452 882 482 909; x_wconf 91' lang='lat' dir='ltr'>et</span> <span class='ocrx_word' id='word_1_99' title='bbox 503 875 709 909; x_wconf 75' lang='lat' dir='ltr'>destituendi.</span> 
     </span>
    </p>

    <p class='ocr_par' dir='ltr' id='par_1_6' title="bbox 284 926 1048 1975">
     <span class='ocr_line' id='line_1_27' title="bbox 329 926 1044 973; baseline -0.004 -11"><span class='ocrx_word' id='word_1_100' title='bbox 329 930 344 973; x_wconf 65' lang='lat' dir='ltr'>g</span> <span class='ocrx_word' id='word_1_101' title='bbox 361 930 390 962; x_wconf 92' lang='lat'>7.</span> <span class='ocrx_word' id='word_1_102' title='bbox 413 929 556 969; x_wconf 81' lang='lat' dir='ltr'>Necnon,</span> <span class='ocrx_word' id='word_1_103' title='bbox 574 928 669 961; x_wconf 90' lang='lat' dir='ltr'>etiam</span> <span class='ocrx_word' id='word_1_104' title='bbox 685 928 769 961; x_wconf 91' lang='lat' dir='ltr'>inter</span> <span class='ocrx_word' id='word_1_105' title='bbox 783 928 921 961; x_wconf 89' lang='lat' dir='ltr'>barones</span> <span class='ocrx_word' id='word_1_106' title='bbox 937 932 967 960; x_wconf 89' lang='lat' dir='ltr'>et</span> <span class='ocrx_word' id='word_1_107' title='bbox 986 926 1044 959; x_wconf 89' lang='lat' dir='ltr'>mi-</span> 
     </span>
     <span class='ocr_line' id='line_1_28' title="bbox 284 980 1044 1024; baseline -0.005 -9"><span class='ocrx_word' id='word_1_108' title='bbox 284 982 374 1022; x_wconf 80' lang='lat' dir='ltr'>lites,</span> <span class='ocrx_word' id='word_1_109' title='bbox 398 982 546 1015; x_wconf 91' lang='lat' dir='ltr'>dominos</span> <span class='ocrx_word' id='word_1_110' title='bbox 573 981 769 1024; x_wconf 84' lang='lat' dir='ltr'>temporales</span> <span class='ocrx_word' id='word_1_111' title='bbox 799 986 829 1013; x_wconf 91' lang='lat' dir='ltr'>et</span> <span class='ocrx_word' id='word_1_112' title='bbox 857 980 982 1012; x_wconf 88' lang='lat' dir='ltr'>nobiles</span> <span class='ocrx_word' id='word_1_113' title='bbox 1008 990 1044 1012; x_wconf 89' lang='lat' dir='ltr'>ac</span> 
     </span>
     <span class='ocr_line' id='line_1_29' title="bbox 286 1033 1044 1080; baseline -0.003 -12"><span class='ocrx_word' id='word_1_114' title='bbox 286 1046 440 1080; x_wconf 83' lang='lat' dir='ltr'>personas</span> <span class='ocrx_word' id='word_1_115' title='bbox 455 1035 533 1068; x_wconf 90' lang='lat' dir='ltr'>alias</span> <span class='ocrx_word' id='word_1_116' title='bbox 553 1035 734 1067; x_wconf 79' lang='lat' dir='ltr'>saeculares</span> <span class='ocrx_word' id='word_1_117' title='bbox 750 1039 779 1067; x_wconf 90' lang='lat' dir='ltr'>et</span> <span class='ocrx_word' id='word_1_118' title='bbox 802 1033 1044 1073; x_wconf 87' lang='lat' dir='ltr'>ecclesiasticas,</span> 
     </span>
     <span class='ocr_line' id='line_1_30' title="bbox 287 1086 1045 1122; baseline -0.004 -1"><span class='ocrx_word' id='word_1_119' title='bbox 287 1099 414 1122; x_wconf 90' lang='lat' dir='ltr'>necnon</span> <span class='ocrx_word' id='word_1_120' title='bbox 436 1087 684 1121; x_wconf 82' lang='lat' dir='ltr'>communitates</span> <span class='ocrx_word' id='word_1_121' title='bbox 710 1092 741 1119; x_wconf 89' lang='lat' dir='ltr'>et</span> <span class='ocrx_word' id='word_1_122' title='bbox 766 1086 989 1119; x_wconf 77' lang='lat' dir='ltr'>universitates</span> <span class='ocrx_word' id='word_1_123' title='bbox 1009 1097 1045 1119; x_wconf 88' lang='lat' dir='ltr'>ac</span> 
     </span>
     <span class='ocr_line' id='line_1_31' title="bbox 286 1140 1046 1186; baseline -0.003 -11"><span class='ocrx_word' id='word_1_124' title='bbox 286 1143 426 1186; x_wconf 90' lang='lat' dir='ltr'>populos</span> <span class='ocrx_word' id='word_1_125' title='bbox 447 1146 475 1174; x_wconf 89' lang='lat' dir='ltr'>et</span> <span class='ocrx_word' id='word_1_126' title='bbox 497 1151 609 1174; x_wconf 90' lang='lat' dir='ltr'>omnes</span> <span class='ocrx_word' id='word_1_127' title='bbox 629 1140 709 1173; x_wconf 91' lang='lat' dir='ltr'>alios</span> <span class='ocrx_word' id='word_1_128' title='bbox 729 1140 911 1173; x_wconf 80' lang='lat' dir='ltr'>saeculares</span> <span class='ocrx_word' id='word_1_129' title='bbox 927 1140 1046 1173; x_wconf 88' lang='lat' dir='ltr'>discor-</span> 
     </span>
     <span class='ocr_line' id='line_1_32' title="bbox 286 1193 1047 1233; baseline -0.003 -5"><span class='ocrx_word' id='word_1_130' title='bbox 286 1195 341 1228; x_wconf 90' lang='lat' dir='ltr'>des</span> <span class='ocrx_word' id='word_1_131' title='bbox 362 1199 392 1227; x_wconf 85' lang='lat' dir='ltr'>et</span> <span class='ocrx_word' id='word_1_132' title='bbox 412 1193 613 1233; x_wconf 76' lang='lat' dir='ltr'>differentes,</span> <span class='ocrx_word' id='word_1_133' title='bbox 634 1193 744 1233; x_wconf 78' lang='lat' dir='ltr'>Urbis,</span> <span class='ocrx_word' id='word_1_134' title='bbox 765 1198 938 1233; x_wconf 87' lang='lat' dir='ltr'>terrarum,</span> <span class='ocrx_word' id='word_1_135' title='bbox 961 1194 1047 1226; x_wconf 87' lang='lat' dir='ltr'>loco-</span> 
     </span>
     <span class='ocr_line' id='line_1_33' title="bbox 285 1245 1047 1290; baseline -0.004 -10"><span class='ocrx_word' id='word_1_136' title='bbox 285 1258 359 1280; x_wconf 90' lang='lat' dir='ltr'>rum</span> <span class='ocrx_word' id='word_1_137' title='bbox 378 1252 407 1280; x_wconf 89' lang='lat' dir='ltr'>et</span> <span class='ocrx_word' id='word_1_138' title='bbox 424 1246 587 1279; x_wconf 85' lang='lat' dir='ltr'>districtus</span> <span class='ocrx_word' id='word_1_139' title='bbox 608 1245 862 1289; x_wconf 84' lang='lat' dir='ltr'>praedictorum,</span> <span class='ocrx_word' id='word_1_140' title='bbox 886 1257 1000 1290; x_wconf 85' lang='lat' dir='ltr'>pacem</span> <span class='ocrx_word' id='word_1_141' title='bbox 1017 1252 1047 1279; x_wconf 89' lang='lat' dir='ltr'>et</span> 
     </span>
     <span class='ocr_line' id='line_1_34' title="bbox 287 1299 1047 1339; baseline -0.003 -5"><span class='ocrx_word' id='word_1_142' title='bbox 287 1301 494 1334; x_wconf 78' lang='lat' dir='ltr'>concordiam</span> <span class='ocrx_word' id='word_1_143' title='bbox 531 1299 688 1339; x_wconf 80' lang='lat' dir='ltr'>faciendi,</span> <span class='ocrx_word' id='word_1_144' title='bbox 721 1305 752 1332; x_wconf 89' lang='lat' dir='ltr'>et</span> <span class='ocrx_word' id='word_1_145' title='bbox 774 1299 860 1332; x_wconf 89' lang='lat' dir='ltr'>inter</span> <span class='ocrx_word' id='word_1_146' title='bbox 897 1310 952 1332; x_wconf 86' lang='lat' dir='ltr'>eos</span> <span class='ocrx_word' id='word_1_147' title='bbox 985 1305 1047 1332; x_wconf 88' lang='lat' dir='ltr'>tre-</span> 
     </span>
     <span class='ocr_line' id='line_1_35' title="bbox 287 1352 1047 1397; baseline 0 -11"><span class='ocrx_word' id='word_1_148' title='bbox 287 1364 366 1397; x_wconf 85' lang='lat' dir='ltr'>guas</span> <span class='ocrx_word' id='word_1_149' title='bbox 385 1352 569 1393; x_wconf 85' lang='lat' dir='ltr'>indicendi;</span> <span class='ocrx_word' id='word_1_150' title='bbox 598 1352 747 1396; x_wconf 88' lang='lat' dir='ltr'>ipsosque</span> <span class='ocrx_word' id='word_1_151' title='bbox 768 1352 808 1385; x_wconf 90' lang='lat' dir='ltr'>ad</span> <span class='ocrx_word' id='word_1_152' title='bbox 829 1363 881 1385; x_wconf 88' lang='lat' dir='ltr'>eas</span> <span class='ocrx_word' id='word_1_153' title='bbox 909 1359 937 1385; x_wconf 88' lang='lat' dir='ltr'>et</span> <span class='ocrx_word' id='word_1_154' title='bbox 966 1353 1047 1396; x_wconf 90' lang='lat' dir='ltr'>ipsa-</span> 
     </span>
     <span class='ocr_line' id='line_1_36' title="bbox 287 1406 1044 1449; baseline -0.005 -8"><span class='ocrx_word' id='word_1_155' title='bbox 287 1418 361 1441; x_wconf 90' lang='lat' dir='ltr'>rum</span> <span class='ocrx_word' id='word_1_156' title='bbox 377 1407 612 1440; x_wconf 69' lang='lat' dir='ltr'>observantiam</span> <span class='ocrx_word' id='word_1_157' title='bbox 642 1406 903 1449; x_wconf 87' lang='lat' dir='ltr'>quibuscumque</span> <span class='ocrx_word' id='word_1_158' title='bbox 920 1406 1044 1449; x_wconf 79' lang='lat' dir='ltr'>poenis,</span> 
     </span>
     <span class='ocr_line' id='line_1_37' title="bbox 288 1460 1048 1503; baseline -0.003 -9"><span class='ocrx_word' id='word_1_159' title='bbox 288 1460 555 1500; x_wconf 80' lang='lat' dir='ltr'>districtionibus,</span> <span class='ocrx_word' id='word_1_160' title='bbox 566 1460 732 1493; x_wconf 84' lang='lat' dir='ltr'>sententiis</span> <span class='ocrx_word' id='word_1_161' title='bbox 741 1465 770 1492; x_wconf 88' lang='lat' dir='ltr'>et</span> <span class='ocrx_word' id='word_1_162' title='bbox 782 1460 940 1498; x_wconf 53' lang='lat' dir='ltr'>censuris</span> <span class='ocrx_word' id='word_1_163' title='bbox 951 1465 1048 1503; x_wconf 87' lang='lat' dir='ltr'>prout</span> 
     </span>
     <span class='ocr_line' id='line_1_38' title="bbox 288 1512 1047 1556; baseline -0.001 -10"><span class='ocrx_word' id='word_1_164' title='bbox 288 1514 346 1547; x_wconf 87' lang='lat' dir='ltr'>tibi</span> <span class='ocrx_word' id='word_1_165' title='bbox 365 1513 534 1554; x_wconf 84' lang='lat' dir='ltr'>videbitur,</span> <span class='ocrx_word' id='word_1_166' title='bbox 558 1512 792 1556; x_wconf 69' lang='lat' dir='ltr'>compellendi,</span> <span class='ocrx_word' id='word_1_167' title='bbox 811 1513 988 1545; x_wconf 84' lang='lat' dir='ltr'>concordes</span> <span class='ocrx_word' id='word_1_168' title='bbox 1014 1513 1047 1545; x_wconf 87' lang='lat' dir='ltr'>in</span> 
     </span>
     <span class='ocr_line' id='line_1_39' title="bbox 289 1565 1047 1600; baseline -0.003 -1"><span class='ocrx_word' id='word_1_169' title='bbox 289 1567 419 1600; x_wconf 90' lang='lat' dir='ltr'>unitatis</span> <span class='ocrx_word' id='word_1_170' title='bbox 447 1572 477 1600; x_wconf 84' lang='lat' dir='ltr'>et</span> <span class='ocrx_word' id='word_1_171' title='bbox 511 1566 675 1599; x_wconf 87' lang='lat' dir='ltr'>charitatis</span> <span class='ocrx_word' id='word_1_172' title='bbox 699 1566 829 1598; x_wconf 85' lang='lat' dir='ltr'>vinculo</span> <span class='ocrx_word' id='word_1_173' title='bbox 858 1565 1047 1599; x_wconf 88' lang='lat' dir='ltr'>confovendi</span> 
     </span>
     <span class='ocr_line' id='line_1_40' title="bbox 290 1619 1048 1663; baseline -0.003 -9"><span class='ocrx_word' id='word_1_174' title='bbox 290 1627 319 1655; x_wconf 92' lang='lat' dir='ltr'>et</span> <span class='ocrx_word' id='word_1_175' title='bbox 340 1620 573 1659; x_wconf 76' lang='lat' dir='ltr'>confirmandi,</span> <span class='ocrx_word' id='word_1_176' title='bbox 596 1620 733 1652; x_wconf 81' lang='lat' dir='ltr'>rebelles</span> <span class='ocrx_word' id='word_1_177' title='bbox 766 1625 796 1652; x_wconf 90' lang='lat' dir='ltr'>et</span> <span class='ocrx_word' id='word_1_178' title='bbox 825 1619 1048 1663; x_wconf 83' lang='lat' dir='ltr'>delinquentes</span> 
     </span>
     <span class='ocr_line' id='line_1_41' title="bbox 289 1672 1048 1708; baseline -0.001 -2"><span class='ocrx_word' id='word_1_179' title='bbox 289 1685 326 1707; x_wconf 89' lang='lat' dir='ltr'>ac</span> <span class='ocrx_word' id='word_1_180' title='bbox 360 1674 505 1708; x_wconf 88' lang='lat' dir='ltr'>eiusdem</span> <span class='ocrx_word' id='word_1_181' title='bbox 538 1673 702 1706; x_wconf 82' lang='lat' dir='ltr'>Romanae</span> <span class='ocrx_word' id='word_1_182' title='bbox 737 1672 899 1706; x_wconf 81' lang='lat' dir='ltr'>Ecclesiae</span> <span class='ocrx_word' id='word_1_183' title='bbox 941 1674 1048 1706; x_wconf 90' lang='lat' dir='ltr'>hostes</span> 
     </span>
     <span class='ocr_line' id='line_1_42' title="bbox 289 1726 1047 1771; baseline -0.003 -10"><span class='ocrx_word' id='word_1_184' title='bbox 289 1728 435 1761; x_wconf 75' lang='lat' dir='ltr'>censuris</span> <span class='ocrx_word' id='word_1_185' title='bbox 450 1733 479 1761; x_wconf 89' lang='lat' dir='ltr'>et</span> <span class='ocrx_word' id='word_1_186' title='bbox 495 1727 620 1771; x_wconf 87' lang='lat' dir='ltr'>poenis,</span> <span class='ocrx_word' id='word_1_187' title='bbox 633 1732 698 1759; x_wconf 88' lang='lat' dir='ltr'>tam</span> <span class='ocrx_word' id='word_1_188' title='bbox 715 1726 1047 1770; x_wconf 83' lang='lat' dir='ltr'>ecclesiasticisquam</span> 
     </span>
     <span class='ocr_line' id='line_1_43' title="bbox 289 1780 1048 1825; baseline -0.004 -10"><span class='ocrx_word' id='word_1_189' title='bbox 289 1782 371 1821; x_wconf 89' lang='lat' dir='ltr'>aliis,</span> <span class='ocrx_word' id='word_1_190' title='bbox 390 1781 485 1815; x_wconf 86' lang='lat' dir='ltr'>etiam</span> <span class='ocrx_word' id='word_1_191' title='bbox 506 1780 702 1825; x_wconf 77' lang='lat' dir='ltr'>pecuniariis</span> <span class='ocrx_word' id='word_1_192' title='bbox 718 1786 748 1813; x_wconf 91' lang='lat' dir='ltr'>et</span> <span class='ocrx_word' id='word_1_193' title='bbox 764 1781 911 1824; x_wconf 83' lang='lat' dir='ltr'>corporis</span> <span class='ocrx_word' id='word_1_194' title='bbox 926 1780 1048 1813; x_wconf 79' lang='lat' dir='ltr'>afflicti-</span> 
     </span>
     <span class='ocr_line' id='line_1_44' title="bbox 287 1834 1046 1877; baseline -0.004 -8"><span class='ocrx_word' id='word_1_195' title='bbox 287 1836 343 1876; x_wconf 66' lang='lat' dir='ltr'>vis,</span> <span class='ocrx_word' id='word_1_196' title='bbox 366 1835 498 1869; x_wconf 88' lang='lat' dir='ltr'>arcendi</span> <span class='ocrx_word' id='word_1_197' title='bbox 518 1840 548 1868; x_wconf 89' lang='lat' dir='ltr'>et</span> <span class='ocrx_word' id='word_1_198' title='bbox 569 1834 771 1877; x_wconf 80' lang='lat' dir='ltr'>corrigendi,</span> <span class='ocrx_word' id='word_1_199' title='bbox 794 1840 823 1867; x_wconf 91' lang='lat' dir='ltr'>et</span> <span class='ocrx_word' id='word_1_200' title='bbox 845 1835 884 1867; x_wconf 92' lang='lat' dir='ltr'>ad</span> <span class='ocrx_word' id='word_1_201' title='bbox 904 1840 1046 1867; x_wconf 88' lang='lat' dir='ltr'>nostram</span> 
     </span>
     <span class='ocr_line' id='line_1_45' title="bbox 288 1888 1048 1923; baseline -0.001 -1"><span class='ocrx_word' id='word_1_202' title='bbox 288 1895 318 1922; x_wconf 91' lang='lat' dir='ltr'>et</span> <span class='ocrx_word' id='word_1_203' title='bbox 337 1889 440 1923; x_wconf 85' lang='lat' dir='ltr'>dictae</span> <span class='ocrx_word' id='word_1_204' title='bbox 460 1890 624 1922; x_wconf 84' lang='lat' dir='ltr'>Romanae</span> <span class='ocrx_word' id='word_1_205' title='bbox 644 1888 806 1922; x_wconf 82' lang='lat' dir='ltr'>Ecclesiae</span> <span class='ocrx_word' id='word_1_206' title='bbox 822 1889 978 1922; x_wconf 84' lang='lat' dir='ltr'>unitatem</span> <span class='ocrx_word' id='word_1_207' title='bbox 1000 1899 1048 1921; x_wconf 89' lang='lat' dir='ltr'>re-</span> 
     </span>
     <span class='ocr_line' id='line_1_46' title="bbox 287 1942 439 1975; baseline -0.007 0"><span class='ocrx_word' id='word_1_208' title='bbox 287 1942 439 1975; x_wconf 88' lang='lat' dir='ltr'>ducendi.</span> 
     </span>
    </p>

    <p class='ocr_par' dir='ltr' id='par_1_7' title="bbox 289 1994 1049 2413">
     <span class='ocr_line' id='line_1_47' title="bbox 332 1994 1048 2039; baseline -0.001 -11"><span class='ocrx_word' id='word_1_209' title='bbox 332 1996 347 2039; x_wconf 61' lang='lat' dir='ltr'>g</span> <span class='ocrx_word' id='word_1_210' title='bbox 362 1995 392 2029; x_wconf 87' lang='lat'>8.</span> <span class='ocrx_word' id='word_1_211' title='bbox 416 1995 547 2028; x_wconf 84' lang='lat' dir='ltr'>Necnon</span> <span class='ocrx_word' id='word_1_212' title='bbox 564 2006 639 2028; x_wconf 91' lang='lat' dir='ltr'>cum</span> <span class='ocrx_word' id='word_1_213' title='bbox 656 1994 718 2027; x_wconf 89' lang='lat' dir='ltr'>tuis</span> <span class='ocrx_word' id='word_1_214' title='bbox 742 2000 771 2027; x_wconf 91' lang='lat' dir='ltr'>et</span> <span class='ocrx_word' id='word_1_215' title='bbox 796 1994 940 2038; x_wconf 87' lang='lat' dir='ltr'>quinque</span> <span class='ocrx_word' id='word_1_216' title='bbox 956 2005 1048 2038; x_wconf 91' lang='lat' dir='ltr'>prae-</span> 
     </span>
     <span class='ocr_line' id='line_1_48' title="bbox 289 2047 1046 2081; baseline -0.003 0"><span class='ocrx_word' id='word_1_217' title='bbox 289 2048 429 2081; x_wconf 84' lang='lat' dir='ltr'>latorum</span> <span class='ocrx_word' id='word_1_218' title='bbox 463 2059 496 2081; x_wconf 88' lang='lat' dir='ltr'>se</span> <span class='ocrx_word' id='word_1_219' title='bbox 528 2048 742 2081; x_wconf 85' lang='lat' dir='ltr'>asserentium</span> <span class='ocrx_word' id='word_1_220' title='bbox 777 2047 989 2080; x_wconf 88' lang='lat' dir='ltr'>familiaribus</span> <span class='ocrx_word' id='word_1_221' title='bbox 1018 2052 1046 2080; x_wconf 89' lang='lat' dir='ltr'>et</span> 
     </span>
     <span class='ocr_line' id='line_1_49' title="bbox 290 2101 1048 2143; baseline -0.001 -9"><span class='ocrx_word' id='word_1_222' title='bbox 290 2101 453 2135; x_wconf 88' lang='lat' dir='ltr'>continuis</span> <span class='ocrx_word' id='word_1_223' title='bbox 473 2101 758 2141; x_wconf 82' lang='lat' dir='ltr'>commensalibus,</span> <span class='ocrx_word' id='word_1_224' title='bbox 777 2106 807 2133; x_wconf 90' lang='lat' dir='ltr'>et</span> <span class='ocrx_word' id='word_1_225' title='bbox 823 2101 947 2140; x_wconf 91' lang='lat' dir='ltr'>decem,</span> <span class='ocrx_word' id='word_1_226' title='bbox 967 2111 1048 2143; x_wconf 89' lang='lat' dir='ltr'>quos</span> 
     </span>
     <span class='ocr_line' id='line_1_50' title="bbox 290 2154 1047 2198; baseline -0.003 -10"><span class='ocrx_word' id='word_1_227' title='bbox 290 2160 324 2188; x_wconf 90' lang='lat' dir='ltr'>tu</span> <span class='ocrx_word' id='word_1_228' title='bbox 345 2155 498 2198; x_wconf 77' lang='lat' dir='ltr'>elegeris,</span> <span class='ocrx_word' id='word_1_229' title='bbox 522 2154 668 2198; x_wconf 89' lang='lat' dir='ltr'>personis</span> <span class='ocrx_word' id='word_1_230' title='bbox 695 2154 777 2194; x_wconf 76' lang='lat' dir='ltr'>attis,</span> <span class='ocrx_word' id='word_1_231' title='bbox 807 2155 847 2187; x_wconf 88' lang='lat' dir='ltr'>ad</span> <span class='ocrx_word' id='word_1_232' title='bbox 867 2154 950 2195; x_wconf 89' lang='lat' dir='ltr'>duo,</span> <span class='ocrx_word' id='word_1_233' title='bbox 973 2159 1003 2186; x_wconf 91' lang='lat' dir='ltr'>et</span> <span class='ocrx_word' id='word_1_234' title='bbox 1023 2154 1047 2187; x_wconf 91' lang='lat' dir='ltr'>si</span> 
     </span>
     <span class='ocr_line' id='line_1_51' title="bbox 289 2207 1048 2250; baseline -0.003 -9"><span class='ocrx_word' id='word_1_235' title='bbox 289 2207 416 2241; x_wconf 89' lang='lat' dir='ltr'>nobiles</span> <span class='ocrx_word' id='word_1_236' title='bbox 434 2208 482 2240; x_wconf 88' lang='lat' dir='ltr'>vel</span> <span class='ocrx_word' id='word_1_237' title='bbox 502 2208 649 2250; x_wconf 83' lang='lat' dir='ltr'>graduati</span> <span class='ocrx_word' id='word_1_238' title='bbox 671 2208 809 2248; x_wconf 87' lang='lat' dir='ltr'>fuerint,</span> <span class='ocrx_word' id='word_1_239' title='bbox 832 2207 871 2240; x_wconf 90' lang='lat' dir='ltr'>ad</span> <span class='ocrx_word' id='word_1_240' title='bbox 891 2207 971 2248; x_wconf 85' lang='lat' dir='ltr'>tria,</span> <span class='ocrx_word' id='word_1_241' title='bbox 991 2218 1048 2240; x_wconf 89' lang='lat' dir='ltr'>seu</span> 
     </span>
     <span class='ocr_line' id='line_1_52' title="bbox 290 2261 1048 2306; baseline 0 -11"><span class='ocrx_word' id='word_1_242' title='bbox 290 2273 365 2295; x_wconf 89' lang='lat' dir='ltr'>cum</span> <span class='ocrx_word' id='word_1_243' title='bbox 382 2261 630 2306; x_wconf 86' lang='lat' dir='ltr'>dispensatione,</span> <span class='ocrx_word' id='word_1_244' title='bbox 643 2262 682 2294; x_wconf 89' lang='lat' dir='ltr'>ad</span> <span class='ocrx_word' id='word_1_245' title='bbox 698 2262 775 2302; x_wconf 88' lang='lat' dir='ltr'>duo,</span> <span class='ocrx_word' id='word_1_246' title='bbox 789 2262 828 2295; x_wconf 89' lang='lat' dir='ltr'>ad</span> <span class='ocrx_word' id='word_1_247' title='bbox 846 2261 976 2294; x_wconf 85' lang='lat' dir='ltr'>tertium</span> <span class='ocrx_word' id='word_1_248' title='bbox 994 2273 1048 2295; x_wconf 89' lang='lat' dir='ltr'>cu-</span> 
     </span>
     <span class='ocr_line' id='line_1_53' title="bbox 290 2315 1049 2355; baseline -0.003 -7"><span class='ocrx_word' id='word_1_249' title='bbox 290 2321 377 2355; x_wconf 86' lang='lat' dir='ltr'>rata,</span> <span class='ocrx_word' id='word_1_250' title='bbox 420 2315 596 2349; x_wconf 85' lang='lat' dir='ltr'>dummodo</span> <span class='ocrx_word' id='word_1_251' title='bbox 624 2315 707 2348; x_wconf 90' lang='lat' dir='ltr'>inter</span> <span class='ocrx_word' id='word_1_252' title='bbox 734 2316 790 2348; x_wconf 90' lang='lat' dir='ltr'>illa</span> <span class='ocrx_word' id='word_1_253' title='bbox 823 2327 890 2349; x_wconf 88' lang='lat' dir='ltr'>non</span> <span class='ocrx_word' id='word_1_254' title='bbox 929 2316 1049 2349; x_wconf 88' lang='lat' dir='ltr'>fuerint</span> 
     </span>
     <span class='ocr_line' id='line_1_54' title="bbox 291 2369 1049 2413; baseline 0 -11"><span class='ocrx_word' id='word_1_255' title='bbox 291 2369 351 2403; x_wconf 89' lang='lat' dir='ltr'>nisi</span> <span class='ocrx_word' id='word_1_256' title='bbox 371 2370 454 2403; x_wconf 87' lang='lat' dir='ltr'>duae</span> <span class='ocrx_word' id='word_1_257' title='bbox 476 2370 677 2413; x_wconf 82' lang='lat' dir='ltr'>parochiales</span> <span class='ocrx_word' id='word_1_258' title='bbox 702 2370 870 2409; x_wconf 84' lang='lat' dir='ltr'>ecclesiae,</span> <span class='ocrx_word' id='word_1_259' title='bbox 894 2381 950 2402; x_wconf 87' lang='lat' dir='ltr'>seu</span> <span class='ocrx_word' id='word_1_260' title='bbox 971 2370 1049 2402; x_wconf 87' lang='lat' dir='ltr'>alias</span> 
     </span>
    </p>
   </div>
   <div class='ocr_carea' id='block_1_6' title="bbox 290 2423 1052 2665">
    <p class='ocr_par' dir='ltr' id='par_1_8' title="bbox 290 2423 1052 2665">
     <span class='ocr_line' id='line_1_55' title="bbox 291 2423 1048 2467; baseline 0 -12"><span class='ocrx_word' id='word_1_261' title='bbox 291 2423 425 2456; x_wconf 87' lang='lat' dir='ltr'>invicem</span> <span class='ocrx_word' id='word_1_262' title='bbox 451 2423 704 2467; x_wconf 83' lang='lat' dir='ltr'>incompatibilia</span> <span class='ocrx_word' id='word_1_263' title='bbox 732 2423 930 2463; x_wconf 84' lang='lat' dir='ltr'>saecularia,</span> <span class='ocrx_word' id='word_1_264' title='bbox 954 2423 1048 2456; x_wconf 88' lang='lat' dir='ltr'>etiam</span> 
     </span>
     <span class='ocr_line' id='line_1_56' title="bbox 291 2471 1050 2517; baseline 0 -13"><span class='ocrx_word' id='word_1_265' title='bbox 291 2472 429 2505; x_wconf 84' lang='lat' dir='ltr'>maiores</span> <span class='ocrx_word' id='word_1_266' title='bbox 449 2478 479 2506; x_wconf 91' lang='lat' dir='ltr'>et</span> <span class='ocrx_word' id='word_1_267' title='bbox 499 2473 705 2516; x_wconf 85' lang='lat' dir='ltr'>principales,</span> <span class='ocrx_word' id='word_1_268' title='bbox 726 2478 930 2517; x_wconf 84' lang='lat' dir='ltr'>personatus,</span> <span class='ocrx_word' id='word_1_269' title='bbox 950 2471 1050 2505; x_wconf 90' lang='lat' dir='ltr'>admi-</span> 
     </span>
     <span class='ocr_line' id='line_1_57' title="bbox 290 2521 1047 2562; baseline 0 -9"><span class='ocrx_word' id='word_1_270' title='bbox 290 2521 497 2554; x_wconf 84' lang='lat' dir='ltr'>nistrationes</span> <span class='ocrx_word' id='word_1_271' title='bbox 529 2522 577 2554; x_wconf 88' lang='lat' dir='ltr'>vel</span> <span class='ocrx_word' id='word_1_272' title='bbox 611 2521 737 2562; x_wconf 83' lang='lat' dir='ltr'>officia,</span> <span class='ocrx_word' id='word_1_273' title='bbox 760 2522 856 2554; x_wconf 87' lang='lat' dir='ltr'>etiam</span> <span class='ocrx_word' id='word_1_274' title='bbox 878 2527 990 2554; x_wconf 90' lang='lat' dir='ltr'>curata</span> <span class='ocrx_word' id='word_1_275' title='bbox 1021 2527 1047 2553; x_wconf 90' lang='lat' dir='ltr'>et</span> 
     </span>
     <span class='ocr_line' id='line_1_58' title="bbox 290 2571 1052 2614; baseline 0 -11"><span class='ocrx_word' id='word_1_276' title='bbox 290 2571 478 2611; x_wconf 85' lang='lat' dir='ltr'>electiva,in</span> <span class='ocrx_word' id='word_1_277' title='bbox 494 2571 746 2611; x_wconf 87' lang='lat' dir='ltr'>cathedralibus,</span> <span class='ocrx_word' id='word_1_278' title='bbox 769 2571 864 2604; x_wconf 86' lang='lat' dir='ltr'>etiam</span> <span class='ocrx_word' id='word_1_279' title='bbox 887 2576 1052 2614; x_wconf 87' lang='lat' dir='ltr'>metropo—</span> 
     </span>
     <span class='ocr_line' id='line_1_59' title="bbox 291 2619 1051 2665; baseline 0 -12"><span class='ocrx_word' id='word_1_280' title='bbox 291 2620 408 2662; x_wconf 88' lang='lat' dir='ltr'>litanis,</span> <span class='ocrx_word' id='word_1_281' title='bbox 419 2620 467 2654; x_wconf 83' lang='lat' dir='ltr'>vel</span> <span class='ocrx_word' id='word_1_282' title='bbox 483 2619 659 2665; x_wconf 80' lang='lat' dir='ltr'>collegiatis</span> <span class='ocrx_word' id='word_1_283' title='bbox 679 2620 834 2661; x_wconf 86' lang='lat' dir='ltr'>ccelesiis,</span> <span class='ocrx_word' id='word_1_284' title='bbox 847 2620 1051 2665; x_wconf 86' lang='lat' dir='ltr'>parochiales</span> 
     </span>
    </p>
   </div>
   <div class='ocr_carea' id='block_1_7' title="bbox 1079 218 1849 2663">
    <p class='ocr_par' dir='ltr' id='par_1_9' title="bbox 1079 218 1848 2250">
     <span class='ocr_line' id='line_1_60' title="bbox 1728 218 1786 256; baseline 0.034 -2"><span class='ocrx_word' id='word_1_285' title='bbox 1728 218 1786 256; x_wconf 71' lang='lat'>⁵251</span> 
     </span>
     <span class='ocr_line' id='line_1_61' title="bbox 1079 284 1836 327; baseline 0 -9"><span class='ocrx_word' id='word_1_286' title='bbox 1079 284 1233 318; x_wconf 88' lang='lat' dir='ltr'>ecclesiae</span> <span class='ocrx_word' id='word_1_287' title='bbox 1261 285 1310 317; x_wconf 89' lang='lat' dir='ltr'>vel</span> <span class='ocrx_word' id='word_1_288' title='bbox 1343 295 1455 317; x_wconf 90' lang='lat' dir='ltr'>earum</span> <span class='ocrx_word' id='word_1_289' title='bbox 1490 288 1664 327; x_wconf 86' lang='lat' dir='ltr'>perpetuae</span> <span class='ocrx_word' id='word_1_290' title='bbox 1697 284 1836 318; x_wconf 72' lang='lat' dir='ltr'>vicariae</span> 
     </span>
     <span class='ocr_line' id='line_1_62' title="bbox 1080 336 1838 378; baseline -0.004 -7"><span class='ocrx_word' id='word_1_291' title='bbox 1080 338 1209 378; x_wconf 83' lang='lat' dir='ltr'>suerint,</span> <span class='ocrx_word' id='word_1_292' title='bbox 1230 344 1259 371; x_wconf 89' lang='lat' dir='ltr'>et</span> <span class='ocrx_word' id='word_1_293' title='bbox 1279 339 1319 371; x_wconf 91' lang='lat' dir='ltr'>ad</span> <span class='ocrx_word' id='word_1_294' title='bbox 1335 338 1400 370; x_wconf 91' lang='lat' dir='ltr'>duo</span> <span class='ocrx_word' id='word_1_295' title='bbox 1412 337 1486 377; x_wconf 87' lang='lat' dir='ltr'>alia,</span> <span class='ocrx_word' id='word_1_296' title='bbox 1505 337 1599 370; x_wconf 86' lang='lat' dir='ltr'>etiam</span> <span class='ocrx_word' id='word_1_297' title='bbox 1620 336 1747 375; x_wconf 84' lang='lat' dir='ltr'>similia,</span> <span class='ocrx_word' id='word_1_298' title='bbox 1764 336 1838 369; x_wconf 91' lang='lat' dir='ltr'>sim-</span> 
     </span>
     <span class='ocr_line' id='line_1_63' title="bbox 1081 390 1838 436; baseline -0.004 -11"><span class='ocrx_word' id='word_1_299' title='bbox 1081 393 1196 436; x_wconf 84' lang='lat' dir='ltr'>plicia,</span> <span class='ocrx_word' id='word_1_300' title='bbox 1220 403 1285 425; x_wconf 92' lang='lat' dir='ltr'>non</span> <span class='ocrx_word' id='word_1_301' title='bbox 1312 398 1420 425; x_wconf 89' lang='lat' dir='ltr'>tamen</span> <span class='ocrx_word' id='word_1_302' title='bbox 1453 392 1535 424; x_wconf 89' lang='lat' dir='ltr'>duos</span> <span class='ocrx_word' id='word_1_303' title='bbox 1569 390 1778 424; x_wconf 87' lang='lat' dir='ltr'>canonicatus</span> <span class='ocrx_word' id='word_1_304' title='bbox 1807 395 1838 423; x_wconf 85' lang='lat' dir='ltr'>et</span> 
     </span>
     <span class='ocr_line' id='line_1_64' title="bbox 1080 444 1837 489; baseline -0.003 -12"><span class='ocrx_word' id='word_1_305' title='bbox 1080 446 1299 489; x_wconf 76' lang='lat' dir='ltr'>praebendas,</span> <span class='ocrx_word' id='word_1_306' title='bbox 1334 445 1394 478; x_wconf 89' lang='lat' dir='ltr'>sub</span> <span class='ocrx_word' id='word_1_307' title='bbox 1428 455 1494 478; x_wconf 91' lang='lat' dir='ltr'>uno</span> <span class='ocrx_word' id='word_1_308' title='bbox 1528 449 1559 477; x_wconf 92' lang='lat' dir='ltr'>et</span> <span class='ocrx_word' id='word_1_309' title='bbox 1605 444 1718 476; x_wconf 90' lang='lat' dir='ltr'>eodem</span> <span class='ocrx_word' id='word_1_310' title='bbox 1754 448 1837 476; x_wconf 89' lang='lat' dir='ltr'>tecto</span> 
     </span>
     <span class='ocr_line' id='line_1_65' title="bbox 1081 496 1835 535; baseline -0.005 -3"><span class='ocrx_word' id='word_1_311' title='bbox 1081 500 1179 532; x_wconf 87' lang='lat' dir='ltr'>unius</span> <span class='ocrx_word' id='word_1_312' title='bbox 1209 505 1239 531; x_wconf 81' lang='lat' dir='ltr'>et</span> <span class='ocrx_word' id='word_1_313' title='bbox 1266 499 1411 532; x_wconf 89' lang='lat' dir='ltr'>eiusdem</span> <span class='ocrx_word' id='word_1_314' title='bbox 1436 497 1590 532; x_wconf 89' lang='lat' dir='ltr'>ecclesiae</span> <span class='ocrx_word' id='word_1_315' title='bbox 1611 496 1835 535; x_wconf 83' lang='lat' dir='ltr'>consistentia,</span> 
     </span>
     <span class='ocr_line' id='line_1_66' title="bbox 1082 550 1839 586; baseline -0.004 -1"><span class='ocrx_word' id='word_1_316' title='bbox 1082 553 1106 585; x_wconf 74' lang='lat' dir='ltr'>si</span> <span class='ocrx_word' id='word_1_317' title='bbox 1140 553 1185 585; x_wconf 88' lang='lat' dir='ltr'>eis</span> <span class='ocrx_word' id='word_1_318' title='bbox 1218 558 1247 585; x_wconf 91' lang='lat' dir='ltr'>et</span> <span class='ocrx_word' id='word_1_319' title='bbox 1281 552 1415 586; x_wconf 90' lang='lat' dir='ltr'>cuilibet</span> <span class='ocrx_word' id='word_1_320' title='bbox 1447 562 1561 584; x_wconf 90' lang='lat' dir='ltr'>eorum</span> <span class='ocrx_word' id='word_1_321' title='bbox 1581 550 1659 583; x_wconf 90' lang='lat' dir='ltr'>alias</span> <span class='ocrx_word' id='word_1_322' title='bbox 1684 550 1839 583; x_wconf 78' lang='lat' dir='ltr'>canonice</span> 
     </span>
     <span class='ocr_line' id='line_1_67' title="bbox 1083 604 1842 647; baseline -0.004 -9"><span class='ocrx_word' id='word_1_323' title='bbox 1083 606 1291 638; x_wconf 87' lang='lat' dir='ltr'>conferantur</span> <span class='ocrx_word' id='word_1_324' title='bbox 1318 611 1373 638; x_wconf 88' lang='lat' dir='ltr'>aut</span> <span class='ocrx_word' id='word_1_325' title='bbox 1402 604 1573 647; x_wconf 77' lang='lat' dir='ltr'>eligantur,</span> <span class='ocrx_word' id='word_1_326' title='bbox 1596 608 1842 647; x_wconf 86' lang='lat' dir='ltr'>praesententur</span> 
     </span>
     <span class='ocr_line' id='line_1_68' title="bbox 1082 657 1842 697; baseline -0.003 -6"><span class='ocrx_word' id='word_1_327' title='bbox 1082 660 1130 691; x_wconf 87' lang='lat' dir='ltr'>vel</span> <span class='ocrx_word' id='word_1_328' title='bbox 1150 659 1228 691; x_wconf 84' lang='lat' dir='ltr'>alias</span> <span class='ocrx_word' id='word_1_329' title='bbox 1244 664 1450 692; x_wconf 87' lang='lat' dir='ltr'>assumantur</span> <span class='ocrx_word' id='word_1_330' title='bbox 1470 659 1510 691; x_wconf 91' lang='lat' dir='ltr'>ad</span> <span class='ocrx_word' id='word_1_331' title='bbox 1531 658 1595 697; x_wconf 88' lang='lat' dir='ltr'>illa,</span> <span class='ocrx_word' id='word_1_332' title='bbox 1620 662 1650 690; x_wconf 90' lang='lat' dir='ltr'>et</span> <span class='ocrx_word' id='word_1_333' title='bbox 1674 657 1842 690; x_wconf 87' lang='lat' dir='ltr'>instituan-</span> 
     </span>
     <span class='ocr_line' id='line_1_69' title="bbox 1083 712 1840 755; baseline -0.003 -10"><span class='ocrx_word' id='word_1_334' title='bbox 1083 719 1136 746; x_wconf 89' lang='lat' dir='ltr'>tur</span> <span class='ocrx_word' id='word_1_335' title='bbox 1156 713 1189 744; x_wconf 92' lang='lat' dir='ltr'>in</span> <span class='ocrx_word' id='word_1_336' title='bbox 1210 713 1255 745; x_wconf 88' lang='lat' dir='ltr'>eis</span> <span class='ocrx_word' id='word_1_337' title='bbox 1275 713 1372 745; x_wconf 91' lang='lat' dir='ltr'>simul</span> <span class='ocrx_word' id='word_1_338' title='bbox 1393 712 1432 745; x_wconf 90' lang='lat' dir='ltr'>ad</span> <span class='ocrx_word' id='word_1_339' title='bbox 1452 712 1561 751; x_wconf 75' lang='lat' dir='ltr'>vitam,</span> <span class='ocrx_word' id='word_1_340' title='bbox 1589 722 1663 744; x_wconf 89' lang='lat' dir='ltr'>cum</span> <span class='ocrx_word' id='word_1_341' title='bbox 1685 716 1840 755; x_wconf 88' lang='lat' dir='ltr'>potestate</span> 
     </span>
     <span class='ocr_line' id='line_1_70' title="bbox 1084 764 1843 809; baseline -0.003 -12"><span class='ocrx_word' id='word_1_342' title='bbox 1084 765 1289 809; x_wconf 87' lang='lat' dir='ltr'>permutandi</span> <span class='ocrx_word' id='word_1_343' title='bbox 1306 771 1336 797; x_wconf 89' lang='lat' dir='ltr'>et</span> <span class='ocrx_word' id='word_1_344' title='bbox 1352 765 1562 798; x_wconf 88' lang='lat' dir='ltr'>commendae</span> <span class='ocrx_word' id='word_1_345' title='bbox 1583 764 1731 804; x_wconf 86' lang='lat' dir='ltr'>cedendi,</span> <span class='ocrx_word' id='word_1_346' title='bbox 1748 764 1843 797; x_wconf 88' lang='lat' dir='ltr'>toties</span> 
     </span>
     <span class='ocr_line' id='line_1_71' title="bbox 1084 818 1844 861; baseline 0 -11"><span class='ocrx_word' id='word_1_347' title='bbox 1084 818 1211 861; x_wconf 91' lang='lat' dir='ltr'>quoties</span> <span class='ocrx_word' id='word_1_348' title='bbox 1231 818 1263 850; x_wconf 90' lang='lat' dir='ltr'>in</span> <span class='ocrx_word' id='word_1_349' title='bbox 1284 818 1414 850; x_wconf 89' lang='lat' dir='ltr'>titulum</span> <span class='ocrx_word' id='word_1_350' title='bbox 1436 823 1465 849; x_wconf 90' lang='lat' dir='ltr'>et</span> <span class='ocrx_word' id='word_1_351' title='bbox 1486 818 1710 850; x_wconf 86' lang='lat' dir='ltr'>commendam</span> <span class='ocrx_word' id='word_1_352' title='bbox 1737 828 1844 861; x_wconf 85' lang='lat' dir='ltr'>respe-</span> 
     </span>
     <span class='ocr_line' id='line_1_72' title="bbox 1086 870 1842 914; baseline -0.003 -10"><span class='ocrx_word' id='word_1_353' title='bbox 1086 871 1164 905; x_wconf 84' lang='lat' dir='ltr'>ctive</span> <span class='ocrx_word' id='word_1_354' title='bbox 1189 871 1375 903; x_wconf 88' lang='lat' dir='ltr'>obtinenda.</span> <span class='ocrx_word' id='word_1_355' title='bbox 1403 870 1536 903; x_wconf 73' lang='lat' dir='ltr'>Necnon</span> <span class='ocrx_word' id='word_1_356' title='bbox 1570 881 1668 914; x_wconf 89' lang='lat' dir='ltr'>super</span> <span class='ocrx_word' id='word_1_357' title='bbox 1687 875 1788 903; x_wconf 89' lang='lat' dir='ltr'>aetate</span> <span class='ocrx_word' id='word_1_358' title='bbox 1809 870 1842 902; x_wconf 90' lang='lat' dir='ltr'>in</span> 
     </span>
     <span class='ocr_line' id='line_1_73' title="bbox 1086 923 1844 968; baseline -0.004 -11"><span class='ocrx_word' id='word_1_359' title='bbox 1086 924 1353 968; x_wconf 84' lang='lat' dir='ltr'>decimoseptimo</span> <span class='ocrx_word' id='word_1_360' title='bbox 1374 923 1594 967; x_wconf 74' lang='lat' dir='ltr'>dispensandi,</span> <span class='ocrx_word' id='word_1_361' title='bbox 1616 935 1714 967; x_wconf 89' lang='lat' dir='ltr'>super</span> <span class='ocrx_word' id='word_1_362' title='bbox 1733 924 1844 957; x_wconf 83' lang='lat' dir='ltr'>aetatis</span> 
     </span>
     <span class='ocr_line' id='line_1_74' title="bbox 1086 977 1844 1017; baseline -0.001 -7"><span class='ocrx_word' id='word_1_363' title='bbox 1086 983 1117 1011; x_wconf 89' lang='lat' dir='ltr'>et</span> <span class='ocrx_word' id='word_1_364' title='bbox 1149 978 1306 1010; x_wconf 87' lang='lat' dir='ltr'>natalium</span> <span class='ocrx_word' id='word_1_365' title='bbox 1339 978 1529 1017; x_wconf 83' lang='lat' dir='ltr'>defectibus,</span> <span class='ocrx_word' id='word_1_366' title='bbox 1556 977 1595 1010; x_wconf 89' lang='lat' dir='ltr'>ad</span> <span class='ocrx_word' id='word_1_367' title='bbox 1616 988 1738 1016; x_wconf 81' lang='lat' dir='ltr'>unum,</span> <span class='ocrx_word' id='word_1_368' title='bbox 1761 977 1844 1010; x_wconf 90' lang='lat' dir='ltr'>etin</span> 
     </span>
     <span class='ocr_line' id='line_1_75' title="bbox 1087 1030 1844 1074; baseline 0 -12"><span class='ocrx_word' id='word_1_369' title='bbox 1087 1030 1240 1073; x_wconf 80' lang='lat' dir='ltr'>vigesimo</span> <span class='ocrx_word' id='word_1_370' title='bbox 1261 1031 1299 1063; x_wconf 86' lang='lat' dir='ltr'>ad</span> <span class='ocrx_word' id='word_1_371' title='bbox 1319 1031 1397 1070; x_wconf 89' lang='lat' dir='ltr'>duo;</span> <span class='ocrx_word' id='word_1_372' title='bbox 1420 1041 1546 1063; x_wconf 84' lang='lat' dir='ltr'>necnon</span> <span class='ocrx_word' id='word_1_373' title='bbox 1570 1041 1668 1074; x_wconf 87' lang='lat' dir='ltr'>super</span> <span class='ocrx_word' id='word_1_374' title='bbox 1683 1030 1844 1063; x_wconf 88' lang='lat' dir='ltr'>defectum</span> 
     </span>
     <span class='ocr_line' id='line_1_76' title="bbox 1088 1084 1845 1127; baseline 0 -11"><span class='ocrx_word' id='word_1_375' title='bbox 1088 1084 1282 1127; x_wconf 87' lang='lat' dir='ltr'>patientibus</span> <span class='ocrx_word' id='word_1_376' title='bbox 1302 1084 1341 1116; x_wconf 91' lang='lat' dir='ltr'>ad</span> <span class='ocrx_word' id='word_1_377' title='bbox 1362 1094 1600 1127; x_wconf 72' lang='lat' dir='ltr'>quaecumque,</span> <span class='ocrx_word' id='word_1_378' title='bbox 1624 1089 1845 1127; x_wconf 86' lang='lat' dir='ltr'>quotcumque</span> 
     </span>
     <span class='ocr_line' id='line_1_77' title="bbox 1088 1136 1844 1180; baseline -0.001 -10"><span class='ocrx_word' id='word_1_379' title='bbox 1088 1142 1117 1170; x_wconf 86' lang='lat' dir='ltr'>et</span> <span class='ocrx_word' id='word_1_380' title='bbox 1142 1137 1395 1180; x_wconf 83' lang='lat' dir='ltr'>qualiacumque</span> <span class='ocrx_word' id='word_1_381' title='bbox 1421 1137 1579 1170; x_wconf 81' lang='lat' dir='ltr'>beneficia</span> <span class='ocrx_word' id='word_1_382' title='bbox 1608 1136 1844 1176; x_wconf 84' lang='lat' dir='ltr'>ecelesiastica,</span> 
     </span>
     <span class='ocr_line' id='line_1_78' title="bbox 1087 1190 1846 1233; baseline 0 -10"><span class='ocrx_word' id='word_1_383' title='bbox 1087 1191 1183 1223; x_wconf 88' lang='lat' dir='ltr'>etiam</span> <span class='ocrx_word' id='word_1_384' title='bbox 1205 1191 1229 1222; x_wconf 91' lang='lat' dir='ltr'>si</span> <span class='ocrx_word' id='word_1_385' title='bbox 1250 1190 1459 1224; x_wconf 83' lang='lat' dir='ltr'>canonicatus</span> <span class='ocrx_word' id='word_1_386' title='bbox 1477 1195 1507 1223; x_wconf 92' lang='lat' dir='ltr'>et</span> <span class='ocrx_word' id='word_1_387' title='bbox 1525 1190 1727 1233; x_wconf 87' lang='lat' dir='ltr'>praebendae</span> <span class='ocrx_word' id='word_1_388' title='bbox 1743 1190 1776 1223; x_wconf 92' lang='lat' dir='ltr'>in</span> <span class='ocrx_word' id='word_1_389' title='bbox 1793 1201 1846 1223; x_wconf 88' lang='lat' dir='ltr'>ca-</span> 
     </span>
     <span class='ocr_line' id='line_1_79' title="bbox 1087 1243 1848 1287; baseline 0 -11"><span class='ocrx_word' id='word_1_390' title='bbox 1087 1244 1300 1284; x_wconf 88' lang='lat' dir='ltr'>thedralibus,</span> <span class='ocrx_word' id='word_1_391' title='bbox 1324 1244 1421 1276; x_wconf 87' lang='lat' dir='ltr'>etiam</span> <span class='ocrx_word' id='word_1_392' title='bbox 1441 1243 1711 1287; x_wconf 88' lang='lat' dir='ltr'>metropolitanis,</span> <span class='ocrx_word' id='word_1_393' title='bbox 1724 1244 1772 1276; x_wconf 83' lang='lat' dir='ltr'>vel</span> <span class='ocrx_word' id='word_1_394' title='bbox 1783 1244 1848 1276; x_wconf 93' lang='lat' dir='ltr'>col-</span> 
     </span>
     <span class='ocr_line' id='line_1_80' title="bbox 1088 1296 1845 1339; baseline 0 -10"><span class='ocrx_word' id='word_1_395' title='bbox 1088 1297 1211 1339; x_wconf 86' lang='lat' dir='ltr'>legiatis</span> <span class='ocrx_word' id='word_1_396' title='bbox 1241 1296 1398 1337; x_wconf 89' lang='lat' dir='ltr'>ecclesiis,</span> <span class='ocrx_word' id='word_1_397' title='bbox 1421 1302 1449 1330; x_wconf 92' lang='lat' dir='ltr'>et</span> <span class='ocrx_word' id='word_1_398' title='bbox 1471 1296 1567 1336; x_wconf 87' lang='lat' dir='ltr'>alias,</span> <span class='ocrx_word' id='word_1_399' title='bbox 1591 1303 1625 1329; x_wconf 92' lang='lat' dir='ltr'>ut</span> <span class='ocrx_word' id='word_1_400' title='bbox 1650 1297 1845 1339; x_wconf 88' lang='lat' dir='ltr'>praefertur,</span> 
     </span>
     <span class='ocr_line' id='line_1_81' title="bbox 1088 1350 1847 1394; baseline -0.001 -11"><span class='ocrx_word' id='word_1_401' title='bbox 1088 1351 1273 1394; x_wconf 70' lang='lat' dir='ltr'>qualismata</span> <span class='ocrx_word' id='word_1_402' title='bbox 1301 1350 1442 1390; x_wconf 57' lang='lat' dir='ltr'>suerint,</span> <span class='ocrx_word' id='word_1_403' title='bbox 1464 1356 1493 1383; x_wconf 91' lang='lat' dir='ltr'>et</span> <span class='ocrx_word' id='word_1_404' title='bbox 1521 1350 1561 1383; x_wconf 91' lang='lat' dir='ltr'>ad</span> <span class='ocrx_word' id='word_1_405' title='bbox 1586 1350 1797 1383; x_wconf 89' lang='lat' dir='ltr'>canonicatus</span> <span class='ocrx_word' id='word_1_406' title='bbox 1817 1355 1847 1382; x_wconf 89' lang='lat' dir='ltr'>et</span> 
     </span>
     <span class='ocr_line' id='line_1_82' title="bbox 1088 1403 1845 1448; baseline -0.001 -12"><span class='ocrx_word' id='word_1_407' title='bbox 1088 1404 1290 1448; x_wconf 85' lang='lat' dir='ltr'>praebendas</span> <span class='ocrx_word' id='word_1_408' title='bbox 1310 1404 1546 1437; x_wconf 88' lang='lat' dir='ltr'>cathedralium</span> <span class='ocrx_word' id='word_1_409' title='bbox 1568 1403 1599 1436; x_wconf 90' lang='lat' dir='ltr'>in</span> <span class='ocrx_word' id='word_1_410' title='bbox 1612 1403 1798 1443; x_wconf 89' lang='lat' dir='ltr'>undecimo,</span> <span class='ocrx_word' id='word_1_411' title='bbox 1817 1409 1845 1436; x_wconf 89' lang='lat' dir='ltr'>et</span> 
     </span>
     <span class='ocr_line' id='line_1_83' title="bbox 1089 1457 1847 1499; baseline -0.001 -9"><span class='ocrx_word' id='word_1_412' title='bbox 1089 1458 1226 1490; x_wconf 87' lang='lat' dir='ltr'>aliarum</span> <span class='ocrx_word' id='word_1_413' title='bbox 1248 1458 1494 1499; x_wconf 79' lang='lat' dir='ltr'>collegiatarum</span> <span class='ocrx_word' id='word_1_414' title='bbox 1524 1457 1557 1489; x_wconf 88' lang='lat' dir='ltr'>in</span> <span class='ocrx_word' id='word_1_415' title='bbox 1583 1462 1693 1489; x_wconf 88' lang='lat' dir='ltr'>octavo</span> <span class='ocrx_word' id='word_1_416' title='bbox 1714 1467 1847 1489; x_wconf 88' lang='lat' dir='ltr'>suarum</span> 
     </span>
     <span class='ocr_line' id='line_1_84' title="bbox 1089 1510 1847 1553; baseline -0.001 -10"><span class='ocrx_word' id='word_1_417' title='bbox 1089 1516 1229 1543; x_wconf 87' lang='lat' dir='ltr'>aetatum</span> <span class='ocrx_word' id='word_1_418' title='bbox 1257 1511 1369 1550; x_wconf 57' lang='lat' dir='ltr'>annis,</span> <span class='ocrx_word' id='word_1_419' title='bbox 1392 1515 1422 1543; x_wconf 89' lang='lat' dir='ltr'>et</span> <span class='ocrx_word' id='word_1_420' title='bbox 1456 1511 1494 1543; x_wconf 91' lang='lat' dir='ltr'>de</span> <span class='ocrx_word' id='word_1_421' title='bbox 1527 1521 1593 1543; x_wconf 89' lang='lat' dir='ltr'>non</span> <span class='ocrx_word' id='word_1_422' title='bbox 1626 1510 1847 1553; x_wconf 87' lang='lat' dir='ltr'>promovendo</span> 
     </span>
     <span class='ocr_line' id='line_1_85' title="bbox 1088 1563 1846 1607; baseline -0.001 -11"><span class='ocrx_word' id='word_1_423' title='bbox 1088 1564 1128 1596; x_wconf 89' lang='lat' dir='ltr'>ad</span> <span class='ocrx_word' id='word_1_424' title='bbox 1149 1564 1371 1607; x_wconf 85' lang='lat' dir='ltr'>septennium,</span> <span class='ocrx_word' id='word_1_425' title='bbox 1396 1563 1574 1596; x_wconf 86' lang='lat' dir='ltr'>dummodo</span> <span class='ocrx_word' id='word_1_426' title='bbox 1596 1563 1680 1595; x_wconf 86' lang='lat' dir='ltr'>infra</span> <span class='ocrx_word' id='word_1_427' title='bbox 1703 1563 1846 1606; x_wconf 87' lang='lat' dir='ltr'>primum</span> 
     </span>
     <span class='ocr_line' id='line_1_86' title="bbox 1089 1616 1848 1660; baseline -0.003 -10"><span class='ocrx_word' id='word_1_428' title='bbox 1089 1618 1265 1650; x_wconf 85' lang='lat' dir='ltr'>triennium</span> <span class='ocrx_word' id='word_1_429' title='bbox 1293 1617 1369 1650; x_wconf 86' lang='lat' dir='ltr'>dicti</span> <span class='ocrx_word' id='word_1_430' title='bbox 1399 1616 1556 1660; x_wconf 88' lang='lat' dir='ltr'>septennii</span> <span class='ocrx_word' id='word_1_431' title='bbox 1577 1617 1616 1649; x_wconf 90' lang='lat' dir='ltr'>ad</span> <span class='ocrx_word' id='word_1_432' title='bbox 1636 1616 1848 1649; x_wconf 82' lang='lat' dir='ltr'>subdiacona—</span> 
     </span>
     <span class='ocr_line' id='line_1_87' title="bbox 1090 1670 1847 1715; baseline -0.003 -11"><span class='ocrx_word' id='word_1_433' title='bbox 1090 1677 1140 1704; x_wconf 90' lang='lat' dir='ltr'>tus</span> <span class='ocrx_word' id='word_1_434' title='bbox 1161 1672 1307 1704; x_wconf 84' lang='lat' dir='ltr'>ordinem</span> <span class='ocrx_word' id='word_1_435' title='bbox 1325 1682 1357 1704; x_wconf 89' lang='lat' dir='ltr'>se</span> <span class='ocrx_word' id='word_1_436' title='bbox 1373 1671 1466 1704; x_wconf 86' lang='lat' dir='ltr'>faciat</span> <span class='ocrx_word' id='word_1_437' title='bbox 1482 1670 1678 1715; x_wconf 90' lang='lat' dir='ltr'>promoveri,</span> <span class='ocrx_word' id='word_1_438' title='bbox 1695 1671 1743 1703; x_wconf 87' lang='lat' dir='ltr'>vel</span> <span class='ocrx_word' id='word_1_439' title='bbox 1759 1670 1847 1702; x_wconf 91' lang='lat' dir='ltr'>aliud</span> 
     </span>
     <span class='ocr_line' id='line_1_88' title="bbox 1090 1723 1846 1769; baseline -0.003 -12"><span class='ocrx_word' id='word_1_440' title='bbox 1090 1725 1183 1759; x_wconf 84' lang='lat' dir='ltr'>breve</span> <span class='ocrx_word' id='word_1_441' title='bbox 1205 1730 1345 1769; x_wconf 82' lang='lat' dir='ltr'>tempus,</span> <span class='ocrx_word' id='word_1_442' title='bbox 1382 1730 1479 1768; x_wconf 88' lang='lat' dir='ltr'>prout</span> <span class='ocrx_word' id='word_1_443' title='bbox 1512 1724 1568 1756; x_wconf 88' lang='lat' dir='ltr'>tibi</span> <span class='ocrx_word' id='word_1_444' title='bbox 1602 1723 1779 1763; x_wconf 71' lang='lat' dir='ltr'>videbitur,</span> <span class='ocrx_word' id='word_1_445' title='bbox 1810 1734 1846 1756; x_wconf 79' lang='lat' dir='ltr'>ac</span> 
     </span>
     <span class='ocr_line' id='line_1_89' title="bbox 1090 1777 1846 1822; baseline -0.003 -12"><span class='ocrx_word' id='word_1_446' title='bbox 1090 1778 1185 1811; x_wconf 81' lang='lat' dir='ltr'>etiam</span> <span class='ocrx_word' id='word_1_447' title='bbox 1206 1779 1244 1812; x_wconf 91' lang='lat' dir='ltr'>de</span> <span class='ocrx_word' id='word_1_448' title='bbox 1265 1778 1486 1822; x_wconf 82' lang='lat' dir='ltr'>promovendo</span> <span class='ocrx_word' id='word_1_449' title='bbox 1506 1778 1546 1810; x_wconf 88' lang='lat' dir='ltr'>ad</span> <span class='ocrx_word' id='word_1_450' title='bbox 1566 1777 1782 1810; x_wconf 89' lang='lat' dir='ltr'>sacerdotium</span> <span class='ocrx_word' id='word_1_451' title='bbox 1814 1777 1846 1809; x_wconf 89' lang='lat' dir='ltr'>in</span> 
     </span>
     <span class='ocr_line' id='line_1_90' title="bbox 1090 1830 1844 1875; baseline -0.001 -11"><span class='ocrx_word' id='word_1_452' title='bbox 1090 1831 1337 1875; x_wconf 73' lang='lat' dir='ltr'>vigesimotertio</span> <span class='ocrx_word' id='word_1_453' title='bbox 1363 1842 1438 1865; x_wconf 89' lang='lat' dir='ltr'>cum</span> <span class='ocrx_word' id='word_1_454' title='bbox 1459 1831 1678 1864; x_wconf 84' lang='lat' dir='ltr'>saecularibus</span> <span class='ocrx_word' id='word_1_455' title='bbox 1699 1830 1844 1866; x_wconf 71' lang='lat' dir='ltr'>clericis:</span> 
     </span>
     <span class='ocr_line' id='line_1_91' title="bbox 1090 1884 1846 1928; baseline -0.003 -10"><span class='ocrx_word' id='word_1_456' title='bbox 1090 1896 1164 1919; x_wconf 89' lang='lat' dir='ltr'>cum</span> <span class='ocrx_word' id='word_1_457' title='bbox 1178 1885 1383 1928; x_wconf 87' lang='lat' dir='ltr'>regularibus</span> <span class='ocrx_word' id='word_1_458' title='bbox 1399 1896 1486 1921; x_wconf 79' lang='lat' dir='ltr'>vero,</span> <span class='ocrx_word' id='word_1_459' title='bbox 1504 1885 1535 1917; x_wconf 91' lang='lat' dir='ltr'>in</span> <span class='ocrx_word' id='word_1_460' title='bbox 1547 1884 1846 1927; x_wconf 84' lang='lat' dir='ltr'>vigesimosecundo</span> 
     </span>
     <span class='ocr_line' id='line_1_92' title="bbox 1089 1936 1848 1983; baseline -0.001 -12"><span class='ocrx_word' id='word_1_461' title='bbox 1089 1949 1193 1979; x_wconf 71' lang='lat' dir='ltr'>anno,</span> <span class='ocrx_word' id='word_1_462' title='bbox 1216 1944 1246 1972; x_wconf 88' lang='lat' dir='ltr'>et</span> <span class='ocrx_word' id='word_1_463' title='bbox 1266 1939 1304 1972; x_wconf 90' lang='lat' dir='ltr'>de</span> <span class='ocrx_word' id='word_1_464' title='bbox 1326 1938 1533 1983; x_wconf 88' lang='lat' dir='ltr'>suscipiendo</span> <span class='ocrx_word' id='word_1_465' title='bbox 1558 1938 1766 1977; x_wconf 87' lang='lat' dir='ltr'>clericatum,</span> <span class='ocrx_word' id='word_1_466' title='bbox 1789 1936 1848 1970; x_wconf 87' lang='lat' dir='ltr'>mi·</span> 
     </span>
     <span class='ocr_line' id='line_1_93' title="bbox 1089 1990 1846 2035; baseline -0.003 -10"><span class='ocrx_word' id='word_1_467' title='bbox 1089 2003 1185 2025; x_wconf 87' lang='lat' dir='ltr'>nores</span> <span class='ocrx_word' id='word_1_468' title='bbox 1205 1998 1233 2026; x_wconf 93' lang='lat' dir='ltr'>et</span> <span class='ocrx_word' id='word_1_469' title='bbox 1250 2003 1367 2030; x_wconf 75' lang='lat' dir='ltr'>sacros,</span> <span class='ocrx_word' id='word_1_470' title='bbox 1380 1992 1475 2025; x_wconf 89' lang='lat' dir='ltr'>etiam</span> <span class='ocrx_word' id='word_1_471' title='bbox 1488 1991 1736 2035; x_wconf 65' lang='lat' dir='ltr'>presbyteratus,</span> <span class='ocrx_word' id='word_1_472' title='bbox 1758 1990 1846 2023; x_wconf 89' lang='lat' dir='ltr'>ordi-</span> 
     </span>
     <span class='ocr_line' id='line_1_94' title="bbox 1090 2043 1848 2088; baseline -0.004 -9"><span class='ocrx_word' id='word_1_473' title='bbox 1090 2057 1146 2079; x_wconf 87' lang='lat' dir='ltr'>nes</span> <span class='ocrx_word' id='word_1_474' title='bbox 1166 2047 1198 2079; x_wconf 91' lang='lat' dir='ltr'>in</span> <span class='ocrx_word' id='word_1_475' title='bbox 1218 2047 1363 2080; x_wconf 81' lang='lat' dir='ltr'>Romana</span> <span class='ocrx_word' id='word_1_476' title='bbox 1383 2046 1478 2079; x_wconf 87' lang='lat' dir='ltr'>Curia</span> <span class='ocrx_word' id='word_1_477' title='bbox 1499 2057 1515 2078; x_wconf 91' lang='lat' dir='ltr'>a</span> <span class='ocrx_word' id='word_1_478' title='bbox 1533 2055 1743 2088; x_wconf 87' lang='lat' dir='ltr'>quocumque</span> <span class='ocrx_word' id='word_1_479' title='bbox 1767 2043 1848 2077; x_wconf 89' lang='lat' dir='ltr'>anti-</span> 
     </span>
     <span class='ocr_line' id='line_1_95' title="bbox 1089 2098 1847 2141; baseline -0.004 -8"><span class='ocrx_word' id='word_1_480' title='bbox 1089 2101 1179 2141; x_wconf 89' lang='lat' dir='ltr'>stite,</span> <span class='ocrx_word' id='word_1_481' title='bbox 1208 2106 1237 2133; x_wconf 87' lang='lat' dir='ltr'>et</span> <span class='ocrx_word' id='word_1_482' title='bbox 1271 2100 1367 2133; x_wconf 87' lang='lat' dir='ltr'>etiam</span> <span class='ocrx_word' id='word_1_483' title='bbox 1401 2104 1487 2132; x_wconf 82' lang='lat' dir='ltr'>extra</span> <span class='ocrx_word' id='word_1_484' title='bbox 1521 2109 1611 2139; x_wconf 89' lang='lat' dir='ltr'>eam,</span> <span class='ocrx_word' id='word_1_485' title='bbox 1639 2098 1735 2131; x_wconf 87' lang='lat' dir='ltr'>etiam</span> <span class='ocrx_word' id='word_1_486' title='bbox 1760 2103 1847 2131; x_wconf 80' lang='lat' dir='ltr'>extra</span> 
     </span>
     <span class='ocr_line' id='line_1_96' title="bbox 1089 2151 1848 2197; baseline -0.001 -12"><span class='ocrx_word' id='word_1_487' title='bbox 1089 2158 1236 2197; x_wconf 88' lang='lat' dir='ltr'>tempora</span> <span class='ocrx_word' id='word_1_488' title='bbox 1263 2164 1281 2185; x_wconf 93' lang='lat' dir='ltr'>a</span> <span class='ocrx_word' id='word_1_489' title='bbox 1306 2153 1377 2186; x_wconf 90' lang='lat' dir='ltr'>iure</span> <span class='ocrx_word' id='word_1_490' title='bbox 1402 2157 1536 2193; x_wconf 85' lang='lat' dir='ltr'>statuta,</span> <span class='ocrx_word' id='word_1_491' title='bbox 1560 2151 1593 2185; x_wconf 88' lang='lat' dir='ltr'>in</span> <span class='ocrx_word' id='word_1_492' title='bbox 1616 2151 1720 2185; x_wconf 89' lang='lat' dir='ltr'>tribus</span> <span class='ocrx_word' id='word_1_493' title='bbox 1739 2157 1848 2185; x_wconf 88' lang='lat' dir='ltr'>tamen</span> 
     </span>
     <span class='ocr_line' id='line_1_97' title="bbox 1090 2205 1593 2250; baseline -0.004 -11"><span class='ocrx_word' id='word_1_494' title='bbox 1090 2205 1207 2239; x_wconf 84' lang='lat' dir='ltr'>festivis</span> <span class='ocrx_word' id='word_1_495' title='bbox 1227 2206 1352 2247; x_wconf 89' lang='lat' dir='ltr'>diebus,</span> <span class='ocrx_word' id='word_1_496' title='bbox 1376 2205 1593 2250; x_wconf 90' lang='lat' dir='ltr'>dispensandi.</span> 
     </span>
    </p>

    <p class='ocr_par' dir='ltr' id='par_1_10' title="bbox 1091 2258 1849 2663">
     <span class='ocr_line' id='line_1_98' title="bbox 1134 2258 1849 2304; baseline -0.001 -11"><span class='ocrx_word' id='word_1_497' title='bbox 1134 2260 1200 2303; x_wconf 61' lang='lat' dir='ltr'>gt).</span> <span class='ocrx_word' id='word_1_498' title='bbox 1236 2261 1367 2293; x_wconf 83' lang='lat' dir='ltr'>Necnon</span> <span class='ocrx_word' id='word_1_499' title='bbox 1391 2259 1653 2304; x_wconf 88' lang='lat' dir='ltr'>quibuscumque</span> <span class='ocrx_word' id='word_1_500' title='bbox 1687 2258 1849 2293; x_wconf 89' lang='lat' dir='ltr'>Cancella-</span> 
     </span>
     <span class='ocr_line' id='line_1_99' title="bbox 1091 2313 1848 2358; baseline -0.001 -11"><span class='ocrx_word' id='word_1_501' title='bbox 1091 2315 1156 2347; x_wconf 84' lang='lat' dir='ltr'>riae</span> <span class='ocrx_word' id='word_1_502' title='bbox 1187 2314 1327 2357; x_wconf 81' lang='lat' dir='ltr'>regulis,</span> <span class='ocrx_word' id='word_1_503' title='bbox 1350 2325 1546 2358; x_wconf 84' lang='lat' dir='ltr'>processus,</span> <span class='ocrx_word' id='word_1_504' title='bbox 1582 2319 1652 2347; x_wconf 89' lang='lat' dir='ltr'>acta</span> <span class='ocrx_word' id='word_1_505' title='bbox 1677 2319 1707 2347; x_wconf 91' lang='lat' dir='ltr'>et</span> <span class='ocrx_word' id='word_1_506' title='bbox 1734 2313 1848 2346; x_wconf 88' lang='lat' dir='ltr'>merita</span> 
     </span>
     <span class='ocr_line' id='line_1_100' title="bbox 1091 2367 1848 2413; baseline -0.001 -12"><span class='ocrx_word' id='word_1_507' title='bbox 1091 2380 1264 2402; x_wconf 78' lang='lat' dir='ltr'>causarum</span> <span class='ocrx_word' id='word_1_508' title='bbox 1278 2396 1285 2409; x_wconf 87' lang='lat'>,</span> <span class='ocrx_word' id='word_1_509' title='bbox 1307 2380 1344 2402; x_wconf 83' lang='lat' dir='ltr'>ac</span> <span class='ocrx_word' id='word_1_510' title='bbox 1369 2369 1464 2402; x_wconf 85' lang='lat' dir='ltr'>etiam</span> <span class='ocrx_word' id='word_1_511' title='bbox 1491 2369 1668 2413; x_wconf 86' lang='lat' dir='ltr'>praemissa</span> <span class='ocrx_word' id='word_1_512' title='bbox 1690 2367 1798 2401; x_wconf 82' lang='lat' dir='ltr'>onmia</span> <span class='ocrx_word' id='word_1_513' title='bbox 1818 2374 1848 2400; x_wconf 89' lang='lat' dir='ltr'>et</span> 
     </span>
     <span class='ocr_line' id='line_1_101' title="bbox 1092 2421 1847 2466; baseline -0.001 -11"><span class='ocrx_word' id='word_1_514' title='bbox 1092 2423 1218 2466; x_wconf 83' lang='lat' dir='ltr'>singula</span> <span class='ocrx_word' id='word_1_515' title='bbox 1240 2424 1527 2463; x_wconf 85' lang='lat' dir='ltr'>concernentibus,</span> <span class='ocrx_word' id='word_1_516' title='bbox 1550 2423 1728 2455; x_wconf 87' lang='lat' dir='ltr'>dummodo</span> <span class='ocrx_word' id='word_1_517' title='bbox 1755 2421 1847 2454; x_wconf 87' lang='lat' dir='ltr'>alteri</span> 
     </span>
     <span class='ocr_line' id='line_1_102' title="bbox 1092 2471 1849 2515; baseline -0.001 -11"><span class='ocrx_word' id='word_1_518' title='bbox 1092 2483 1156 2505; x_wconf 87' lang='lat' dir='ltr'>uon</span> <span class='ocrx_word' id='word_1_519' title='bbox 1175 2473 1309 2505; x_wconf 87' lang='lat' dir='ltr'>tollatur</span> <span class='ocrx_word' id='word_1_520' title='bbox 1329 2472 1378 2505; x_wconf 88' lang='lat' dir='ltr'>ius</span> <span class='ocrx_word' id='word_1_521' title='bbox 1398 2471 1598 2515; x_wconf 87' lang='lat' dir='ltr'>quaesitum;</span> <span class='ocrx_word' id='word_1_522' title='bbox 1621 2482 1657 2504; x_wconf 88' lang='lat' dir='ltr'>ac</span> <span class='ocrx_word' id='word_1_523' title='bbox 1682 2471 1778 2503; x_wconf 84' lang='lat' dir='ltr'>etiam</span> <span class='ocrx_word' id='word_1_524' title='bbox 1801 2471 1849 2503; x_wconf 91' lang='lat' dir='ltr'>iu-</span> 
     </span>
     <span class='ocr_line' id='line_1_103' title="bbox 1092 2519 1848 2565; baseline -0.004 -11"><span class='ocrx_word' id='word_1_525' title='bbox 1092 2521 1325 2565; x_wconf 89' lang='lat' dir='ltr'>rispatronatus</span> <span class='ocrx_word' id='word_1_526' title='bbox 1353 2521 1529 2561; x_wconf 87' lang='lat' dir='ltr'>laicorum,</span> <span class='ocrx_word' id='word_1_527' title='bbox 1557 2521 1663 2563; x_wconf 85' lang='lat' dir='ltr'>quoad</span> <span class='ocrx_word' id='word_1_528' title='bbox 1690 2519 1848 2552; x_wconf 87' lang='lat' dir='ltr'>beneficia</span> 
     </span>
     <span class='ocr_line' id='line_1_104' title="bbox 1093 2568 1848 2603; baseline -0.003 -1"><span class='ocrx_word' id='word_1_529' title='bbox 1093 2570 1299 2603; x_wconf 84' lang='lat' dir='ltr'>familiarium</span> <span class='ocrx_word' id='word_1_530' title='bbox 1329 2575 1459 2603; x_wconf 87' lang='lat' dir='ltr'>tuorum</span> <span class='ocrx_word' id='word_1_531' title='bbox 1488 2574 1517 2603; x_wconf 86' lang='lat' dir='ltr'>et</span> <span class='ocrx_word' id='word_1_532' title='bbox 1545 2570 1607 2602; x_wconf 90' lang='lat' dir='ltr'>alia</span> <span class='ocrx_word' id='word_1_533' title='bbox 1635 2569 1667 2601; x_wconf 87' lang='lat' dir='ltr'>in</span> <span class='ocrx_word' id='word_1_534' title='bbox 1692 2568 1848 2601; x_wconf 87' lang='lat' dir='ltr'>limitibus</span> 
     </span>
     <span class='ocr_line' id='line_1_105' title="bbox 1093 2618 1847 2663; baseline 0.001 -11"><span class='ocrx_word' id='word_1_535' title='bbox 1093 2624 1165 2654; x_wconf 89' lang='lat' dir='ltr'>tuae</span> <span class='ocrx_word' id='word_1_536' title='bbox 1185 2618 1352 2663; x_wconf 83' lang='lat' dir='ltr'>legationis</span> <span class='ocrx_word' id='word_1_537' title='bbox 1371 2619 1516 2653; x_wconf 84' lang='lat' dir='ltr'>vacantia</span> <span class='ocrx_word' id='word_1_538' title='bbox 1534 2619 1582 2653; x_wconf 83' lang='lat' dir='ltr'>vel</span> <span class='ocrx_word' id='word_1_539' title='bbox 1603 2629 1638 2651; x_wconf 81' lang='lat' dir='ltr'>ex</span> <span class='ocrx_word' id='word_1_540' title='bbox 1659 2623 1734 2651; x_wconf 89' lang='lat' dir='ltr'>tunc</span> <span class='ocrx_word' id='word_1_541' title='bbox 1754 2628 1847 2653; x_wconf 79' lang='lat' dir='ltr'>vaca-</span> 
     </span>
    </p>
   </div>
   <div class='ocr_carea' id='block_1_8' title="bbox 1850 223 2034 258">
    <p class='ocr_par' dir='ltr' id='par_1_11' title="bbox 1850 223 2034 258">
     <span class='ocr_line' id='line_1_106' title="bbox 1850 223 2034 258; baseline 0 -1"><span class='ocrx_word' id='word_1_542' title='bbox 1850 230 1900 257; x_wconf 68' lang='lat' dir='ltr'>An.</span> <span class='ocrx_word' id='word_1_543' title='bbox 1918 230 1947 258; x_wconf 90' lang='lat' dir='ltr'>c.</span> <span class='ocrx_word' id='word_1_544' title='bbox 1969 223 2034 257; x_wconf 72' lang='lat'>155‘7</span> 
     </span>
    </p>
   </div>
   <div class='ocr_carea' id='block_1_9' title="bbox 1861 2266 2047 2391">
    <p class='ocr_par' dir='ltr' id='par_1_12' title="bbox 1861 2266 2047 2391">
     <span class='ocr_line' id='line_1_107' title="bbox 1876 2266 2047 2291; baseline 0 -1"><span class='ocrx_word' id='word_1_545' title='bbox 1876 2266 1972 2291; x_wconf 66' lang='lat' dir='ltr'>facultas</span> <span class='ocrx_word' id='word_1_546' title='bbox 1988 2268 2047 2291; x_wconf 56' lang='lat' dir='ltr'>itom-</span> 
     </span>
     <span class='ocr_line' id='line_1_108' title="bbox 1863 2302 2047 2327; baseline 0.011 -7"><span class='ocrx_word' id='word_1_547' title='bbox 1863 2302 1923 2326; x_wconf 75' lang='lat' dir='ltr'>gandi</span> <span class='ocrx_word' id='word_1_548' title='bbox 1961 2303 2047 2327; x_wconf 65' lang='lat' dir='ltr'>rogatas</span> 
     </span>
     <span class='ocr_line' id='line_1_109' title="bbox 1862 2332 2047 2353; baseline 0.011 -2"><span class='ocrx_word' id='word_1_549' title='bbox 1862 2332 2006 2353; x_wconf 70' lang='lat' dir='ltr'>Cancellariae</span> <span class='ocrx_word' id='word_1_550' title='bbox 2026 2337 2047 2353; x_wconf 77' lang='lat' dir='ltr'>et</span> 
     </span>
     <span class='ocr_line' id='line_1_110' title="bbox 1861 2364 2047 2391; baseline 0 -7"><span class='ocrx_word' id='word_1_551' title='bbox 1861 2364 2047 2391; x_wconf 67' lang='lat' dir='ltr'>iurispatiouatut,</span> 
     </span>
    </p>
   </div>
  </div>
 </body>
</html>
