2227 3001
56 281 102 326 Art.
120 279 149 306 C.
169 278 234 306 {5218

66 496 103 517 nir
114 496 160 516 ideo
175 494 235 515 Pont,

54 527 154 548 indultum
197 526 237 545 hnc

54 559 129 580 validat
163 561 237 578 contra

56 594 204 618 quoscumque.

103 1618 242 1641 nefastorum

58 1650 155 1678 rip-tium
175 1650 242 1675 tibris.

59 1682 183 1703 innuuntur.
198 1688 243 1708 prri-

58 1715 188 1739 unciarum,
199 1718 245 1734 cre-

59 1744 78 1764 di
94 1744 158 1765 lubet.

72 2265 158 2294 Ipsique
175 2268 195 2286 in
208 2271 242 2286 re-

58 2298 97 2318 bus
119 2303 190 2318 eorum
207 2302 245 2318 ex-

59 2328 150 2350 uiribus
181 2333 244 2356 prae-

58 2359 153 2382 terantur
175 2361 245 2381 omni-

59 2391 105 2417 buc

892 274 1009 298 PAPrJJs
1033 275 1066 298 111
1091 275 1136 297 Pr.

251 329 425 363 maximum
454 328 721 367 incommodum,
750 328 842 361 cuius
871 328 999 360 ubertas

253 388 421 427 propterea
442 392 504 414 non
523 392 637 425 parum
654 381 820 414 minuitur.

295 436 310 479 ἓ
329 435 360 468 Q.
383 435 457 475 Nos,
488 435 605 477 quibus
627 435 815 467 indemnitas
841 434 999 467 dictorum
1020 435 1022 450 ³

252 495 482 529 mercatorum,
498 500 533 522 ac
548 490 650 521 almae
666 489 759 521 Ifrhis
773 494 898 521 nostrae
915 499 1002 521 eom-
1021 488 1022 501 ¹

252 543 383 576 modum
396 553 459 575 non
473 543 588 575 minori
606 554 702 575 curae
719 554 805 575 nunc
817 548 887 575 sunt
905 552 1000 585 quam

252 597 329 630 alias
348 596 479 635 suerint,
500 596 797 629 inconvenientibus
816 594 1002 628 huiusmodi

252 660 424 684 occurrere
445 649 602 690 volentes,
630 649 847 693 praesentium
868 649 975 691 vigore
994 674 1001 687 ,

251 714 331 747 quas
349 703 412 736 vim
433 708 607 747 perpetuae
629 702 865 735 constitutionis
886 702 1004 734 haberi·

251 757 468 795 decernimus,
491 762 580 789 motu
603 757 735 801 proprio
765 757 802 789 ad
825 756 1004 800 praedictos

250 810 409 844 beneficia
429 809 570 854 praefata
590 811 795 843 extendentes
813 836 820 850 ,
844 820 955 842 omnes
976 814 1002 841 et

251 863 392 907 singulas
412 863 656 896 commissiones
673 891 680 903 ‚
708 864 803 896 etiam
824 874 1004 907 expressam

251 917 448 950 mentionem
461 917 499 949 de
516 916 777 961 rebusripalibus
793 916 1003 955 continentes,

251 976 282 1004 et
301 981 319 1003 a
344 971 445 1010 nobiS,
467 970 595 1003 illarum
612 970 730 1013 vigore,
755 981 811 1002 seu
831 969 908 1002 alias
927 980 1007 1012 quo—

251 1023 438 1063 modolibet,
451 1023 668 1060 inhibitiones,
679 1022 939 1065 significationes,
949 1022 1005 1053 de-

253 1082 340 1110 creta
360 1082 391 1109 et
410 1076 620 1109 admissiones
636 1077 674 1109 ad
691 1075 847 1108 beneticia
864 1076 1005 1119 praefata

253 1130 417 1175 quibusvis
426 1130 584 1163 dictorum
598 1135 826 1169 mercatorum,
837 1129 1006 1162 occasione

252 1195 363 1218 rerum
384 1183 552 1228 ripalium,
570 1183 769 1216 debitoribus
785 1183 880 1215 etiam
896 1182 1004 1221 dictis,

253 1242 554 1282 quantumcumque
583 1236 801 1281 privilegiatis,
831 1247 889 1280 per
909 1247 1006 1279 quos-

255 1291 530 1334 cumqueiudices
550 1291 580 1323 in
603 1296 767 1334 posterum
802 1290 1008 1323 concedenda

254 1350 285 1378 et
304 1345 495 1384 emanantia,
518 1343 637 1377 eisdem
654 1344 854 1376 debitoribus
874 1343 1009 1376 nullate-

254 1409 327 1439 nuS‚
350 1399 388 1432 ad
404 1398 622 1442 effugiendum
634 1398 682 1430 vel
694 1397 908 1430 differendum
925 1398 1009 1430 solu-

254 1452 373 1485 tionem
391 1452 488 1485 debiti
518 1451 686 1485 occasione
708 1450 841 1495 praefati
861 1450 905 1483 sic
935 1461 1010 1482 con-

255 1506 349 1539 tracti
361 1505 529 1549 suffragari
553 1505 671 1538 debere
692 1504 912 1537 decernimus.

300 1559 315 1602 ἓ
335 1559 366 1593 3.
389 1559 426 1592 Et
451 1559 583 1603 insuper
603 1559 722 1592 eisdem
749 1558 983 1591 mercatoribus
1000 1584 1007 1597 ,

257 1617 294 1646 ut
312 1613 351 1646 ad
372 1613 575 1657 probandum
593 1613 698 1656 plene,
717 1611 749 1645 in
770 1611 889 1645 iudicio
910 1617 941 1644 et
956 1622 1008 1645 ex-

257 1672 306 1700 tra
324 1693 331 1706 ‚
362 1666 547 1709 qualitatem
573 1670 603 1699 et
622 1665 831 1708 quantitatem
853 1664 1008 1698 mercium

260 1719 495 1764 praedictarum
517 1719 556 1751 ab
577 1719 622 1752 eis
636 1718 836 1752 venditarum
859 1729 916 1762 pro
932 1723 1011 1751 tem-

259 1783 357 1818 pore,
379 1771 541 1805 adnotatio
566 1777 596 1805 et
624 1771 796 1815 descriptio
820 1772 859 1804 de
888 1771 950 1804 illis
978 1771 1009 1803 in

256 1827 400 1871 ipsorum
420 1837 458 1859 ac
484 1831 733 1870 proxenetarum
757 1825 1009 1870 praemissorum

256 1881 358 1921 libris,
381 1880 412 1913 in
433 1879 551 1912 iudicio
568 1885 598 1913 et
614 1884 712 1920 extra,
738 1880 833 1923 plene
853 1879 1008 1923 probent,

257 1946 293 1968 ac
313 1934 407 1968 fidem
429 1934 592 1967 indubiam
615 1934 747 1973 saciant,
770 1934 1009 1966 executionem-

256 1999 318 2033 que
337 1987 630 2031 habeant,eperinde
652 1999 688 2020 ac
710 1987 734 2020 si
756 1993 837 2020 esset.
859 1987 1010 2030 obligatio

256 2043 287 2075 in
308 2042 411 2075 forma
444 2041 595 2075 Gamerae
621 2042 822 2085 Apostolicae
841 2068 848 2081 ,
871 2046 901 2073 et
934 2041 1011 2073 alias

256 2102 432 2140 exequatur
450 2096 556 2135 iudex,
580 2102 673 2139 prout
695 2095 725 2127 in
752 2095 840 2127 curia
857 2095 955 2138 Ripae
981 2100 1011 2127 et

256 2150 400 2195 Ripettae
421 2150 599 2183 executioni
626 2150 830 2183 mandantur.

302 2205 316 2249 ς
335 2204 366 2237 4.
389 2205 603 2238 Decernentes
624 2204 757 2248 insuper
772 2204 856 2247 quod
879 2203 904 2236 si
925 2214 1009 2236 mer-

259 2263 359 2299 cator,
377 2263 413 2291 nt
427 2269 536 2302 supra,
554 2258 664 2302 ripalis
673 2258 812 2302 reperiat
836 2256 1010 2300 aliquando

257 2312 306 2346 vel
326 2311 357 2345 in
383 2312 492 2355 aliquo
517 2312 589 2344 loco
614 2312 697 2345 bona
739 2321 821 2354 quae
849 2321 906 2343 sua
943 2321 1009 2342 esse

259 2365 460 2410 praetendat,
479 2364 532 2397 illa
547 2365 585 2397 ad
599 2375 631 2397 se
647 2365 809 2409 pertinere
825 2369 855 2397 et
870 2374 926 2396 sua
944 2374 1011 2396 esse

259 2418 455 2462 intelligatur
506 2419 599 2461 plene
636 2423 666 2451 et
700 2418 898 2451 sufficienter
935 2428 1011 2461 pro-

258 2474 361 2513 basse,
385 2472 410 2506 si
426 2483 483 2516 per
505 2477 599 2505 testes
618 2472 764 2505 docuerit
783 2477 835 2504 aut
864 2482 920 2514 per
940 2481 1013 2514 pro-

258 2528 417 2561 xenetam,
442 2521 547 2554 medio
575 2521 755 2554 iuramento
779 2520 920 2554 eiusdem
943 2531 1013 2563 pro-

259 2577 402 2612 xenetae,
435 2578 462 2605 et
493 2571 591 2604 alium
619 2571 770 2603 idoneum
797 2576 930 2609 testem,
959 2574 1011 2601 aut

260 2621 338 2655 alias
362 2620 502 2662 legitime
524 2620 716 2664 probaverit,
739 2620 825 2653 iuxta
843 2624 1014 2652 consuetu—

260 2670 367 2705 dinem
383 2670 486 2704 dictae
501 2670 600 2713 Ripae
620 2674 651 2703 et
670 2669 823 2713 Ripettae.
843 2669 880 2701 Et
899 2668 944 2701 sic
959 2667 1015 2701 oh·
1032 2712 1037 2721 .

1687 262 1742 293 aot

1042 327 1156 359 servari
1193 326 1339 358 volumus
1369 331 1396 357 et
1433 324 1621 356 mandamus
1641 351 1647 361 ,
1683 328 1795 355 contra

1042 390 1265 423 quoscumque
1290 379 1375 411 iuxta
1396 377 1569 422 praefatam
1592 376 1796 409 consuctudi-

1044 444 1128 472 nem:
1151 438 1410 476 mercatoresque
1423 431 1580 475 praefatos
1592 430 1623 462 in
1636 429 1796 462 mercibus

1044 487 1086 518 sic
1115 486 1248 519 venditis
1269 496 1367 530 penes
1388 484 1547 517 debitores
1571 482 1794 522 existentibus,

1045 541 1138 573 etiam
1155 552 1171 572 a
1192 540 1356 584 quibusvis
1372 538 1516 577 detentis,
1537 536 1797 581 quibuscumque

1045 594 1115 626 aliis
1131 593 1357 633 creditoribus,
1380 592 1474 625 etiam
1497 600 1677 634 expressam
1694 594 1725 623 et
1744 600 1798 622 an-

1047 648 1194 680 teriorem
1208 647 1433 690 hypothecam,
1447 646 1657 678 instrumenta
1669 643 1799 687 publica

1048 701 1077 733 in
1105 700 1254 744 ampliori
1288 701 1389 732 forma
1419 699 1571 731 Gamerae
1599 697 1799 741 Apostolicae

1047 754 1190 787 conserta
1211 760 1241 787 et
1260 754 1421 797 stipulata,
1440 752 1597 785 creditum
1615 761 1708 783 suurn
1729 761 1800 794 pro—

1049 808 1166 845 bantia,
1184 808 1389 847 habentibus,
1404 807 1499 840 etiam
1516 805 1653 846 clericis,
1668 805 1698 838 S.
1715 805 1750 837 R.
1763 805 1796 837 E.

1049 862 1265 894 caidinalibus
1285 866 1312 894 et
1330 861 1399 893 aliis
1416 859 1592 903 quibusvis,
1615 858 1800 891 cuiuscum—

1048 927 1110 958 que
1130 915 1247 958 gradus
1263 915 1309 947 vel
1331 913 1522 947 conditionis
1543 912 1688 951 existant,
1711 922 1800 955 prae-

1049 969 1137 1001 l'erri.

1093 1024 1107 1065 ξ
1127 1023 1158 1056 5.
1182 1023 1214 1055 ln
1236 1022 1305 1054 aliis
1330 1032 1403 1054 vero
1429 1021 1689 1065 quibuscumque
1709 1019 1799 1052 debi-

1050 1081 1155 1107 torum
1191 1075 1302 1111 bonis,
1330 1086 1404 1108 cum
1439 1073 1554 1107 ceteris
1587 1073 1800 1106 creditoribus

1050 1130 1263 1173 hypothecam
1302 1138 1482 1172 expressam
1509 1138 1565 1160 seu
1589 1127 1717 1159 tacitam
1742 1126 1799 1159 ha-

1050 1183 1199 1215 bentibus
1209 1193 1419 1222 conrurrere,
1437 1181 1607 1214 occasione
1619 1179 1801 1213 debitorum

1050 1241 1183 1279 propter
1200 1246 1323 1268 merces
1344 1235 1461 1278 ripales
1480 1234 1623 1267 venditas
1639 1233 1803 1266 dumtaxat

1051 1293 1275 1322 contentarum
1293 1289 1320 1327 43
1333 1299 1368 1321 ac
1383 1299 1399 1320 a
1416 1287 1541 1321 duabus
1551 1286 1715 1319 sententiis
1725 1296 1802 1319 con-

1051 1342 1222 1382 formibus,
1246 1352 1303 1386 per
1323 1340 1538 1374 camerarium
1559 1351 1596 1373 ac
1618 1339 1803 1383 praesiden-

1051 1403 1115 1428 tem
1133 1406 1191 1439 pro
1208 1400 1355 1438 tempore
1371 1393 1474 1427 dictae
1490 1393 1589 1437 Ripae
1610 1398 1637 1425 et
1660 1392 1803 1435 Ripettae

1052 1448 1135 1488 latis,
1162 1449 1348 1480 nullatenus
1372 1447 1528 1491 appellari
1552 1446 1601 1478 vel
1623 1445 1802 1489 provocari,

1052 1503 1147 1535 etiam
1168 1502 1206 1534 ad
1227 1512 1285 1534 nos
1301 1507 1330 1534 et
1346 1501 1460 1535 Sedem
1476 1499 1705 1544 Apostolicam‚
1723 1509 1805 1542 quae

1052 1556 1202 1588 effectum
1226 1555 1271 1588 rei
1288 1555 1447 1588 iudicatae
1472 1553 1592 1586 habere
1613 1553 1731 1586 debere
1750 1562 1803 1585 vo-

1053 1609 1173 1648 lumus;
1200 1613 1230 1641 et
1255 1608 1300 1641 sic
1324 1618 1382 1652 per
1411 1617 1635 1651 quoscumque
1665 1605 1802 1646 iudices,

1053 1661 1148 1694 etiam
1175 1662 1206 1695 S.
1233 1661 1271 1694 R.
1298 1661 1333 1694 E.
1362 1660 1541 1694 cardinales
1575 1669 1612 1692 ac
1633 1669 1804 1692 causarum

1053 1714 1164 1748 Palatii
1183 1715 1359 1758 Apostolici
1380 1714 1559 1753 auditores,
1589 1713 1622 1746 in
1643 1712 1807 1757 quibusvis

1053 1769 1170 1810 causis,
1198 1768 1340 1811 negociis
1365 1773 1395 1801 et
1420 1766 1645 1801 controversiis
1675 1771 1803 1800 senten-

1054 1822 1138 1864 tiari,
1161 1823 1295 1856 iudicari
1316 1827 1347 1856 et
1367 1821 1494 1855 definiri
1520 1820 1650 1861 debere,
1677 1820 1804 1854 irritum

1053 1883 1184 1916 quoque
1205 1877 1262 1906 etc.
1286 1871 1502 1905 decernimus.

1097 1922 1159 1966 §a
1183 1923 1368 1956 Mandantes
1389 1926 1559 1965 propterea
1587 1921 1744 1954 moderno
1778 1926 1808 1953 et

1055 1983 1112 2015 pro
1130 1977 1274 2015 tempore
1291 1971 1470 2005 camerario
1489 1971 1632 2014 praefato
1649 1975 1809 2013 quatenus

1053 2021 1214 2065 debitores
1239 2032 1276 2054 ex
1302 2031 1397 2053 causa
1427 2019 1602 2063 praemissa
1633 2018 1806 2061 obligatos,

1053 2070 1203 2109 decretis,
1233 2069 1534 2113 significationibus,
1562 2067 1810 2102 admissionibus

1053 2125 1084 2152 et
1104 2120 1174 2153 aliis
1196 2120 1366 2163 praedictis
1386 2130 1451 2152 non
1468 2118 1682 2159 obstantibus,
1701 2119 1741 2151 ad
1763 2129 1808 2151 sa-

1054 2171 1277 2204 tisfaciendum
1310 2168 1547 2202 mercatoribus
1579 2167 1746 2200 antedictis
1771 2168 1809 2201 de

1054 2220 1167 2253 debitis
1193 2219 1238 2252 sic
1267 2217 1456 2257 contractis,
1483 2228 1520 2250 ac
1544 2216 1733 2250 eorumdem
1754 2217 1809 2250 de-

1053 2268 1195 2301 bitorum
1221 2268 1305 2300 bona
1326 2267 1505 2300 detinentes
1530 2266 1569 2298 ad
1598 2265 1650 2298 illa
1672 2265 1731 2298 sibi
1761 2265 1808 2298 di-

1054 2318 1266 2356 mittendum,
1286 2316 1325 2349 ad
1342 2316 1457 2349 effectu
1477 2314 1740 2358 consequendum
1759 2326 1808 2348 sa-

1055 2367 1269 2400 tissactionem
1293 2366 1500 2408 integralem,
1522 2364 1601 2397 iuris
1619 2364 1809 2407 opportunis

1056 2416 1205 2449 remediis
1216 2426 1251 2447 ac
1267 2414 1356 2453 alias,
1369 2416 1454 2447 iuxta
1471 2414 1585 2457 stylum
1604 2413 1712 2445 curiae
1728 2423 1806 2449 suae,

1055 2465 1239 2508 compellat.
1272 2464 1387 2496 Dantes
1421 2461 1739 2495 eideurl'acultatem
1772 2473 1807 2494 ar

1056 2514 1275 2546 omnimodam
1294 2518 1484 2556 potestatem
1506 2512 1671 2555 quibusvis
1692 2511 1806 2544 iudici-

1055 2564 1125 2600 bus,
1138 2562 1356 2596 saecularibus
1367 2567 1395 2595 et
1407 2560 1643 2602 ecclesiastic-is
1658 2572 1693 2593 ac
1705 2560 1808 2593 omni-

1056 2614 1115 2646 bus
1133 2613 1294 2646 Romanae
1319 2611 1432 2645 Curiae
1457 2609 1685 2650 tribunalibus,
1713 2609 1807 2642 etiam

1095 2677 1102 2702 i
1127 2676 1250 2703 Fortasse
1267 2678 1468 2701 contractorum
1489 2673 1526 2707 (R.
1544 2672 1594 2705 τ.).

1809 272 1855 296 Aa,
1876 270 1903 296 C.
1925 268 1989 296 istis

1848 1034 1869 1054 ln
1886 1034 1933 1054 aliis
1949 1039 1998 1054 veru

1816 1065 1827 1085 l]
1844 1066 1908 1085 'icant
1932 1064 2000 1091 hypo-

1815 1096 1899 1117 itszcam
1915 1098 1936 1116 et
1947 1101 1997 1116 ion·

1815 1131 1952 1148 curri-luteum
1963 1127 1995 1147 nb-

1815 1158 1949 1184 ligatum-‚tuis
1968 1163 2000 1177 ca-

1817 1195 1841 1210 m*
1853 1189 1938 1209 ratu-nu.

1836 1935 1944 1956 [¹*1ciales
1952 1936 2007 1956 etiu·

1824 1968 1841 1988 ’.Γ
1860 1973 1882 1986 ’Ὶ
1891 1968 1964 1988 eadem
1973 1967 2008 1988 ob·

1824 2005 1831 2019 ε
1852 2013 1853 2016 ¹
1867 2002 1918 2018 vent.
