2227 3001
188 264 236 288 Aa.
255 265 282 291 C.
303 265 369 290 {5¹28

197 526 262 549 lullus
278 527 295 548 11
312 535 362 550 con.

183 559 271 579 firmavit
289 559 365 580 bullam

183 589 295 610 Alexandri
311 591 365 611 sexti

182 619 297 641 inhibendo
309 622 365 642 iudi-

181 651 241 671 cibus
256 652 365 672 mandata-

181 681 261 709 riisquo
277 685 323 709 ηας

431 257 489 291 120

383 319 537 352 rationem
551 329 761 353 censurarum
784 324 893 353 contra
911 319 1129 351 inobedientes

384 373 581 415 procederet,
607 385 642 406 ac
658 385 716 417 pro
734 373 850 405 talibus
866 372 1128 416 publicedenun-

382 425 459 459 ciari
483 427 645 459 mandaret
668 432 694 459 vt
718 428 846 459 taceret..

425 478 480 521 ξῙ.
499 480 542 511 Ac
555 480 729 512 successive
747 479 816 522 piac
836 479 1010 511 memoriae
1031 478 1129 511 lulius

380 532 464 575 Papa
474 533 510 568 11,
520 532 890 575 similitcrprzrtlvccssor
902 536 1019 571 noster,
1034 531 1127 564 intel-

380 584 577 628 ligensquod
594 596 719 621 causac,
735 590 865 628 propter
874 596 952 628 quas
964 586 1126 617 decretum

379 643 409 670 et
430 639 614 671 mandalum
640 639 801 682 praedicta
833 639 871 671 ab
897 639 1007 671 codem
1036 650 1149 682 prac-r

379 693 545 724 decessore
562 697 802 731 emamtvcrant,
826 692 930 724 adhuc
955 697 1030 724 tunc
1052 693 1126 725 sub-

378 744 540 780 sistcbaut,
559 749 587 776 ct
605 744 724 776 similes
748 744 867 777 abusus
883 750 910 777 et
934 745 1072 781 fraudes.
1093 756 1127 777 ac

377 798 470 830 ctiam
492 798 657 831 citationes
679 798 823 841 pci‘alios
835 809 930 841 quam
953 798 1036 842 ipsos
1059 810 1129 831 cur-

376 863 464 885 sores
480 853 511 885 in
529 853 660 885 diversis
681 854 786 885 causis
811 852 941 891 fiebant,
964 853 1077 896 stylum
1099 859 1125 885 et

376 906 642 939 consuetudinem
652 907 801 950 antiquos
812 906 926 939 Curiae
941 906 1126 939 huiusmodi

377 960 700 1004 pervertendo,mmu
722 960 830 1001 simili,
844 971 908 992 non
925 959 962 992 ad
984 959 1125 1003 ipsorum

375 1024 544 1048 cursorum
562 1014 608 1047 vel
629 1014 765 1047 alicuius
790 1014 920 1046 alterius
937 1025 994 1057 pro
1015 1013 1059 1047 eis
1080 1014 1126 1046 in-

375 1066 539 1107 stantiam,
567 1067 620 1100 scd
642 1067 680 1099 sle
700 1079 756 1102 sua
783 1078 870 1100 incra
889 1067 1078 1100 liberalitate
1099 1072 1126 1099 ct

375 1132 411 1153 cx
432 1126 517 1153 certa
539 1121 681 1159 scicntia,
705 1121 870 1154 decretum
888 1125 914 1153 ct
943 1120 1127 1153 mandatum

374 1173 574 1214 huiusmodi,
598 1174 785 1207 auctoritate
807 1174 980 1217 apostolica
1000 1174 1128 1206 innova-

375 1229 464 1268 verit‚
478 1239 514 1261 ac
523 1234 697 1272 perpetuae
706 1229 865 1262 firmitatis
873 1229 973 1261 robur
984 1228 1127 1261 obtinere

378 1287 409 1315 et
427 1282 652 1316 inviolabiliter
671 1283 831 1316 observari
848 1283 963 1316 debere
983 1282 1129 1316 decreve—

375 1335 416 1368 rit
435 1340 463 1368 et
475 1336 683 1372 mandaverit:
706 1346 741 1367 ac
758 1335 932 1367 districtius
952 1335 1127 1368 inhibuerit

375 1389 525 1421 omnibus
541 1395 568 1422 ct
590 1389 723 1432 singulis
739 1399 908 1421 causarum
930 1388 1002 1420 dicti
1020 1388 1127 1421 Palatii

375 1442 574 1475 auditoribus
595 1443 730 1485 aliisque
751 1442 911 1475 iudicibus
938 1442 1127 1474 etcoimuis-

376 1496 487 1535 sariis,
510 1496 602 1529 etiam
632 1501 758 1529 sanctae
784 1496 945 1528 Romanae
969 1495 1128 1528 Ecclesiae

377 1548 604 1587 cardinalibus,
623 1560 657 1581 ac
692 1549 850 1587 senatori,
873 1548 1079 1591 gubernatori
1101 1554 1127 1581 ct

375 1602 494 1635 vicario
515 1602 656 1644 generali
677 1602 778 1634 almae
799 1601 891 1634 Urbis
903 1607 933 1634 et
946 1601 1073 1642 Curiae,
1091 1603 1128 1635 (lc

376 1655 521 1696 Sabellis,
535 1656 706 1696 iudicibus,
722 1666 899 1700 eorumque
915 1656 1127 1695 auditoribus,

377 1709 614 1743 collateralibus
633 1720 687 1742 seu
710 1709 963 1743 locateuentibus
991 1715 1022 1743 ct
1045 1711 1130 1754 capi-

376 1762 477 1797 taneis
492 1763 642 1796 omnibus
658 1763 840 1803 ordinariis,
863 1774 901 1796 nc
920 1763 950 1796 in
971 1764 1076 1796 causis
1086 1763 1130 1796 eis

378 1815 555 1849 commissis
576 1821 606 1849 et
630 1816 661 1849 in
686 1817 804 1860 quibus
824 1816 869 1849 eis
889 1816 1131 1850 commissiones

378 1868 503 1909 sterent,
515 1869 681 1903 citationes
692 1870 969 1910 commissionum,
981 1881 1131 1914 praesen-

379 1923 512 1957 tationes
529 1924 793 1957 executorialium
810 1930 839 1957 et
859 1925 936 1957 alias
957 1924 1128 1958 intimatio-

379 1987 435 2011 nes
460 1988 496 2011 ac
511 1978 674 2011 affixiones
683 1983 713 2012 et
723 1978 956 2022 publicationes
971 1989 1029 2022 per
1039 1978 1128 2015 alios,

379 2041 474 2074 quam
496 2042 552 2074 per
571 2032 657 2076 ipsos
677 2043 836 2071 cursores,
855 2032 966 2075 quovis
985 2032 1129 2075 quaesito

379 2085 498 2124 colore,
513 2085 582 2118 fieri
604 2086 745 2118 facerent
756 2086 818 2118 sive
834 2085 1067 2129 permitterent,
1077 2092 1132 2119 aut

379 2143 595 2182 praesentatas
614 2144 644 2171 et
663 2140 759 2172 factas
778 2139 958 2182 reciperent.
973 2144 1003 2172 et
1018 2140 1131 2174 admit-

381 2197 494 2231 terent,
512 2203 547 2224 ac
568 2193 718 2226 omnibus
739 2198 767 2226 et
788 2193 921 2235 singulis
942 2193 1068 2226 nunciis
1103 2202 1129 2227 et

380 2245 542 2288 quibusvis
554 2245 622 2278 aliis
633 2245 790 2289 personis,
804 2246 914 2289 quotis
922 2246 984 2279 alio
1001 2247 1130 2279 nomine

380 2298 586 2342 nuncupatis,
605 2309 643 2331 nc
665 2299 928 2331 commissionum
951 2306 1132 2343 praesenta-

380 2352 495 2392 tiones,
509 2352 686 2392 citationes,
701 2352 945 2396 publicationes,
958 2353 1131 2387 intimatio-

381 2416 437 2439 nes
448 2411 479 2439 et
497 2406 660 2439 affixiones
671 2406 854 2439 huiusmodi
877 2407 923 2439 vel
940 2407 999 2440 alia
1016 2409 1053 2440 ad
1066 2408 1132 2441 oft'i-

381 2459 468 2492 cium
498 2470 668 2493 cursorum
691 2460 928 2503 praedictorum
958 2462 1131 2504 spectantia

380 2513 585 2553 praesentare
616 2519 670 2541 seu
698 2509 815 2548 facere,
837 2509 896 2541 sub
916 2509 1134 2543 excommuni-

383 2557 515 2590 cationis
534 2558 616 2590 latae
632 2557 806 2590 sententiae
818 2567 919 2601 poena
940 2568 977 2590 eo
998 2558 1067 2602 ipso
1083 2557 1132 2590 in—

383 2606 554 2646 currenda,
581 2616 712 2650 quoquo
733 2606 828 2639 modo
855 2611 1107 2649 praesumerent.

427 2654 442 2699 ἓ
461 2653 491 2688 9.
515 2655 557 2688 Ac
578 2654 713 2688 decrevit
736 2660 764 2687 et
785 2654 952 2688 declaravit
969 2664 1080 2689 omnes
1104 2659 1135 2687 et

972 270 989 291 B
995 268 1104 291 [TLLARI
1110 266 1150 290 ΠΜ
1175 267 1324 290 ΠΟΜΑΝΕΜ

1169 318 1310 360 singulas
1330 318 1590 357 commissiones,
1614 329 1670 360 per
1699 328 1772 349 cum
1799 328 1853 349 seu
1880 316 1918 349 de

1169 371 1238 403 cius
1258 371 1406 403 mandato
1427 371 1629 413 signat:i.<‚-'n‹:
1646 371 1740 403 ctiam
1766 381 1878 403 omnes
1889 374 1917 402 et

1169 423 1311 465 singulas
1331 423 1494 456 citationes
1515 435 1622 456 coram
1643 423 1808 466 quibusvis
1831 422 1919 455 audi-

1170 477 1312 516 toribus,
1343 476 1522 517 iudicibus‚
1553 477 1797 517 commissariiS,
1824 477 1918 509 ctiam

1170 530 1386 563 cardinalibus
1414 531 1461 562 vel
1485 531 1667 568 ordinarii&
1696 530 1727 563 in
1751 530 1854 563 causis
1875 530 1919 563 eis

1169 583 1346 615 commissis
1374 594 1429 626 pro
1458 589 1602 628 tempore
1630 584 1861 627 pendentibuS,
1884 595 1919 616 ac

1169 637 1263 669 ctiam
1291 636 1521 677 intimationes,
1548 638 1781 680 publicationes
1796 642 1826 670 et
1850 637 1919 669 affi-

1170 691 1277 723 xioncs
1297 701 1577 734 quarumcumque
1602 691 1768 723 literarum
1785 691 1817 723 in
1837 691 1921 724 dicta

1168 743 1275 783 Curia,
1290 754 1369 787 quas
1385 754 1442 786 per
1462 743 1540 776 alios
1569 754 1664 787 quam
1676 755 1733 787 per
1748 744 1834 787 ipsos
1851 754 1922 776 cur-

1168 807 1256 829 sores
1275 797 1313 829 de
1334 801 1440 829 cetero
1462 797 1657 839 praesentari
1675 808 1730 830 seu
1751 797 1821 830 fieri
1845 808 1919 830 con-

1168 851 1284 893 tigerit,
1300 856 1352 883 aut
1370 850 1675 894 processusillarum
1687 850 1793 893 vigore
1803 851 1922 885 haben—

1168 906 1224 938 dos
1249 910 1276 937 ct
1300 904 1371 937 inde
1393 908 1501 937 secuta
1521 913 1759 947 quaecumque,
1781 913 1818 936 ac
1833 903 1922 947 quic-

1167 958 1244 1002 quid
1275 958 1306 990 in
1337 956 1548 997 contrarium,
1571 956 1680 999 quavis
1709 957 1919 998 auctoritate,

1168 1011 1304 1043 scit-nter
1320 1010 1366 1043 rel
1386 1010 1573 1052 ignoranter
1588 1010 1735 1042 attentari
1755 1010 1922 1054 continge-

1169 1071 1226 1101 rct.
1246 1065 1555 1098 nulliusroborisvcl
1571 1064 1738 1101 momenti,
1756 1064 1825 1108 ipso
1837 1065 1920 1106 iure,

1168 1119 1262 1153 etiam
1282 1119 1402 1162 absque
1428 1129 1464 1151 eo
1490 1118 1576 1161 quod
1602 1118 1696 1151 aliter
1719 1119 1788 1152 eius
1814 1119 1922 1164 dispo-

1167 1174 1314 1207 sitionem
1330 1177 1492 1216 receptam
1501 1182 1568 1205 esse
1580 1177 1751 1212 constaret,
1762 1173 1920 1213 existerem

1168 1233 1195 1260 ct
1218 1238 1275 1271 per
1300 1225 1547 1261 commissarios,
1571 1225 1665 1258 etiam
1686 1225 1716 1259 S.
1740 1225 1776 1258 R,
1795 1226 1829 1258 E.
1851 1235 1922 1259 car-

1168 1282 1290 1313 dinales
1302 1281 1471 1324 praefatos,
1499 1278 1709 1311 iudicandum
1726 1279 1923 1312 sententian-

1167 1335 1310 1378 dumque
1327 1334 1407 1374 sore,
1419 1333 1544 1366 sublata
1556 1332 1600 1365 eis
1614 1332 1707 1365 aliter
1722 1331 1833 1375 quavis
1843 1332 1924 1365 iudi-

1168 1387 1259 1419 candi
1277 1392 1307 1419 ct
1322 1385 1552 1429 interpretandi
1573 1385 1723 1417 facultate
1738 1389 1769 1418 et
1783 1384 1924 1418 auctori-

1168 1447 1240 1474 tate.
1260 1441 1389 1473 Necnon
1415 1438 1611 1472 mandaverit
1628 1439 1768 1481 praefato
1785 1438 1923 1472 auditori

1169 1505 1205 1527 ac
1223 1504 1279 1537 pro
1301 1498 1445 1537 tempore
1466 1492 1611 1525 existenti
1632 1492 1734 1524 almae
1750 1491 1922 1535 Urbis-gu-

1168 1547 1343 1583 bernatori.
1362 1553 1395 1580 ut
1417 1546 1535 1579 eisdem
1558 1545 1746 1579 cursoribus
1765 1546 1923 1590 superbis

1169 1602 1308 1636 efficacis
1328 1599 1522 1634 defensionis
1538 1598 1698 1644 praesidio
1723 1598 1921 1640 assistentes,

1169 1658 1307 1689 facerent
1319 1654 1518 1693 mandatum,
1532 1651 1756 1685 inhibitionem
1770 1656 1801 1685 et
1815 1651 1924 1686 decre-

1168 1716 1236 1743 tum
1270 1707 1457 1742 huiusmodi
1489 1705 1714 1739 inviolabiliter
1742 1705 1921 1747 observari,

1169 1762 1420 1797 contradictores
1441 1766 1471 1794 et
1486 1758 1706 1792 inobedientes
1725 1758 1871 1793 censuris
1893 1763 1925 1793 et

1170 1817 1293 1862 poenis,
1315 1815 1410 1849 etiam
1427 1812 1642 1858 pecuniariis,
1668 1813 1922 1856 compescendo,

1170 1879 1266 1919 prout
1277 1873 1309 1906 in
1317 1871 1416 1906 literis
1425 1866 1614 1905 eorumdem
1623 1869 1791 1903 Alexandri
1801 1869 1921 1909 eilulfi,

1171 1928 1453 1973 praedecessorum
1474 1929 1672 1960 nostrorum.
1695 1922 1834 1966 desuper
1844 1932 1922 1956 con-

1171 1982 1259 2015 t'ectis
1280 1980 1406 2025 plenius
1426 1978 1619 2012 continetur,

1214 2034 1278 2079 ξ3.
1308 2033 1523 2067 Nihilominus
1543 2030 1712 2070 nonnulli,
1742 2041 1759 2062 a
1782 2040 1922 2074 quorum

1171 2089 1272 2122 oculis
1287 2088 1342 2121 Dei
1363 2087 1458 2119 timor
1473 2083 1635 2123 abscessit,
1649 2089 1770 2126 etquae
1786 2093 1851 2115 non
1866 2093 1924 2116 sua

1171 2146 1245 2174 sunt
1264 2144 1467 2184 quaerentes,
1481 2138 1512 2171 in
1533 2137 1664 2171 diversis
1674 2136 1779 2170 causis
1799 2136 1921 2170 citatio-

1172 2205 1238 2234 nes,
1266 2192 1528 2226 commissionum
1555 2190 1839 2234 praesentationes,
1862 2201 1922 2234 pu-

1171 2247 1379 2286 blicationes,
1406 2244 1622 2278 intimationes
1641 2249 1671 2277 et
1695 2243 1860 2277 affixiones
1887 2254 1922 2276 at·-

1172 2300 1426 2334 subhastationes
1445 2304 1475 2331 et
1494 2298 1555 2331 alia
1575 2298 1613 2331 ad
1634 2297 1778 2330 officium
1794 2296 1924 2330 dilecto-

1172 2366 1244 2389 rum
1261 2355 1402 2388 filiorum
1420 2363 1589 2386 cursorum
1600 2357 1797 2391 nostrorum,
1810 2356 1875 2384 tam
1887 2361 1924 2384 ex

1172 2409 1370 2443 institutione
1386 2417 1498 2440 eorum
1519 2405 1629 2445 osticii,
1652 2415 1747 2448 quam
1768 2404 1856 2437 iuxta
1869 2414 1925 2437 an-

1173 2463 1278 2507 tiquos
1289 2463 1404 2506 stylum
1425 2466 1455 2494 et
1475 2459 1742 2494 consuetudinem
1761 2458 1924 2492 Romanae

1173 2515 1289 2553 Curiae,
1303 2514 1490 2559 spectantia,
1504 2518 1615 2547 contra
1623 2513 1789 2546 decretum
1800 2516 1925 2546 etman-

1173 2570 1281 2602 datum
1317 2567 1484 2600 Alexandri
1511 2567 1545 2599 Vl
1583 2577 1617 2598 ac
1639 2566 1864 2600 inhibitionem
1893 2571 1924 2599 et

1211 2663 1221 2688 t
1243 2660 1329 2698 Quam
1350 2660 1499 2688 successive
1516 2659 1624 2688 abstulit
1644 2665 1706 2687 mox
1726 2657 1845 2702 inferius·

1937 261 1987 287 An.
2005 261 2035 288 C.
2056 262 2121 289 1ῖῆςὲ

1958 319 2119 345 nocturnum-0

1935 354 1955 372 et
1971 350 2085 379 ampliavit⁴

1950 2040 1989 2062 Eio
1999 2040 2129 2063 modorum

1937 2072 1988 2093 tifex
2002 2073 2124 2099 praedictos

1951 2103 2116 2124 constitutiones

1937 2134 2046 2161 approbat,
2074 2139 2121 2154 cum

1938 2165 2033 2186 clausula
2047 2165 2124 2190 Quate-

1939 2203 1976 2216 nus
1986 2197 2006 2216 in
2023 2203 2062 2217 usa
2070 2196 2089 2218 1:
