2227 3001
133 236 229 278 Ansc.
249 248 317 276 ¹533

374 302 388 344 ἓ
409 301 439 334 1.
463 301 501 334 Et
520 299 634 333 deinde
655 298 766 338 nobis,
794 298 889 331 etiam
911 308 968 342 pro
989 302 1079 341 parte.

131 354 197 411 gfff
223 359 314 407 ῦῗζζξζξς·
328 359 441 395 vestra,
462 353 605 397 exposito
620 352 706 396 quod
717 362 782 392 vos,
799 351 859 383 sub
880 351 977 384 trium
993 356 1078 384 voto-

138 417 306 441 uraedicationi-
327 418 399 440 rum
420 405 679 439 substantialium
701 404 883 444 emissione,
906 404 1000 436 vitam
1012 404 1077 437 cle—

129 446 311 499 }12{;‡2⁵⁰3„”J{‡{
326 460 456 493 ricalem
478 460 528 503 pie
549 460 679 498 ducere,
692 469 728 491 ac
744 457 976 501 praedicationi
990 457 1076 490 verbi

127 507 170 567 ξεῖ
202 510 312 531 ‘¹²⁸¹‘⁰⁷'⁸·
326 513 395 554 Dei,
426 512 608 546 audientiae
636 511 876 545 confessionum
903 516 934 544 et
968 522 1076 545 sacrae

324 567 504 610 theologiae
532 578 568 600 ac
586 576 754 599 sacrorum
771 575 932 598 canonum
949 565 1073 605 studiis,

323 620 362 653 ad
389 625 567 653 vestrarum
595 624 625 651 et
653 618 790 650 aliorum
816 617 1074 651 christifidelium

322 673 504 706 animarum
522 672 715 716 profectum,
728 682 838 703 vacare
850 670 1070 703 decreveratis.

366 729 381 767 ,ξ
400 727 431 760 9..
454 725 854 765 Nosvestris‚etiamtunc,
867 724 1075 769 supplicatio-

150 788 187 810 nic
211 789 307 811 Pontifex
321 780 416 812 nibus
437 780 593 819 inclinati,
607 778 695 811 vobis
711 783 743 811 ut
761 778 945 821 superiores
964 778 1071 819 vestri,

123 819 308 879 ξῖἳξᾞξζῗωῖῗζ
322 833 496 878 praepositi
512 833 703 876 nuncupati,
716 837 927 875 protempore
939 832 1073 864 existen-

123 885 306 935 ζιζξιῗοῶζξξζζῗῃ
322 893 464 925 tes‚cum
485 887 610 920 clericis
633 892 662 920 et
686 886 780 919 sociis
799 885 877 925 suis,
895 884 950 928 qui
970 885 1002 917 in
1019 896 1072 918 su-

122 948 144 966 et
175 951 239 972 super
274 946 308 966 le-
321 941 610 985 pradictispietatis
625 940 778 984 operibus
799 944 853 971 aut
874 939 980 972 studio
1001 939 1071 972 lite-

122 977 241 1038 ουὲζὲζζῖ
262 978 308 1033 (1,Ἰῖ
320 1005 429 1026 rarum
450 1004 615 1027 sacrarum
635 996 892 1036 occuparentur,
908 1002 963 1024 seu
981 992 1071 1025 intir-

122 1045 232 1070 ⁰⁰¹¹⁰⁶d⁵²‘
320 1047 429 1080 mitate
445 1052 497 1080 aut
521 1047 726 1080 infirmorum
742 1045 908 1078 curatione
929 1049 959 1078 et
975 1045 1071 1078 mini-

319 1101 416 1133 sterio
433 1111 491 1144 pro
512 1106 656 1144 tempore
672 1099 951 1143 praepedirentur,
974 1109 1072 1143 super

318 1153 508 1187 recitatione
528 1153 710 1186 divinorum
733 1151 928 1192 officiorum,
947 1151 985 1185 ad
1007 1152 1070 1186 hoc

318 1211 354 1240 ut
373 1206 433 1249 ipsi
445 1206 650 1250 occupatixel
672 1205 830 1249 impediti,
849 1210 973 1238 certum
984 1207 1069 1249 psal-

317 1270 446 1293 morum
462 1271 520 1305 per
540 1260 626 1303 ipsos
642 1259 825 1303 superiores
843 1258 887 1291 eis
907 1258 1069 1301 assignan-

316 1314 431 1346 dorum
452 1324 638 1353 numerum,
661 1323 724 1345 uon
747 1313 852 1344 miuus
873 1318 993 1355 septem
1015 1319 1068 1346 aut

316 1377 381 1406 sex,
403 1377 478 1399 cum
499 1366 664 1406 divisione,
677 1377 712 1398 ac
730 1365 914 1398 Orationem
928 1366 1069 1399 Domini—

316 1430 386 1453 cam
404 1420 532 1464 septies,
550 1420 736 1464 Symbolum
758 1419 984 1462 Apostolorum
1006 1421 1066 1460 1115;

316 1473 454 1516 graviter
470 1479 575 1506 autem
586 1479 800 1515 aegrotantes,
813 1472 882 1505 Orat
891 1473 995 1506 ionem
1005 1474 1068 1506 Do-

316 1526 468 1560 minicam
479 1527 589 1567 semel,
602 1532 631 1560 et
644 1526 874 1559 Salutationem
884 1527 1066 1569 Angelicam

316 1580 432 1624 septies
456 1581 488 1613 in
504 1580 556 1613 die
576 1580 753 1620 recitando,
776 1586 895 1623 septem
916 1580 1067 1613 110115111-

315 1630 441 1663 nonicis
466 1636 496 1663 et
528 1630 585 1662 toti
613 1630 718 1662 divino
745 1629 852 1662 officio
879 1630 1067 1665 satisfecisse

316 1684 537 1719 <·enserentur;
560 1684 588 1712 et
612 1689 685 1711 cuni
708 1678 872 1721 quibusvis
892 1679 1018 1713 clericis
1038 1686 1068 1714 et,

316 1728 411 1761 sociis
429 1728 540 1761 vestris
560 1728 592 1761 in
614 1728 849 1771 praeveniendo
869 1728 916 1760 vel
937 1735 1067 1773 postpo-

315 1778 432 1817 nendo,
451 1778 608 1811 veniendo
627 1778 675 1810 vel
692 1777 868 1810 decidendo
889 1776 903 1806 1,
924 1777 956 1810 in
978 1790 1066 1811 com-

317 1826 406 1859 uiuni
426 1827 474 1859 vel
495 1826 626 1870 speciali
648 1827 744 1859 horas
764 1826 952 1867 canonicas,
976 1838 1012 1860 ac
1035 1828 1066 1861 in

315 1875 495 1908 breviandis
515 1881 543 1908 et
565 1874 975 1919 protelandislectionibus.

358 1924 422 1967 §3
451 1925 580 1958 Necnon
609 1936 707 1969 super
734 1924 882 1965 ieiuniis,
909 1926 1005 1958 etiam
1029 1927 1067 1959 de

315 1978 500 2017 praeceptO,
512 1974 607 2007 etiam
617 1974 949 2017 quadragesimalibus
956 1981 984 2008 et
993 1987 1067 2008 cum

314 2022 521 2056 concessione
545 2023 717 2067 vespertini
739 2023 904 2063 ientaculi,
923 2024 1067 2058 collatio-

313 2071 363 2104 nis
383 2071 561 2116 nuncupati
577 2071 836 2112 etcomestionis,
850 2072 945 2105 etiam
962 2073 1065 2116 panis,

314 2119 347 2152 in
367 2120 412 2153 eis
431 2120 516 2153 licite
537 2125 568 2154 et
587 2121 706 2164 absque
728 2121 1000 2164 praevaricatione
1021 2123 1067 2155 sa-

314 2169 458 2210 ciendae,
481 2169 665 2213 dispensare
686 2170 808 2214 possint
829 2181 886 2214 per
910 2171 998 2205 alias.

359 2218 372 2261 ξ
392 2218 424 2251 4.
446 2219 667 2262 Etpostremo,
685 2225 720 2251 ut
739 2230 793 2252 vos
813 2219 897 2253 inter
910 2231 976 2259 vos,
995 2232 1067 2254 rnu-

314 2272 397 2307 tuas,
417 2279 471 2301 seu
493 2268 587 2302 etiam
609 2269 661 2301 alii
683 2269 865 2302 sacer-(totos
887 2271 1068 2303 saeculares

314 2317 362 2349 vel
378 2317 554 2359 regulares,
576 2329 593 2350 a
612 2318 711 2354 vobis,
734 2318 772 2350 de
793 2319 999 2362 superiorum
1016 2331 1068 2352 ve-

316 2371 457 2399 strorum
473 2371 526 2399 aut
548 2367 637 2399 Sedis
652 2367 854 2409 Apostolicae
871 2367 1012 2405 licentia,
1030 2370 1067 2401 :id

315 2415 378 2448 hoc
398 2425 456 2459 pro
476 2420 622 2459 tempore
633 2415 782 2457 eligendi,
807 2422 935 2455 vestras,
958 2429 994 2450 ac
1016 2429 1069 2450 vos

317 2475 430 2498 eorum
464 2465 681 2498 consessiones
714 2465 880 2498 audientes
899 2492 905 2503 ,
942 2467 1069 2499 absolu-

316 2514 460 2547 tionibus
476 2514 535 2546 hac
552 2514 654 2547 forma
670 2514 716 2547 uti
732 2516 867 2558 possetis
887 2521 917 2548 et
934 2516 978 2548 illi
994 2528 1069 2560 pos-

318 2568 399 2603 sent,
415 2563 562 2596 videlicet
578 2570 648 2607 post
667 2564 857 2597 Mis-creatur
877 2570 952 2605 etc,
966 2566 1069 2603 ,01]11-

130 1991 154 2013 Ei
170 1998 233 2020 super
249 1993 300 2014 iciu-

116 2029 159 2045 nun

130 2285 155 2306 Et
168 2285 301 2307 absolutione

118 2317 139 2337 in
159 2316 303 2337 confessioni-

117 2348 245 2369 bnsdandaa
254 2353 303 2369 cen-

118 2380 182 2405 surim

356 2631 366 2656 ¹
390 2631 468 2657 Forte
485 2633 598 2656 uniendo
615 2630 655 2656 vel
675 2633 809 2657 ‹tivictemlo
821 2631 859 2663 (n.
877 2632 918 2667 T)

398 2674 471 2703 Ball.
491 2673 566 2705 Rom.
588 2673 642 2704 Vol.
665 2673 707 2703 Vl.
912 2675 944 2705 21

958 244 1098 267 <meums-
1122 244 1162 267 ru
1189 245 1234 267 rr.
1770 238 1820 269 ’11ῖὲ

1120 297 1318 340 dulycnli'mn
1328 302 1387 330 etc.
1398 298 1555 331 hominm·
1565 303 1670 332 noster
1678 300 1767 332 Iesus
1777 300 1873 333 Chri-

1119 354 1185 383 stus
1207 355 1234 383 te
1254 351 1413 391 absoluat,
1436 355 1465 384 et
1484 362 1537 395 eqo
1560 353 1752 385 anctoritate
1766 353 1872 396 Ipsius

1119 408 1147 435 et
1173 404 1333 437 beatorum
1356 406 1569 448 apostolorum
1595 406 1688 438 Petri
1706 410 1735 439 et
1758 407 1869 446 Pauli,

1120 456 1203 488 milii
1223 458 1511 497 comessa,ahs0lv0
1533 461 1560 490 tc
1579 458 1618 490 ab
1637 459 1728 491 omni
1745 459 1870 492 vinculo

1118 510 1462 543 arcommunicationis
1484 511 1620 543 maioris
1648 511 1694 544 vel
1712 512 1868 549 minoris,

1116 563 1332 604 suspensionis
1341 567 1370 595 et
1380 564 1558 604 interdicti,
1570 568 1599 596 et
1609 563 1754 607 dispenso
1770 569 1866 598 tecum

1117 615 1149 646 sn
1179 616 1269 647 omni
1296 616 1555 659 irrcyularitate.
1584 628 1681 661 quam
1700 620 1868 661 quomodo-

1116 678 1246 710 cumque
1272 669 1460 709 incurristi,
1483 674 1513 703 et
1538 671 1670 704 restituo
1703 675 1730 704 te
1748 674 1869 705 ecmelis

1114 723 1326 754 sucrt‘mzenlis
1346 723 1506 756 Ecclesiae
1526 725 1701 768 mzr'onz'quc
1717 729 1746 758 et
1762 727 1868 768 parti-

1115 774 1273 815 cipationi
1291 775 1445 817 fidelium.
1478 776 1516 809 In
1546 778 1676 810 nominc
1704 778 1816 811 Patris
1839 784 1867 811 el

1116 826 1195 858 Filii
1221 831 1249 859 et
1277 827 1419 870 Spirilns
1446 828 1572 862 Sancti.
1594 830 1710 863 Amen.
1734 832 1864 869 lterum,

1114 879 1225 911 eadem
1246 881 1449 921 auctoritate,
1472 887 1544 923 eta,
1568 894 1627 926 per
1646 884 1722 917 alias
1727 911 1849 918 .........
1858 912 1865 926 ,

1113 937 1239 965 nostras
1259 933 1291 965 in
1309 934 1412 967 forma
1432 935 1535 968 brevis
1555 937 1674 976 literas,
1698 938 1735 970 ad
1756 938 1817 972 hoc
1832 945 1868 972 ut

1113 985 1197 1018 dicta
1218 987 1320 1019 forma
1336 987 1367 1020 in
1385 988 1654 1030 absolutionibus,
1678 1001 1742 1024 non
1762 993 1865 1025 solum

1113 1049 1188 1071 cum
1217 1040 1458 1081 sacerdotibus,
1489 1042 1542 1074 sed
1573 1043 1668 1075 etiam
1695 1055 1768 1076 cum
1796 1046 1865 1078 aliis

1112 1092 1238 1125 clericis
1249 1098 1277 1125 et
1289 1093 1379 1127 laicis
1393 1100 1515 1128 vestrae
1536 1097 1792 1140 congregationis
1807 1110 1865 1142 pro

1112 1150 1258 1189 tempore
1281 1146 1508 1189 existentibus,
1530 1149 1617 1182 vobis
1637 1161 1696 1193 pro
1719 1155 1865 1196 tempore.

1112 1199 1359 1240 confitentibus,
1382 1201 1428 1233 uti
1449 1202 1597 1246 possetis,
1615 1203 1816 1237 extendimus
1836 1212 1861 1239 et

1111 1252 1346 1296 ampliavinius,
1360 1255 1550 1289 auctoritate
1568 1257 1784 1300 apostolicain
1795 1270 1865 1303 per-

1111 1310 1245 1350 petuum
1267 1308 1486 1341 concessimus
1506 1315 1535 1342 et
1553 1310 1860 1355 indulsimus,prout

1110 1359 1142 1391 111
1164 1359 1225 1392 11115
1246 1360 1373 1404 plenius
1395 1362 1591 1396 continetur.

1154 1413 1168 1456 ἐ
1189 1413 1220 1447 5.
1244 1413 1323 1446 Cum
1344 1420 1465 1456 autem,
1488 1416 1571 1449 sicut
1591 1418 1684 1450 nobis
1694 1429 1800 1463 nuper
1810 1431 1863 1453 ex-

1111 1465 1186 1510 poni
1210 1466 1342 1508 fecistis,
1365 1479 1423 1512 pro
1445 1470 1698 1512 praemissorum
1717 1472 1864 1506 omnium

1109 1519 1313 1553 subsistentia
1329 1521 1477 1563 firmiori,
1490 1534 1526 1555 ea
1540 1523 1649 1556 omnia
1663 1536 1722 1569 per
1742 1536 1798 1559 nos
1814 1527 1863 1559 in-

1109 1573 1216 1606 novari
1227 1579 1255 1606 et
1264 1576 1420 1607 nonnulla
1429 1576 1503 1617 alia,
1515 1588 1574 1621 pro
1584 1578 1667 1610 felici
1678 1579 1863 1614 huiusmodi

1108 1627 1202 1660 vestri
1222 1629 1380 1673 propositi
1402 1628 1592 1670 directione,
1615 1633 1711 1665 statui
1726 1639 1757 1666 et
1776 1634 1863 1666 ordi-

1108 1680 1177 1713 nari
1194 1681 1342 1725 cupiatis,
1362 1687 1392 1715 ct
1404 1689 1576 1728 propterea
1589 1684 1681 1718 nobis
1697 1686 1865 1720 humiliter

1108 1735 1285 1778 supplicari
1306 1736 1445 1770 feceritis
1467 1742 1501 1770 ut
1519 1738 1608 1771 vobis
1624 1750 1722 1783 super
1740 1740 1786 1773 eis
1808 1752 1863 1786 op-

1108 1794 1246 1831 portune
1266 1789 1434 1832 providere
1455 1791 1493 1823 de
1519 1791 1715 1834 benignitate
1736 1799 1863 1838 aposto-

1109 1841 1169 1874 lica
1177 1841 1394 1885 dignaremur.
1405 1844 1478 1885 Nos,
1488 1844 1543 1888 qui
1551 1845 1696 1879 fidelium
1703 1848 1861 1885 omnium,

1109 1900 1135 1927 et
1160 1896 1350 1939 praesertim
1371 1896 1430 1929 sub
1454 1903 1662 1942 paupertate,
1682 1899 1862 1935 obedientia

1109 1953 1136 1981 et
1155 1948 1298 1981 castitate
1319 1949 1481 1983 Altissimo
1502 1950 1748 1994 tamulantium,
1768 1955 1861 1991 votis,

1109 2007 1265 2045 quantum
1282 2013 1356 2035 cum
1372 2003 1436 2036 Deo
1453 2014 1639 2047 possumus,
1652 2005 1791 2040 libenter
1806 2019 1863 2041 an-

1109 2055 1252 2096 nuimus,
1275 2062 1417 2089 vestrum
1437 2056 1620 2091 institutum
1641 2060 1863 2103 plurimumiu

1108 2109 1244 2142 Domino
1270 2110 1532 2145 commendantes
1564 2116 1595 2145 et
1626 2114 1861 2158 approbantes,

1108 2162 1219 2195 vestris
1231 2162 1262 2194 in
1277 2163 1336 2195 bac
1357 2168 1447 2206 parte
1468 2164 1863 2209 supplicationibusincli-

1109 2215 1187 2255 nati,
1210 2216 1386 2260 praemissa
1407 2218 1515 2251 omnia
1542 2229 1580 2251 ac
1604 2218 1666 2253 alia
1684 2230 1862 2264 quaecum-

1109 2280 1171 2312 que
1196 2280 1254 2313 per
1274 2280 1331 2302 nos
1349 2270 1439 2304 vobis
1458 2271 1617 2306 hactenus
1637 2285 1789 2308 concessa
1812 2276 1861 2308 in—

1111 2334 1284 2360 novamus:
1308 2324 1484 2368 vestrisque
1504 2325 1567 2370 piis
1585 2327 1666 2360 votis
1686 2333 1717 2361 et
1736 2329 1862 2362 deside-

1110 2377 1177 2415 riis,
1200 2387 1282 2420 quae
1298 2377 1383 2410 circa
1403 2378 1607 2424 infrascripta
1622 2380 1730 2414 omnia
1750 2386 1778 2414 et
1796 2381 1860 2415 sin-

1110 2432 1183 2471 gula
1204 2431 1323 2464 habere
1342 2432 1435 2465 nobis
1458 2433 1572 2476 exponi
1594 2434 1724 2475 fecistis,
1747 2441 1782 2468 nt
1801 2436 1860 2468 sub

1111 2486 1218 2512 nostra
1233 2486 1259 2513 et
1284 2480 1382 2513 huius
1402 2487 1529 2515 sanctae
1547 2483 1637 2516 Sedis
1659 2484 1860 2527 Apostolicau*

1110 2529 1239 2572 speciali
1260 2530 1460 2574 protectione
1477 2536 1508 2564 et
1522 2532 1636 2565 humili
1647 2533 1857 2568 subiectione,

1110 2578 1149 2610 ab
1169 2579 1256 2612 omni
1286 2579 1349 2612 alio
1373 2580 1540 2624 superiore
1568 2582 1694 2624 penitus
1719 2581 1808 2615 liberi
1830 2589 1856 2612 ιν·

1111 2628 1261 2672 exempti,
1289 2629 1347 2661 soli
1367 2629 1510 2662 Romano
1531 2629 1677 2663 Pontifici
1706 2631 1858 2665 canonia„-

1886 247 1934 274 An.
1955 246 1982 272 C.
2002 246 2068 274 1:257.

1892 1437 1916 1458 Et
1934 1438 1993 1457 murto
2013 1444 2063 1465 pra?-

1878 1470 1934 1489 dictu
1945 1470 2061 1490 confirmat.

1879 1503 1901 1521 et
1917 1499 1941 1520 ab
1957 1500 2011 1519 owni
2025 1505 2062 1519 su-

1879 1532 2002 1558 pertorttite
2013 1537 2064 1551 ron-

1879 1563 2022 1588 {negationem
2037 1567 2061 1582 e<

1879 1591 1944 1610 nimii.
