2227 3001
73 280 122 306 An.
139 278 169 305 C.
190 275 252 306 155t

93 2222 137 2242 nati
149 2224 263 2249 exequuto-

79 2259 113 2274 res
128 2254 200 2275 barum
215 2254 265 2274 laie-

80 2290 156 2305 rurum.

920 269 1023 295 IULIUS
1047 269 1081 292 111
1107 268 1154 291 PP.

268 330 388 363 tiarum
411 326 598 361 huiusmodi
634 325 755 369 aliquid
781 326 820 359 de
851 326 934 358 sacto
972 332 1029 367 per

269 383 350 417 viam
371 381 536 416 electionis
555 381 603 414 vel
625 379 847 424 postulationis
862 389 919 412 scu
939 378 1027 418 alias,

269 437 445 471 decedente
479 445 537 479 pro
571 439 717 478 tempore
739 445 814 476 rege
835 438 890 466 aut
917 433 1026 476 regina

270 500 445 534 regnorum
477 488 679 527 huiusmodi,
702 493 857 521 attentare
893 498 1027 530 praesu-

270 549 374 584 mant,
398 553 456 576 nos
476 543 515 576 ab
532 542 651 575 eisdem
669 541 947 586 praeceptoribus,
967 542 1026 574 mi-

269 597 380 631 litibus
406 602 436 630 et
456 597 609 630 fratribus
635 607 730 629 omne
757 596 806 629 ius
841 603 871 629 et
897 606 1026 628 omnem

269 652 430 685 actionem
452 657 483 684 et
502 656 693 695 potestatem
718 650 857 690 eligendi
884 650 933 682 vel
969 660 1027 693 po-

270 705 411 739 stulandi
443 704 585 748 aliquem
614 705 647 737 in
674 704 864 747 magistrum
890 703 1028 736 alicuius

271 769 308 793 ex
329 758 450 792 militiis
479 757 685 797 huiusmodi,
714 758 762 790 vel
783 757 903 790 eisdem
924 756 1025 799 mapi—

271 812 422 846 stratibus
448 812 487 845 de
514 812 674 852 magistris
704 817 759 844 aut
787 811 1026 843 administrato-

271 866 362 900 ribus
382 865 547 911 perpetuis
572 865 817 910 quomodolibet
838 863 1026 908 providendi

272 919 400 964 penitus
421 925 451 952 et
471 919 604 953 omnino
624 919 780 958 tollimus,
803 917 981 950 auferimus
998 922 1027 948 et

269 972 471 1012 abdicamus;
489 972 632 1016 ipsisque
650 970 928 1015 praeceptoribus,
948 970 1028 1002 miti-

269 1027 355 1060 tibus
375 1032 406 1060 et
426 1026 591 1067 fratribus,
606 1026 665 1059 sub
683 1024 1028 1059 excommunicationis

268 1080 351 1113 latae
371 1080 547 1113 sententiae
568 1084 598 1112 et
626 1078 810 1122 privationis
836 1082 1027 1121 praecepto-

269 1133 394 1166 riarum
414 1144 450 1166 ac
471 1133 612 1165 aliorum
638 1131 874 1164 beneficiorum
905 1135 935 1162 et
956 1130 1027 1162 osti-

271 1186 397 1220 ciorum
424 1185 738 1224 ecclesiasticorum,
761 1195 844 1227 quae
866 1194 924 1227 pro
946 1188 1026 1215 tem-

273 1251 351 1284 pore
372 1240 576 1279 obtinebunt,
607 1249 734 1271 necnon
755 1237 949 1282 pensionum
970 1248 1026 1269 au-

272 1303 424 1333 nuarum,
438 1304 518 1336 quas
539 1303 597 1336 pro
617 1297 764 1335 tempore
785 1290 975 1335 percipient,
992 1300 1026 1321 ae

272 1346 481 1379 inhabilitatis
496 1346 535 1378 ad
552 1346 606 1378 illa
622 1351 651 1378 et
669 1345 750 1385 illas,
768 1355 803 1376 ac
820 1343 881 1376 alia
898 1349 927 1375 et
950 1343 1028 1375 alias

272 1399 304 1433 in
325 1405 492 1445 posterum
521 1399 712 1432 obtinendas
733 1403 760 1431 et
784 1397 1025 1442 percipiendw,

271 1465 308 1487 ac
328 1455 399 1488 aliis
424 1453 650 1488 ecclesiasticis
680 1452 858 1491 sententiis,
881 1452 1029 1484 censuris

272 1512 302 1541 et
323 1508 445 1552 poenis,
467 1519 525 1552 per
545 1506 822 1541 contravenientes
834 1516 872 1538 eo
893 1505 962 1549 ipso
984 1506 1030 1537 is,-

273 1562 462 1603 curremtis,
485 1572 525 1594 ne
546 1561 584 1594 de
609 1567 717 1594 cetero
746 1560 886 1603 aliquem
909 1558 940 1591 in
962 1569 1028 1590 ma-

273 1614 410 1658 gistrum
444 1615 583 1648 alicuius
617 1625 653 1647 ex
688 1613 810 1646 militiis
843 1611 1029 1645 huiusmodi

275 1668 393 1712 eligere
414 1669 461 1702 vel
482 1668 660 1712 postulare,
682 1673 737 1700 aut
757 1667 795 1699 de
815 1666 964 1709 eligendo
983 1667 1030 1699 vel

275 1722 469 1767 postulando
490 1722 602 1765 quovis
622 1721 717 1754 medo
738 1726 875 1754 tractare
893 1721 1029 1753 audeant

276 1776 323 1810 vel
354 1782 564 1820 praesumant
608 1775 785 1809 districtius
834 1775 1030 1815 inhibemus,

276 1830 512 1863 absolutionem
531 1841 658 1870 eorum,
681 1829 736 1873 qui
752 1829 938 1867 sententias,
960 1840 1033 1861 ceu-

276 1894 368 1917 suras
388 1889 419 1917 et
436 1895 555 1928 poenas
573 1883 754 1927 praedictas
770 1882 979 1921 incurrerim,
998 1894 1032 1914 ac

276 1948 390 1971 earum
423 1938 654 1971 relaxationem
689 1937 780 1969 nobis
811 1942 842 1969 et
868 1947 1032 1969 success·-

276 1991 367 2025 ribus
387 1991 504 2025 nostris
529 1991 681 2024 Romanis
706 1990 916 2023 Pontificibus
936 2001 1033 2023 eanu-

277 2045 349 2078 nice
378 2045 572 2078 intrantibus
607 2044 790 2088 specialiter
823 2050 850 2077 et
887 2054 1034 2087 expres->e

279 2104 490 2132 reservantes.

323 2152 338 2196 ἓ
362 2152 393 2185 8.
422 2151 580 2191 Quocirca
612 2151 851 2184 veneralfilibus
885 2150 1035 2182 sratribrs

279 2206 396 2239 nostris
416 2205 620 2239 L’lisboiiensi
636 2210 664 2238 et
683 2204 837 2237 Eborensi
855 2209 883 2237 et
900 2203 1000 2236 Bracb
1015 2216 1035 2235 ¹.-

279 2251 365 2293 renssi
377 2259 630 2304 archiepiscopis
645 2270 704 2303 per
715 2258 891 2302 apostoliea
907 2257 1035 2301 scripti,

282 2319 371 2347 uiotu
387 2313 495 2354 simili,
515 2313 707 2346 mandamus
722 2318 882 2356 quatenus
898 2311 970 2355 ipsi,
990 2323 999 2342 i
1020 2312 1035 2343 =l

281 2367 344 2401 duo
366 2373 421 2400 aut
448 2378 533 2400 unus
559 2378 683 2407 eorum,
721 2377 778 2409 pei·
803 2378 834 2399 se
862 2365 909 2397 vel
937 2365 1035 2397 aliu-u

282 2432 338 2455 scu
355 2421 446 2461 alios,
464 2427 649 2465 praesentes
664 2421 773 2453 literas
793 2425 822 2453 et
844 2420 876 2452 iu
897 2419 942 2451 eis
963 2430 998 2451 eu
1017 2432 1036 2449 :-

284 2480 368 2508 tenta
395 2486 639 2519 quaecumque,
666 2474 722 2506 ubi
748 2479 778 2507 et
798 2473 928 2517 quaudo
955 2483 1005 2515 op:
1025 2484 1037 2504 s

284 2524 392 2565 suerit,
424 2535 461 2556 ae
491 2524 618 2568 quoties
647 2534 706 2567 pro
731 2531 821 2567 parte
854 2522 982 2555 loannis
1008 2528 1035 2553 ÷=t

283 2585 343 2618 pro
370 2579 517 2617 tempore
546 2572 707 2606 existentis
737 2572 821 2615 regis
851 2577 879 2604 et
908 2571 1037 2614 reginst-

283 2623 471 2656 huiusmodi
492 2623 631 2667 desuper
651 2622 771 2654 suerint
791 2620 952 2663 requisiti,
987 2632 999 2653 s
1027 2639 1038 2643 -

285 2672 436 2705 let‘nniter
457 2672 670 2716 publicantes,
695 2671 725 2703 in
739 2671 839 2714 iisque
857 2669 1031 2713 praemis.-

1055 2699 1065 2730 t

1712 250 1769 284 451

1069 319 1209 353 efficacis
1229 315 1422 351 defensionis
1443 313 1602 359 praesidio
1623 313 1817 353 assistentes,

1070 373 1259 407 auctoritate
1289 376 1396 404 nostra
1424 369 1541 402 saciant
1569 367 1672 401 eidem
1695 366 1817 405 Ioanni,

1070 434 1100 461 et
1129 439 1188 473 pro
1216 433 1361 470 tempore
1390 423 1535 458 existenti
1555 422 1769 465 portugalliae
1791 426 1821 455 et.

1071 481 1294 520 Alani-bierunt
1316 479 1383 522 regi
1404 484 1434 512 et
1454 478 1601 520 reginae,
1630 487 1667 509 ac
1696 476 1821 509 dilectis

1070 535 1143 568 tiliis
1160 534 1387 574 conventibus,
1418 532 1601 576 prioribus,
1629 536 1820 574 praecepto-

1070 590 1170 629 ribus,
1204 588 1355 621 fratribus
1375 593 1403 620 et
1426 586 1581 619 militibus
1605 584 1822 618 obedientiam

1070 650 1099 675 et
1121 642 1330 674 remanentiam
1353 640 1474 673 debitas
1490 645 1520 673 et
1536 639 1675 679 devotas,
1695 648 1823 672 necnon

1069 706 1086 727 a
1103 696 1242 728 vassallis
1257 701 1287 728 et
1307 695 1377 727 aliis
1398 693 1532 727 subditis
1552 692 1739 725 militiarum
1760 691 1822 724 hu-

1070 749 1208 782 iusmodi
1230 754 1383 781 consueta
1408 747 1533 780 servitia
1555 752 1585 779 et
1606 747 1675 779 iura
1696 745 1756 778 sibi
1784 744 1823 778 ab

1069 803 1115 836 eis
1135 802 1240 835 debita
1257 802 1378 844 integre
1395 800 1552 840 exhiberi,
1568 800 1718 843 ipsosque
1734 799 1824 832 Ioan-

1069 868 1141 890 nem
1164 862 1192 889 et
1214 867 1272 900 pro
1294 861 1439 899 tempore
1461 855 1647 887 existentem
1670 863 1777 896 regem
1795 858 1825 886 et

1070 911 1213 953 reginam
1253 909 1291 941 ad
1326 908 1530 951 magistratus
1562 907 1762 951 praedictos,
1790 911 1826 939 ut

1070 970 1113 996 est
1137 963 1247 1003 moris,
1270 962 1406 1000 admitti,
1429 961 1555 1004 sibique
1572 960 1610 993 de
1628 960 1757 993 illorum
1780 959 1825 992 iu-

1071 1017 1154 1050 rium
1175 1021 1206 1049 et
1232 1015 1517 1059 pertinentiarum,
1541 1025 1576 1046 ae
1602 1013 1825 1046 membrorum

1070 1080 1204 1103 suorum
1226 1069 1371 1102 omnium
1399 1068 1557 1101 fructibus
1582 1072 1611 1100 et
1632 1066 1823 1105 redditibus,

1070 1123 1291 1167 proventibus,
1306 1122 1432 1154 iuribus
1448 1127 1475 1153 et
1494 1119 1740 1153 obventionibus
1755 1118 1827 1152 uni-

1069 1176 1167 1209 versis
1194 1177 1318 1219 integre
1346 1174 1548 1218 responderi3
1571 1173 1826 1207 contradictores

1070 1231 1228 1273 quoslibet
1257 1235 1287 1263 et
1307 1230 1463 1268 rebelles,
1487 1229 1582 1262 ctiam
1604 1239 1662 1272 per
1688 1227 1825 1271 quasvis,

1070 1284 1108 1316 de
1129 1284 1248 1327 quibus
1267 1283 1313 1315 eis
1332 1282 1503 1326 placuerit,
1534 1280 1719 1321 sententias,
1750 1290 1825 1313 cen·

1070 1343 1162 1365 suras
1183 1339 1211 1365 et
1232 1343 1355 1376 poenas
1375 1331 1608 1364 ecclesiasticas
1629 1341 1665 1363 ae
1686 1330 1747 1362 alia
1767 1340 1826 1372 op-

1071 1388 1210 1426 portuna
1235 1382 1315 1415 iuris
1336 1381 1489 1417 remedia,
1512 1379 1729 1424 appellatione
1740 1384 1826 1423 post-

1048 1445 1050 1452 *
1072 1432 1184 1474 posita,
1217 1430 1467 1474 compescendo,
1490 1440 1525 1462 ac
1552 1428 1702 1471 legitimis
1730 1437 1829 1472 super

1071 1481 1109 1512 iis
1128 1479 1284 1512 habendis
1306 1478 1434 1512 servatis
1456 1478 1674 1522 processibus,
1697 1482 1828 1510 senten-

1072 1529 1142 1567 tias,
1173 1539 1328 1562 censuras
1352 1534 1382 1561 et
1404 1538 1525 1571 poenas
1546 1527 1631 1571 ipsas
1651 1526 1747 1560 etiam
1769 1525 1829 1559 ite-

1072 1579 1149 1611 ratis
1168 1578 1292 1611 vieibus
1320 1577 1541 1621 aggravando,
1564 1576 1711 1609 invocato
1732 1575 1829 1609 etiam

1072 1627 1112 1660 ad
1145 1627 1219 1667 boc,
1246 1626 1271 1660 si
1292 1637 1374 1670 opus
1408 1626 1516 1667 suerit,
1552 1625 1670 1658 auxilio
1704 1624 1829 1658 brachii

1073 1676 1259 1710 saecularis.

1117 1726 1132 1769 ξ
1152 1725 1182 1759 9.
1205 1726 1274 1758 Non
1300 1724 1501 1758 obstantibus
1521 1729 1641 1763 nostra,
1657 1734 1716 1767 per
1732 1733 1830 1767 quarn

1074 1776 1210 1815 duflum,
1225 1775 1307 1808 inter
1322 1776 1394 1815 alia,
1409 1774 1569 1807 voluimus
1585 1774 1671 1818 quod
1688 1779 1831 1817 petentes

1075 1825 1232 1859 beneficia
1252 1824 1468 1858 ecclesiastica
1480 1824 1550 1857 aliis
1567 1823 1664 1863 uniri⁷
1685 1829 1833 1856 teneren-

1075 1881 1128 1909 tur
1139 1886 1250 1908 verum
1269 1885 1415 1907 annuum
1431 1874 1570 1907 valorem
1589 1873 1600 1895 ¹
1623 1873 1719 1906 etiam
1734 1872 1832 1906 bene-

1076 1925 1141 1958 ficii
1178 1924 1230 1957 cui
1251 1924 1338 1956 aliud
1360 1923 1445 1956 uniri
1472 1928 1657 1967 peteretur,
1688 1921 1834 1966 alioquin

1078 1974 1153 2007 unio
1182 1985 1245 2007 non
1273 1974 1414 2011 valeret,
1437 1979 1467 2005 et
1494 1983 1624 2016 semper
1658 1971 1834 2004 unionibus

1078 2022 1258 2056 commissis
1269 2024 1359 2055 tieret
1368 2021 1384 2045 2
1394 2022 1433 2054 ad
1442 2027 1558 2066 parteS,
1568 2020 1834 2064 vocatisquoruui

1079 2073 1257 2111 interesset;
1279 2077 1310 2105 et
1334 2071 1555 2104 Laterauensis
1581 2069 1710 2104 concilii
1733 2069 1836 2102 novis-

1078 2121 1155 2154 sime
1184 2120 1336 2154 celebrati
1357 2120 1493 2153 uniones
1519 2124 1700 2164 perpetuas,
1722 2118 1782 2151 nisi
1803 2118 1836 2150 in

1079 2171 1205 2204 casibus
1225 2182 1242 2203 a
1263 2171 1332 2203 iure
1346 2169 1519 2213 permissis,
1533 2169 1603 2202 fieri
1621 2168 1833 2212 prohibentis,

1079 2231 1205 2254 necnon
1252 2220 1353 2253 felicis
1396 2218 1630 2252 recordationis
1679 2217 1834 2251 Bonisacii

1080 2271 1181 2314 Papae
1202 2270 1282 2307 VIII,
1313 2267 1570 2313 praedecessoris
1595 2267 1715 2308 nostri,
1738 2266 1835 2300 etlam

1079 2331 1141 2363 qua
1162 2325 1372 2364 praecavetur
1396 2329 1434 2351 ne
1455 2318 1528 2362 quis
1557 2323 1644 2350 extra
1669 2327 1761 2350 suam
1787 2316 1831 2349 ei-

1079 2369 1205 2401 vitatem
1218 2367 1444 2407 etdioecesim,
1457 2366 1517 2399 nisi
1530 2367 1561 2399 in
1581 2366 1677 2399 certis
1696 2365 1836 2408 exceptis

1081 2418 1218 2458 casibus,
1249 2423 1279 2450 et
1298 2418 1330 2450 in
1352 2416 1413 2449 illis
1438 2417 1522 2450 ultra
1542 2427 1639 2448 unam
1662 2415 1798 2448 diaetam
1819 2425 1837 2446 a

1082 2468 1144 2501 fine
1165 2478 1240 2501 suae
1261 2466 1417 2500 dioecesis
1434 2466 1473 2498 ad
1494 2465 1649 2498 iudicium
1672 2469 1835 2504 evocetur;

1081 2528 1137 2550 seu
1159 2527 1198 2550 ne
1220 2516 1341 2549 iudices
1361 2527 1379 2548 a
1399 2515 1479 2549 Sede
1496 2514 1657 2559 praedicta
1678 2512 1835 2557 deputati,

1081 2572 1168 2600 extra
1189 2565 1347 2599 civitatem
1369 2565 1416 2598 vel
1436 2564 1620 2604 dioecesim,
1642 2563 1673 2596 in
1694 2573 1757 2606 qua
1782 2562 1837 2595 de-

1120 2635 1127 2660 t
1144 2634 1221 2660 Deest
1241 2632 1330 2660 forsan
1352 2635 1503 2666 exprimere
1520 2634 1568 2666 Α(τι.
1587 2630 1637 2665 r).
1675 2631 1691 2656 2
1717 2630 1839 2665 Legimus

1081 2683 1104 2705 et
1123 2688 1201 2712 super
1218 2680 1359 2705 unianimes
1375 2680 1520 2704 continuam)
1536 2679 1577 2712 (ia
1600 2680 1606 2702 .’
1624 2680 1676 2704 Οἱς,
1696 2675 1734 2712 (a.
1753 2676 1801 2714 τ.).

1837 259 1884 284 An.
1904 257 2010 284 {21551

1858 1733 1975 1761 Derngauo
1990 1741 2030 1755 cen

1846 1769 1966 1788 [rariorum.
