2227 3001
133 235 184 264 An.
201 236 231 264 C.
251 235 319 265 1δίιο

378 227 443 261 292

333 289 552 329 dimissorum,
566 287 652 321 aliud
668 287 716 321 vel
728 287 800 327 alia,
815 286 917 320 simile
932 288 979 320 vel
999 287 1088 320 dissi-

333 341 421 381 mile,
434 346 489 374 aut
502 340 618 374 similia
633 341 681 374 vel
699 339 875 379 dissimilia,
891 339 1087 372 beneficium

331 394 379 426 vel
404 393 574 433 beneficia,
590 392 843 426 ecclesiasticum
870 392 918 424 vel
939 392 1087 425 ecclesia-

332 447 421 487 stica,
444 453 584 490 quatuor
604 447 767 479 dumtaxat
787 450 897 478 curata
926 456 982 478 seu
1010 445 1088 478 alias

331 499 467 533 invicem
504 498 757 542 incompatibilia
791 498 992 538 saecularia,
1032 503 1087 531 aut

331 562 405 585 curn
426 563 491 585 uno
515 553 562 584 vel
602 551 730 584 duobus
754 562 810 583 seu
835 551 938 584 tribus
960 562 997 583 ex
1022 551 1084 591 eis,

331 610 386 638 aut
405 605 526 648 absque
547 604 603 643 eis,
627 614 742 644 unum,
762 614 835 636 cum
854 615 932 636 cura
950 604 999 636 vel
1019 603 1086 637 sine

331 668 421 697 cura,
450 656 556 690 Sancti
578 656 739 689 Benedicti
766 657 813 689 vel
839 656 1008 699 Augustini
1032 662 1085 689 aut

330 710 470 743 cuiusvis
497 708 641 750 alterius,
665 708 761 741 etiam
784 708 1016 749 Cluniacensis,
1039 709 1086 742 Ci-

329 761 522 802 sterciensis,
544 761 872 794 Praemonstratensis
891 762 939 794 vel
960 762 1085 796 Fronti-

328 815 477 848 sebrandi
500 815 511 838 1
535 815 661 848 Ordinis
690 816 856 858 regulare,
879 825 1006 848 necnon
1028 816 1087 849 tria

327 869 388 902 alia
413 869 529 902 similia
561 870 610 902 vel
642 868 828 909 dissimilia,
861 869 921 902 sub
951 869 1086 913 singulis

326 923 430 955 tribus
446 922 536 956 tectis
565 933 848 966 quarumcumque
864 922 962 955 trium
984 924 1086 956 eccle-

327 975 447 1009 siarum
470 976 688 1015 consistentia,
706 975 853 1009 similiter
873 976 1030 1020 recipere.
1050 977 1084 1009 Et

327 1028 458 1063 insimul
478 1031 656 1063 saecularia
676 1030 708 1062 in
725 1030 866 1069 titulum,
885 1040 922 1062 ac
938 1031 1086 1072 regulare

327 1083 359 1115 in
381 1084 620 1121 commendam,
644 1083 703 1117 sub
730 1083 850 1116 eisdem
871 1083 963 1116 tectis
984 1084 1086 1117 consi-

326 1136 458 1176 stentia,
482 1136 506 1169 si
527 1137 658 1169 illorum
680 1136 805 1178 singula
827 1136 1036 1170 canonicatus
1056 1143 1085 1170 et

326 1190 528 1234 praebendae
562 1196 617 1223 aut
648 1190 782 1223 totidem
807 1189 988 1232 dignitates,
1011 1201 1085 1233 per-

327 1249 469 1282 sonatus,
506 1243 800 1277 administrationes
819 1244 867 1276 vel
893 1244 1009 1281 officia,
1047 1244 1085 1276 ad

325 1307 458 1336 annum,
469 1302 501 1329 ut
515 1296 741 1340 praemittitur,
759 1297 977 1340 computanda
994 1297 1086 1329 dum-

326 1354 428 1389 taxat;
451 1349 475 1382 si
495 1360 569 1382 vero
595 1350 657 1382 alia
679 1350 807 1389 fuerint,
829 1349 882 1382 illa
907 1360 943 1382 ac
965 1350 1085 1383 incom-

327 1402 470 1445 patibilia
486 1403 663 1436 saecularia
679 1413 806 1436 necnon
825 1403 973 1445 regulare
991 1403 1086 1436 bene.-

326 1455 400 1488 ficia
414 1455 614 1495 huiusmodi,
625 1456 802 1488 dummodo
812 1456 895 1488 inter
905 1455 957 1488 illa
966 1457 1084 1491 omnia,

326 1509 410 1541 ultra
422 1514 562 1551 quatuor
578 1508 849 1551 incompatibilia,
868 1514 896 1540 et
914 1508 997 1541 inter
1018 1509 1085 1552 ipsa

328 1561 581 1605 incompatibilia
590 1562 778 1601 saecularia,
790 1563 900 1605 plures
913 1573 1009 1605 quam
1022 1568 1086 1595 tres

326 1610 527 1653 parochiales
539 1610 693 1643 ecclesiae
714 1611 762 1642 vel
783 1616 1085 1654 earum'perpetuae

324 1658 472 1698 vicariac;
495 1670 530 1691 ac
545 1664 613 1702 post
628 1659 748 1691 dictum
765 1669 885 1691 annum
896 1659 955 1691 sub
965 1659 1084 1692 eisdem

325 1707 416 1739 tectis
424 1707 642 1747 consistentia,
658 1708 721 1740 duo
732 1707 940 1741 canonicatus
956 1713 983 1740 et
994 1719 1085 1751 prae-

324 1755 447 1789 bendae
458 1763 512 1790 aut
533 1757 663 1789 totidem
683 1757 864 1800 dignitates,
879 1762 1081 1800 personatus,

325 1804 618 1838 administrationes
650 1806 698 1837 vel
733 1805 838 1838 officia
872 1816 908 1837 ac
934 1806 1083 1848 regulare

325 1852 483 1886 beneficia
498 1854 684 1886 huiusmodi
702 1854 839 1897 dignitas
863 1855 1084 1887 conventualis

326 1912 382 1933 seu
403 1902 546 1935 officium
569 1903 740 1935 claustrale
757 1903 1023 1946 existant,quoad
1044 1903 1084 1935 vi-

326 1950 429 1982 xerint
440 1951 591 1989 retinere;
606 1962 742 1991 necnon,
756 1951 870 1984 debitis
880 1957 909 1984 et
922 1951 1084 1984 consuetis

326 1998 427 2042 ipsius
446 2000 605 2043 regularis
621 2000 770 2033 beneficii
791 2000 988 2044 supportatis
1004 2011 1083 2033 one-

326 2046 431 2088 ribus,
456 2048 494 2081 de
519 2049 656 2082 residuis
681 2049 767 2082 illius
787 2049 961 2089 fructibus,
980 2050 1083 2082 reddi-

325 2095 411 2129 tibus
426 2102 453 2129 et
466 2098 687 2141 proventibus,
705 2098 787 2131 sicut
803 2098 883 2131 illud
904 2098 936 2130 in
952 2098 1082 2131 titulum

326 2155 385 2187 pro
420 2150 564 2189 tempore
597 2147 778 2180 obtinentes
815 2148 853 2180 de
886 2147 949 2179 illis
973 2147 1082 2191 dispo-

326 2203 403 2226 nere
432 2199 463 2226 et
496 2195 646 2229 ordinare
681 2201 857 2240 potuerunt
891 2206 947 2230 seu
986 2195 1080 2228 etiam

326 2242 509 2276 debuerunt
542 2245 747 2287 (alienatione
781 2251 890 2278 tamen
923 2255 1082 2288 quorum-

326 2302 466 2335 cumque
493 2292 578 2326 illius
608 2294 770 2327 bonorum
803 2294 1019 2327 immobilium
1053 2300 1081 2327 et

325 2341 549 2384 preciosorum
571 2342 741 2374 mobilium
762 2343 807 2375 eis
832 2343 961 2386 penitus
982 2342 1081 2375 inter·

326 2389 439 2435 dicta),
470 2390 641 2434 disponere
674 2397 701 2424 et
730 2391 881 2424 ordinare
918 2392 1017 2424 libere
1052 2398 1080 2426 et

325 2437 411 2471 licite
435 2439 570 2472 valeant.
598 2439 754 2482 Quodque
779 2440 902 2472 ratione
928 2451 1082 2484 quorum-

326 2497 466 2530 cumque
505 2487 741 2521 beneficiorum
785 2489 1080 2522 ecclesiasticorum

362 2541 373 2566 ί
388 2541 594 2573 Fonetsebraan,
606 2540 695 2575 gallice
703 2542 912 2573 Fani-Errcintt,
922 2543 1079 2577 oppidulum

324 2579 423 2607 Galliae
439 2580 464 2606 in
481 2580 665 2615 Andegavensi
683 2581 818 2615 provincia
832 2602 839 2614 ‚
864 2582 906 2608 ubi
924 2583 1082 2617 percelebris

324 2623 382 2647 erat
400 2620 532 2656 virginum
549 2620 652 2648 abbatia
669 2622 705 2656 (n.
725 2621 774 2657 T.).

931 234 1112 259 BULLARIUM
1132 233 1285 258 Ronmmt

1129 291 1317 319 curatorum
1338 296 1394 318 seu
1415 285 1502 325 alias,
1528 294 1646 326 saerOS,
1671 285 1766 318 etiam
1791 295 1884 329 pres-

1128 338 1303 381 byteratus,
1326 339 1467 379 ordines,
1480 339 1576 372 etiam
1594 349 1631 372 ex
1652 344 1782 378 statuto,
1807 338 1882 371 fun-

1128 391 1268 431 datione,
1288 392 1537 432 consuetudine,
1557 391 1722 435 privilegio
1742 392 1790 424 vel
1806 391 1884 424 alias

1128 444 1376 487 requirentium,
1389 455 1446 488 per
1461 455 1516 478 eos
1531 451 1561 478 et
1577 456 1690 478 eorum
1707 445 1884 489 quemlibet

1128 508 1215 531 nunc
1235 503 1265 531 et
1286 509 1344 542 pro
1365 504 1511 542 tempore
1532 498 1750 539 obtentorum,
1778 509 1882 542 usque

1128 550 1166 583 ad
1182 551 1387 594 septennium
1409 562 1427 584 a
1446 551 1510 584 fine
1531 552 1606 584 anni
1626 563 1643 584 a
1660 552 1730 585 iure
1750 551 1884 596 praefixi

1128 604 1395 648 computandum,
1410 604 1448 636 ad
1465 604 1605 649 aliquem
1619 615 1655 638 ex
1664 604 1756 638 dictis
1771 605 1881 646 saeris,

1127 658 1223 690 etiam
1244 658 1493 702 presbyteratus,
1516 658 1684 691 ordinibus
1704 669 1736 691 se
1756 669 1885 703 promo-

1126 711 1190 744 veri
1212 711 1316 745 facere
1344 711 1476 744 minime
1503 716 1685 753 teneantur,
1712 722 1772 745 nec
1793 712 1832 745 ad
1852 711 1884 745 id

1126 775 1143 797 a
1163 775 1329 808 quoquam
1345 764 1433 797 inviti
1449 765 1600 809 compelli
1617 765 1739 809 possint
1759 765 1884 810 dispen-

1127 828 1246 851 samus.

1171 871 1185 915 g
1218 871 1271 903 ll.
1300 871 1453 914 Ipsosque
1484 871 1720 904 referendarios
1750 877 1779 905 et
1803 871 1884 905 alios

1128 924 1350 969 infrascriptos
1370 931 1398 958 et
1420 935 1533 957 eorum
1555 924 1711 967 singulos,
1734 925 1882 958 omnium

1127 988 1320 1020 regnorum,
1343 977 1563 1010 dominiorum
1585 983 1614 1011 et
1642 978 1882 1022 provinciarum

1128 1031 1287 1073 legitimos
1307 1036 1336 1064 et
1358 1032 1538 1071 naturales,
1568 1030 1610 1063 ita
1635 1031 1721 1075 quod
1741 1031 1813 1075 ipsi,
1834 1032 1883 1065 vel

1128 1090 1356 1127 procuratores
1369 1084 1417 1117 sui
1428 1085 1559 1117 illorum
1570 1083 1712 1124 nomine,
1722 1084 1754 1117 in
1763 1084 1881 1128 regnis,

1126 1137 1276 1171 dominiis
1304 1143 1334 1170 et
1360 1137 1533 1180 provinciis
1556 1137 1756 1177 huiusmodi,
1783 1148 1883 1181 quae-

1127 1201 1280 1233 cumque,
1317 1196 1538 1234 quotcumque
1568 1196 1598 1223 et
1631 1190 1884 1234 qualiacumque

1127 1243 1283 1276 beneficia
1304 1243 1532 1283 ecclesiastica,
1556 1254 1629 1277 cum
1657 1254 1735 1276 cura
1761 1249 1791 1277 et
1816 1244 1883 1277 sine

1127 1307 1216 1336 cura,
1245 1297 1424 1329 saecularia
1451 1302 1481 1329 et
1509 1297 1699 1340 quorumvis
1724 1296 1883 1330 Ordinum

1127 1350 1299 1391 regularia,
1314 1350 1421 1390 etiam,
1432 1356 1467 1382 ut
1478 1350 1671 1393 praefertur,
1684 1350 1880 1393 qualificata‚

1127 1402 1221 1435 etiam
1249 1403 1356 1446 vigore
1381 1403 1558 1446 gratiarum
1592 1402 1880 1447 expectativarum‚

1126 1456 1315 1498 specialium
1331 1456 1379 1488 vel
1395 1455 1596 1498 generalium
1612 1456 1881 1497 reservationum‚

1127 1508 1320 1552 illarumque
1337 1509 1561 1548 collationum,
1579 1509 1808 1550 mutationum,
1832 1520 1882 1543 ex-

1126 1563 1322 1603 tensionum,
1340 1563 1605 1596 revalidationum
1624 1573 1681 1606 per
1697 1573 1755 1596 nos
1771 1568 1801 1596 et
1812 1574 1882 1596 suc-

1126 1626 1269 1649 cessores
1290 1623 1416 1649 nostros
1440 1616 1604 1649 Romanos
1632 1615 1804 1649 Pontifices
1823 1626 1883 1660 pro

1126 1674 1271 1713 tempore
1297 1669 1466 1703 existentes
1490 1674 1521 1702 et
1545 1669 1658 1702 Sedem
1684 1669 1882 1712 praedictam

1125 1722 1170 1755 eis
1191 1733 1419 1756 concessarum
1434 1729 1463 1756 et
1481 1722 1773 1763 concedendarum,
1789 1733 1883 1756 acce-

1126 1780 1227 1819 ptare,
1251 1787 1287 1809 ac
1308 1776 1346 1809 de
1367 1775 1429 1808 illis
1449 1775 1508 1808 sibi
1529 1775 1691 1819 provideri
1706 1775 1828 1816 facere,
1852 1781 1882 1808 et

1125 1828 1190 1868 illa,
1214 1839 1250 1861 ac
1271 1829 1296 1861 si
1316 1839 1504 1872 regnorum,
1527 1828 1747 1861 dominiorum
1764 1834 1794 1861 et
1808 1839 1884 1873 pro-

1125 1881 1302 1914 vinciarum
1324 1880 1670 1914 eorumdem—oriundi
1695 1892 1732 1914 ac
1760 1881 1793 1914 in
1819 1881 1882 1914 illis

1125 1936 1189 1968 nati
1210 1941 1326 1975 essent,
1349 1935 1493 1979 recipere
1515 1940 1543 1968 et
1564 1935 1703 1968 retinere
1729 1934 1831 1969 libere
1851 1940 1883 1968 et

1124 1989 1209 2022 licite
1235 1990 1378 2030 valeant,
1407 1999 1576 2029 creamus,
1603 1988 1830 2021 constituimus
1850 1995 1881 2023 et

1125 2043 1330 2086 deputamus.

1168 2097 1182 2139 ἓ
1207 2096 1259 2128 12.
1287 2097 1331 2128 Ac
1362 2095 1482 2128 eisdem
1508 2095 1736 2128 referendariis
1759 2100 1790 2128 et
1809 2094 1881 2129 aliis

1124 2149 1334 2193 infrascriptis
1359 2160 1395 2182 ac
1416 2159 1529 2182 eorum
1550 2148 1684 2191 singulis
1703 2154 1750 2189 ut,
1773 2149 1879 2192 quoad

1123 2202 1266 2243 vixerint,
1288 2203 1320 2235 in
1341 2203 1425 2236 dicta
1445 2202 1541 2235 Curia
1556 2202 1604 2234 vel
1624 2201 1733 2245 aliquo
1754 2201 1879 2235 benefi-

1124 2255 1250 2289 ciorum
1289 2255 1602 2296 ecclesiasticorum,
1639 2266 1697 2299 per
1731 2266 1786 2289 eos
1818 2266 1878 2300 pro

1124 2314 1184 2341 tem
1191 2320 1269 2352 pore
1283 2310 1499 2348 obtentorum,
1513 2315 1567 2341 aut
1578 2308 1602 2341 si
1615 2308 1879 2353 contigeritipsos

1123 2373 1181 2406 per
1195 2374 1254 2396 nos
1270 2369 1299 2396 et
1315 2363 1498 2396 Romanum
1514 2362 1704 2396 Pontificem
1721 2373 1780 2407 pro
1796 2368 1879 2396 tem-

1124 2426 1201 2458 pore
1221 2416 1408 2450 existentem
1429 2416 1469 2448 ad
1489 2416 1630 2459 aliquem
1651 2416 1761 2449 locum
1781 2415 1878 2449 desti-

1122 2479 1210 2509 nare,
1229 2470 1261 2502 in
1279 2481 1316 2502 eo
1336 2470 1409 2502 loco
1430 2470 1610 2509 residendo,
1631 2475 1686 2503 aut
1710 2469 1879 2502 literarum

1121 2518 1246 2557 Studio,
1271 2518 1304 2551 in
1323 2518 1396 2551 loco
1417 2518 1472 2551 ubi
1492 2519 1573 2551 illud
1592 2519 1695 2562 vigeat
1714 2518 1876 2561 generale,

1121 2566 1306 2607 insistendo,
1323 2578 1436 2600 omnes
1451 2573 1481 2600 et
1493 2567 1637 2610 singulos
1652 2568 1789 2608 fructus,
1810 2567 1880 2600 red-

1121 2615 1205 2649 ditus
1225 2622 1255 2649 et
1274 2623 1448 2659 proventus
1468 2627 1753 2660 quorumcumque
1776 2615 1877 2650 bene-

1897 231 1949 259 Αη.
1966 231 1996 258 C.
2014 231 2082 259 15Βο

1911 885 1934 906 In
1951 886 2084 914 quibuscum-

1898 923 1938 945 que
1967 919 2083 944 provincii·

1897 949 2002 970 beneficia
2029 950 2084 970 reti-

1897 985 1950 1000 nere
1965 980 2048 1006 possint
2058 985 2083 1000 nc

1898 1011 1915 1031 si
1931 1011 1950 1031 in
1973 1011 2016 1031 illis
2040 1011 2083 1031 nait

1898 1044 1982 1062 essent.

1934 2107 2080 2129 Refer-naara

1894 2139 1995 2160 absentes
2005 2140 2082 2160 iussio-

1895 2177 1921 2191 ne
1929 2170 2038 2191 Pnntificis
2046 2173 2082 2190 aut

1894 2201 1958 2222 studii
1982 2201 2083 2222 occasio-

1893 2237 1928 2257 ne,
1946 2232 2027 2253 tructus
2041 2231 2083 2253 b·-

1893 2264 2018 2284 neficiorum
2032 2268 2083 2291 per-

1895 2295 1967 2322 cipere
1987 2294 2080 2316 utem.
