2227 3001
74 220 123 247 Αη.
141 221 170 247 C.
191 219 256 247 1557

86 487 134 508 Cum
149 487 257 509 abbatibus

74 521 194 546 reteri-que
213 521 257 540 di<-

73 555 147 577 pcnsal
169 558 180 571 a
205 558 258 578 qua-

72 587 160 608 cumque
179 583 257 607 iriegu-

73 612 162 635 laritste.
177 619 256 640 cosque

73 645 97 664 ad
121 651 255 671 quaet'llnlqllss

73 676 185 700 beneficia,
195 676 255 696 babi-

72 706 118 726 litut
130 708 191 727 etiam
207 712 255 727 sae-

72 738 158 757 culnia.

915 214 1032 238 mrLUS
1056 214 1090 238 111
1115 214 1162 238 Pr.

272 269 560 303 ecclesiasticarum
581 267 772 306 adiectione,
786 269 936 313 compelli
950 280 1023 313 pos-

274 324 348 363 sint,
371 324 499 367 plenam
522 328 552 355 et
567 322 702 354 liberam
724 323 908 355 facultatem
921 328 947 355 ct
971 334 1025 355 au-

274 377 453 410 ctoritatem
480 375 689 408 concedimus
705 386 762 418 per
784 382 976 419 praesentes.

317 431 331 473 §
356 429 408 463 023.
428 429 558 462 Necnon
574 429 720 461 abbatem
734 434 761 461 et
776 440 928 463 monacos
941 440 1024 473 prae-

274 484 353 516 fatos
399 489 429 516 et
460 493 574 515 eorum
604 482 767 525 singulos,
792 484 864 526 qui,
893 489 1026 527 propter

272 543 507 579 transgressum
556 536 777 569 institutorum
826 537 1024 577 regularium

273 590 530 634 praedictorum,
552 590 693 632 aliquam
718 591 896 633 apostasiae
916 596 1024 623 notam

271 643 911 687 siveirregularitatemautinhabilitatem
920 645 1027 677 forsan

272 697 481 734 incurrerint,
499 697 538 730 ab
550 697 737 730 huiusmodi
754 698 949 733 excessibus,
967 708 1026 729 nec

271 762 336 784 non
357 751 514 795 apostasia
536 757 564 784 et
585 751 750 794 quibusvis
766 750 1026 784 excommunica-

271 805 366 838 tionis
391 810 422 838 et
437 805 507 837 aliis
524 805 700 845 sententiis,
716 805 862 838 censuris
873 810 901 837 et
916 804 1027 848 poenis

271 858 510 898 ecclesiasticis,
533 870 628 902 quam
656 859 909 902 praemissorum
936 869 1027 891 occa-

271 912 360 945 sione
380 913 622 956 quomodolibet
659 912 879 948 incurrerint,
914 912 1025 944 eadem

271 965 463 999 auctoritate
483 972 511 998 et
533 965 753 1010 praesentium
790 971 899 997 tenore
920 965 1027 998 absol-

270 1019 394 1060 vimus,
418 1020 463 1053 sic
489 1031 564 1053 cum
585 1019 631 1052 eis
657 1030 754 1062 super
776 1018 1025 1061 irregularitate,

272 1074 416 1117 siquam,
430 1073 574 1107 censuris
590 1072 776 1105 huiusmodi
799 1072 896 1114 ligati,
917 1072 1029 1105 missas

273 1133 301 1160 et
322 1127 384 1160 alia
404 1127 509 1160 divina
529 1126 632 1160 officia
655 1126 861 1163 celebrando,
885 1130 939 1158 aut
952 1126 1029 1158 alias

273 1179 1027 1223 seimmiscendocontraxerint:quodquectiam

273 1235 370 1267 abbas
391 1234 576 1278 dignitates,
594 1238 803 1277 personatus:
826 1233 973 1266 canonici
1000 1239 1028 1266 et

274 1288 458 1332 cappellani
479 1298 724 1331 quaecumque,
748 1287 979 1331 quodcumque
1000 1293 1027 1320 ct

273 1342 536 1386 qualiacumque,
560 1352 634 1374 cum
652 1352 741 1381 cura,
756 1341 823 1373 sine
845 1352 941 1380 cura,
964 1352 1030 1373 sac-

275 1395 499 1436 cularia‚alias
511 1407 543 1429 se
565 1395 703 1428 invicem
724 1394 951 1437 compatientia
973 1395 1029 1428 bc-

275 1449 391 1483 neficia
407 1449 622 1482 ecclesiastica
636 1476 643 1486 ,
671 1448 795 1481 etiamsi
822 1448 1030 1481 canonicatus

275 1508 304 1536 et
326 1503 528 1547 praebendae
544 1508 600 1535 aut
625 1502 806 1545 dignitates,
826 1507 1027 1545 personatus,

274 1557 569 1590 administrationes
601 1557 649 1589 vel
670 1556 777 1589 officia
812 1556 842 1588 in
865 1556 1030 1589 cathedra-

275 1610 376 1649 libus,
399 1611 495 1644 ctiam
516 1609 789 1654 metropolitanis,
812 1616 881 1654 post
904 1610 1030 1653 pontili-

275 1666 359 1698 cales
398 1665 556 1702 maiores,
587 1675 643 1697 seu
680 1663 857 1706 collegiatis
887 1664 1030 1697 ecclesiis

275 1718 462 1751 huiusmodi
497 1718 692 1762 principales
723 1717 860 1755 suerint,
897 1717 921 1749 si
952 1718 1031 1750 alias

277 1772 431 1805 canonice
452 1773 661 1805 conserantur
689 1777 742 1804 aut
755 1771 934 1813 eligantur,
949 1782 1030 1815 prie-

276 1831 444 1859 sententur
463 1826 510 1859 vel
544 1825 622 1858 alias
643 1831 850 1857 assumantur
869 1825 907 1857 ad
927 1824 978 1857 illa
1001 1831 1026 1857 et

278 1879 526 1913 instituanturin
539 1879 595 1920 eis,
610 1879 705 1912 etiam
722 1885 791 1923 post
806 1878 1027 1911 reductionem

277 1933 476 1973 huiusmodi,
499 1944 535 1966 ac
551 1933 576 1965 si
594 1934 757 1976 regulares
784 1943 961 1975 numquam
983 1934 1029 1965 t'u-

277 1987 386 2028 issent,
401 1988 520 2030 absque
533 1987 594 2019 alia
608 1986 857 2031 dispensatione,
870 1986 1027 2029 recipere,

277 2046 305 2074 et
319 2042 383 2082 illa,
395 2052 522 2074 necnon
542 2052 780 2084 quaecumque,
800 2041 1029 2083 quodcumque

278 2101 306 2128 et
333 2095 584 2139 qualiacumque
607 2095 669 2127 alia
698 2094 855 2127 beneficia
876 2094 1029 2126 ecclesia-

278 2149 368 2189 stica,
392 2160 465 2182 cum
476 2155 591 2182 curaet
609 2148 676 2182 sine
693 2160 783 2189 cura,
803 2148 981 2181 saecularia
993 2159 1028 2180 ae

278 2202 433 2246 praedicti
453 2214 490 2236 ac
509 2202 697 2247 quorumvis
726 2202 883 2235 Ordinum
902 2202 1028 2245 regula-

277 2257 335 2298 ria,
350 2257 475 2290 etiamsi
495 2257 688 2297 saecularia,
711 2256 913 2300 parochiales
930 2256 1030 2288 eccle-

278 2311 342 2344 siae
362 2311 409 2344 vel
430 2322 541 2344 earum
576 2317 751 2355 perpetuae
767 2309 915 2350 vicariam
937 2320 1029 2352 regu-

278 2365 356 2398 laria
366 2376 441 2399 vero
448 2364 810 2404 beneficialmiusmodi,
823 2364 1027 2403 monasteria,

280 2419 460 2463 prioratus,
491 2418 752 2463 praepositurae,
779 2419 1028 2462 praepositatus,

279 2468 462 2509 dignitates,
471 2467 565 2500 ctiam
579 2468 815 2507 conventuales,
826 2472 1028 2510 personatus,

280 2517 572 2550 administrationes
583 2517 631 2549 vel
641 2516 756 2557 officia,
777 2521 840 2549 tam
852 2515 1030 2548 saecularia

280 2577 377 2610 quam
398 2566 571 2609 regularia,
591 2565 814 2599 consueverint
829 2565 885 2608 qui
907 2576 962 2608 per
971 2565 1031 2597 ele-

281 2616 419 2649 ctionem
447 2615 586 2656 assumi,
617 2615 727 2657 eisque
758 2626 834 2647 cura
864 2614 1027 2647 immineat

1709 202 1772 236 0245

1067 268 1269 307 animarum,
1299 277 1381 310 quae
1402 265 1519 308 singuli
1541 275 1654 298 corum
1683 266 1712 297 in
1734 266 1818 299 (licto

1067 322 1260 355 monasterio
1283 322 1330 353 vel
1360 320 1433 353 alibi
1449 347 1456 357 ,
1487 319 1582 352 ctiam
1604 319 1747 352 ecclesiis
1767 332 1819 353 ca-

1067 376 1276 414 thedralibus,
1303 375 1397 408 etiam
1425 373 1647 417 regularibus,
1668 373 1762 405 etiam
1784 385 1819 406 ex

1067 430 1231 473 quibusvis
1260 428 1523 462 concessionibus
1552 432 1579 459 ct
1614 426 1822 470 dispensatio-

1069 484 1163 516 nibus
1180 482 1375 526 apostolicis,
1390 482 1486 515 ctiam
1499 481 1652 514 natalium
1670 486 1701 513 et
1715 481 1819 513 {etatis

1068 548 1103 569 ac
1124 537 1195 570 aliis
1214 537 1475 580 quilmscumque
1493 534 1672 567 defectibus
1684 545 1748 566 non
1766 534 1822 567 ol·-

1069 591 1237 625 stantibus.
1270 590 1301 622 in
1322 589 1452 621 titulum
1481 594 1511 621 et.
1538 588 1763 621 commendam
1792 593 1819 619 et

1069 645 1147 677 alias
1167 644 1331 677 obtineant
1344 648 1375 675 et
1395 647 1572 686 aj=xpectcnt,
1591 652 1627 674 ac
1649 641 1681 673 in
1702 641 1821 685 quibus

1069 705 1096 731 et
1119 698 1158 731 ad
1178 708 1260 741 quae
1273 698 1321 730 ius
1338 696 1384 730 eis
1399 695 1819 739 quomodolibetcompetit,

1069 753 1189 795 absque
1219 762 1299 784 nova
1325 750 1507 794 provisione
1546 760 1603 783 seu
1630 749 1823 782 commenda

1070 812 1099 839 ct
1124 805 1333 849 possessionis
1353 804 1523 847 adeptione
1543 813 1666 847 percos
1685 803 1824 846 desuper

1072 859 1235 897 faciendis,
1245 864 1279 891 ut
1287 858 1388 902 prius,
1402 857 1508 901 quoad
1516 857 1660 897 vixerint,
1671 857 1822 894 retinere,

1071 915 1189 957 illaque
1209 913 1318 946 onmia
1330 918 1359 945 et
1375 912 1511 953 singula,
1530 911 1626 944 simul
1637 911 1684 944 vel
1696 922 1823 945 succes-

1071 968 1145 1008 sive,
1155 966 1346 1010 simpliciter
1355 966 1402 998 vel
1414 976 1451 997 ex
1460 964 1822 1008 causapermutationis,

1071 1021 1198 1064 quoties
1227 1020 1272 1053 eis
1292 1018 1462 1063 placuerit,
1485 1018 1644 1051 dimittere
1670 1022 1700 1051 ct
1720 1018 1823 1051 eidem

1072 1074 1282 1108 commendae
1299 1073 1426 1111 cedcre3
1445 1083 1481 1104 ac
1497 1072 1569 1104 loco
1582 1071 1705 1104 dimissi
1715 1071 1763 1104 vel
1775 1071 1823 1104 di-

1072 1129 1245 1162 missorum
1271 1127 1359 1160 aliud
1379 1127 1426 1159 vel
1451 1126 1533 1165 alia,
1561 1125 1665 1158 simile
1690 1126 1738 1158 vel
1760 1125 1824 1157 dis-

1071 1182 1187 1222 simile,
1209 1187 1263 1215 aut
1294 1180 1411 1214 similia
1448 1180 1498 1212 vel
1519 1178 1686 1211 dissimilia
1706 1178 1825 1211 benefi-

1072 1237 1159 1270 cium
1201 1236 1249 1269 vcl
1273 1234 1443 1273 beneficia,
1489 1232 1743 1265 ecclesiasticum
1776 1232 1825 1264 vel

1072 1290 1289 1323 ecclesiastica
1304 1298 1547 1333 quaecumque,
1561 1292 1781 1330 quotcumque
1798 1291 1827 1318 ct

1072 1340 1325 1384 qualiacumque
1337 1337 1515 1371 seinvicem
1528 1335 1765 1380 competentia¹
1785 1335 1826 1367 si-

1075 1389 1195 1422 militer
1202 1389 1347 1432 recipere
1360 1393 1402 1427 et,
1412 1392 1447 1419 ut
1459 1386 1650 1430 macsertur,
1673 1385 1825 1423 retinere;

1073 1449 1199 1471 necnon
1234 1447 1457 1482 quascumque
1492 1445 1664 1479 pensiones
1703 1444 1827 1467 annuas

1073 1499 1171 1531 super
1196 1486 1362 1531 quilmsvis
1392 1485 1567 1525 fructibus,
1595 1483 1774 1517 redditibus
1798 1487 1826 1515 et

1074 1538 1281 1581 proventibus
1306 1535 1530 1569 ecclesiasticis
1550 1534 1595 1567 eis
1622 1535 1729 1567 forsan
1749 1532 1827 1566 assi-

1073 1593 1194 1630 gnatas,
1216 1587 1325 1621 ctiam,
1348 1590 1381 1617 ut
1403 1585 1511 1629 prius,
1534 1583 1641 1628 quoad
1674 1582 1826 1619 vixerint,

1075 1637 1259 1680 percipere,
1283 1636 1409 1677 exigere
1430 1639 1460 1667 et
1488 1634 1612 1671 levare3
1634 1643 1671 1665 ac
1692 1631 1828 1675 quibus-

1073 1697 1213 1730 cumque
1257 1685 1366 1728 *gratiis
1398 1690 1426 1717 et
1463 1682 1754 1727 dispensationibus
1792 1692 1828 1713 ac

1073 1736 1204 1768 indultis
1219 1735 1278 1768 sibi
1299 1740 1329 1767 et
1352 1744 1465 1767 eorum
1493 1732 1622 1765 cuilibet
1652 1730 1828 1774 apostolica

1072 1785 1119 1817 vel
1140 1785 1201 1817 alia
1230 1783 1341 1827 quavis
1366 1781 1555 1815 auctoritate
1585 1779 1829 1825 quomodolibet

1073 1834 1228 1867 hactenus
1249 1833 1421 1870 concessis,
1436 1841 1563 1864 necnon
1581 1830 1685 1863 cidem
1703 1834 1827 1862 erectae

1073 1884 1226 1917 ccclesiae
1240 1883 1374 1916 acillius
1392 1881 1511 1918 abbati,
1526 1880 1680 1924 capitulo,
1701 1890 1827 1912 necnon

1072 1933 1242 1975 dignitates
1275 1938 1304 1965 et
1332 1936 1523 1974 personatus
1552 1940 1588 1962 ac
1616 1929 1827 1962 canonicatus

1072 1987 1101 2014 et
1122 1980 1411 2026 praebendasinibi
1433 1990 1492 2023 pro
1512 1984 1658 2022 tempore
1679 1978 1824 2011 obtinen-

1072 2031 1174 2071 tibus,
1197 2042 1323 2065 necnon
1345 2029 1496 2063 omnibus
1517 2034 1544 2062 ct
1571 2028 1706 2071 singulis
1726 2028 1824 2060 bene-

1073 2080 1186 2113 ficiatis
1206 2086 1237 2114 et
1256 2080 1325 2113 aliis
1340 2078 1487 2123 personis
1502 2089 1539 2111 ac
1560 2077 1712 2111 ministris
1724 2076 1826 2121 ipsius

1073 2130 1243 2170 ccclesiae,
1262 2130 1357 2163 etiam
1375 2133 1592 2173 protempore
1602 2126 1821 2163 existentibus,

1073 2180 1223 2212 omnibus
1240 2185 1266 2212 et
1289 2177 1621 2222 singulisprivilegiis,
1644 2176 1826 2209 immunita-

1073 2230 1169 2270 tibus,
1184 2229 1384 2261 libertatibus
1396 2227 1423 2268 2,
1437 2226 1677 2271 p1·aerogativiS‚
1693 2236 1825 2259 conces-

1073 2279 1217 2312 sionibus
1226 2283 1253 2312 et
1268 2277 1411 2319 indultis,
1422 2277 1540 2321 quibus
1550 2277 1631 2310 aliae
1639 2275 1825 2319 collegiatae

1073 2330 1226 2363 ccclesiae
1243 2329 1425 2362 saeculares
1436 2333 1465 2361 et
1486 2327 1617 2360 illorum
1632 2325 1773 2370 capitula
1789 2336 1825 2358 ac

1073 2379 1241 2423 dignitates
1251 2385 1281 2412 et
1295 2383 1486 2423 personatus
1503 2377 1683 2411 obtinentes
1700 2386 1825 2409 necnon

1074 2429 1219 2462 canonici
1244 2440 1281 2461 ac
1311 2427 1420 2461 clerici
1440 2426 1644 2467 beneficiati,
1668 2436 1824 2470 personae

1074 2484 1100 2511 et
1119 2477 1255 2511 ministri
1277 2478 1315 2511 de
1335 2478 1404 2510 iure
1419 2477 1466 2510 vel
1484 2474 1717 2509 consuetudine
1729 2479 1825 2507 utun·

1075 2534 1138 2569 tur,
1153 2528 1322 2572 potiuntur
1331 2533 1360 2560 et
1370 2526 1521 2570 gaudent,
1533 2525 1590 2566 uti,
1605 2524 1701 2569 potiri
1711 2530 1825 2566 etgau-

1110 2583 1120 2608 1
1141 2583 1332 2614 Compulientia
1348 2581 1412 2608 Gall.
1434 2580 1533 2607 Christ.
1551 2579 1590 2613 (a.
1608 2579 1658 2614 τ.).

1108 2624 1124 2649 2
1141 2624 1281 2648 Fut-oribus
1295 2621 1366 2648 addit
1387 2621 1416 2648 G.
1430 2621 1459 2648 C.
1476 2622 1516 2655 (a.
1536 2620 1587 2655 τ,).

1833 210 1882 237 An.
1900 210 1928 237 C.
1949 208 2017 236 ¹557
