2227 3001
206 260 254 287 An.
273 259 300 288 C.
325 259 390 288 1530

227 1171 280 1200 Syn:
293 1173 347 1193 catut
358 1174 399 1193 sta-

450 249 514 284 522

405 312 499 345 simul
519 322 556 345 ac
575 311 663 352 fient,
678 311 736 344 sub
748 309 859 343 eadem
875 319 978 353 poena
990 337 997 349 ,
1011 319 1093 353 quae
1108 308 1155 341 in-

404 365 557 404 ventaria,
574 376 632 409 pro
649 364 753 398 causis
771 362 994 396 criminalibus
1005 367 1059 395 aut
1079 361 1156 394 mix-

405 418 464 459 tis,
501 429 560 451 nec
589 417 684 451 scribi
705 427 763 449 nce
784 415 866 455 fieri,
890 415 984 448 etiam
1006 415 1043 448 de
1065 424 1155 447 man-

407 473 478 505 dato
501 471 687 515 superioris,
716 470 836 513 possint
857 469 896 501 ab
917 468 999 508 alio,
1022 478 1119 512 quam
1139 478 1156 500 a

408 525 572 570 praedicto
593 523 717 557 notario
744 528 775 556 et
797 522 988 556 cancellario
1009 522 1072 554 sive
1088 521 1157 555 eius

409 578 591 612 substituto.
614 576 769 619 Quodque
795 586 906 608 omnes
927 574 1059 619 praefati
1084 574 1157 607 libri

408 632 467 666 sint
488 630 603 664 titulati
625 629 801 663 secundum
828 629 972 673 ipsorum
993 628 1157 662 continen-

408 687 496 725 tiam,
519 690 549 718 et
569 683 728 716 articulati
744 694 779 716 ac
801 683 913 716 bullati
934 693 992 727 per
1011 681 1157 715 ordinem

409 738 610 782 paginarum,
625 747 698 770 cum
715 737 804 780 signo
820 735 1059 769 communitatis
1074 735 1159 768 illius

409 791 482 830 loci,
506 790 537 822 in
558 801 621 833 quo
650 789 744 830 libro,
780 790 861 822 infra
887 794 958 822 octo
983 788 1050 821 dies
1070 799 1087 821 a
1108 788 1158 821 die

409 844 530 887 rogitus
561 855 615 877 seu
651 842 916 888 praesentationis
951 847 1005 875 aut
1037 842 1158 886 produ-

409 897 522 932 ctionis
533 897 779 941 computandos,
798 896 1022 929 describantur
1033 901 1063 928 et
1075 895 1159 939 regi-

409 957 561 991 strelitur,
580 957 609 984 et
629 951 661 983 in
682 950 843 995 publicam
862 950 999 983 sormam
1015 949 1161 992 redigan-

410 1011 462 1039 tur
482 1011 510 1039 et
532 1005 787 1046 subscribantur,
811 1004 869 1037 sub
896 1014 1002 1048 poena
1028 1002 1160 1036 arbitrio

378 1093 381 1095 ,
411 1059 659 1105 syndicatorum.

454 1115 469 1158 ξ,
489 1114 541 1147 16.
565 1115 654 1153 Item,
683 1118 854 1146 teneantur
874 1119 903 1146 ct
937 1113 997 1145 sint
1018 1111 1160 1154 obligati,

412 1168 679 1212 quotiescumque
701 1167 878 1200 mutabitur
898 1166 1094 1209 gubernator
1113 1165 1162 1199 vel

1000 254 1179 280 BL‘LLARHIM
1203 255 1354 280 Romnum

1197 308 1302 342 officia
1322 315 1352 342 et
1376 308 1414 342 de
1432 310 1543 343 stando
1568 309 1756 354 syndieatui,
1783 308 1866 343 sicut
1892 319 1946 342 su-

1198 361 1308 405 perius
1331 367 1378 395 est
1402 361 1585 396 ordinatum
1611 363 1649 396 de
1673 362 1805 395 notariis
1825 361 1947 406 princi-

1199 414 1335 457 palibus,
1357 414 1416 448 sub
1436 415 1550 459 poenis
1582 415 1767 460 praedictis,
1794 426 1867 448 cum
1888 415 1949 448 hac

1198 467 1414 501 declaratione
1455 468 1554 511 quod,
1577 479 1652 502 casu
1673 480 1737 513 quo
1762 468 1949 502 huiusmodi

1198 520 1361 553 substituti
1382 526 1412 554 et
1432 531 1544 554 eorum
1566 522 1730 555 cautiones
1747 533 1811 555 non
1831 522 1951 556 suerint

1198 574 1346 614 idoneae,
1366 579 1420 607 aut
1435 585 1500 607 non
1516 575 1666 607 solverint
1686 586 1805 618 poenas
1820 582 1951 609 conten-

1199 633 1245 660 tas
1265 627 1297 660 in
1317 627 1541 672 praesentibus
1565 628 1724 672 capitulis,
1748 639 1806 672 pro
1826 629 1872 663 eis
1891 640 1951 663 no-

1199 681 1299 713 tarius
1320 681 1508 725 principalis
1527 687 1676 715 teneatur
1691 682 1729 715 ad
1746 693 1841 715 omne
1861 682 1951 716 dam-

1200 744 1276 767 num
1305 739 1335 767 et
1363 734 1517 768 interesse
1543 735 1604 768 sive
1630 734 1865 769 restitutionem
1894 747 1953 780 per

1201 787 1303 821 dictos
1330 788 1518 822 substitutos
1538 788 1691 829 fiendam,
1714 795 1744 822 et
1770 789 1829 823 sub
1849 800 1953 833 poena

1202 841 1382 875 amissionis
1414 842 1511 875 officii
1545 842 1578 875 in
1611 843 1738 876 casibus
1766 843 1952 888 praedictis,

1201 901 1426 940 praeterquam
1448 896 1473 929 si
1493 896 1654 930 substituti
1675 897 1863 931 huiusmodi
1889 897 1953 931 sol-

1201 955 1310 983 verent
1322 950 1381 994 ipsi
1397 961 1556 984 summam
1569 951 1824 996 aequivalentem
1834 952 1952 993 officim

1204 1009 1233 1037 et
1260 1014 1342 1048 quae
1367 1004 1405 1037 de
1433 1004 1565 1038 notariis
1593 1005 1632 1037 ad
1659 1005 1838 1039 criminalia
1870 1006 1956 1040 dicta

1204 1064 1276 1091 sunt
1297 1063 1327 1091 et
1347 1058 1505 1099 ordinata,
1541 1068 1667 1093 servare
1698 1065 1869 1094 teneantur
1887 1071 1955 1095 res-

1204 1112 1326 1157 pective
1346 1112 1442 1146 etiam
1462 1113 1578 1147 notarii
1598 1113 1638 1146 ad
1665 1113 1778 1155 civilia,
1814 1125 1956 1158 quorum

1960 253 2011 281 An.
2034 252 2063 281 C.
2078 251 2145 280 1555

1204 1166 1308 1200 officia
1332 1167 1418 1200 iuxta
1443 1167 1626 1211 supradicta
1653 1168 1745 1202 vendi
1769 1174 1800 1202 et
1823 1169 1956 1203 alienari

1205 1220 1338 1264 possint.

1249 1274 1264 1315 ξ
1288 1273 1336 1307 19.
1359 1274 1428 1307 Non
1446 1274 1646 1307 obstantibus
1662 1275 1827 1319 quibusvis
1843 1278 1958 1311 consti·
1984 1283 2154 1315 Quibusrumfrte

1206 1326 1384 1360 tutionibus
1395 1327 1693 1361 etordinationibus
1709 1329 1906 1372 apostolicis,
1920 1341 1957 1364 ac
1970 1321 2016 1367 ἓὲῗ
2051 1315 2156 1335 ““’““““”

1207 1379 1368 1412 civitatum
1393 1386 1423 1413 et
1455 1386 1614 1413 terrarum
1647 1392 1683 1413 ac
1718 1381 1956 1425 provinciarum

1207 1433 1393 1466 huiusmodi
1427 1433 1552 1467 statutis
1585 1441 1615 1467 et
1649 1435 1954 1475 consuetudinibus,

209 1210 232 1226 η
252 1203 338 1229 debu*
412 1226 551 1266 potestas
567 1221 629 1254 sive
646 1220 729 1253 alius
751 1219 854 1262 quivis
874 1219 968 1252 iudex
986 1225 1042 1253 aut
1069 1230 1164 1264 supe-

411 1275 489 1316 rior,
504 1274 600 1318 quiin
611 1274 796 1307 huiusmodi
808 1273 913 1306 officio
931 1272 1162 1313 inserviverint‚

412 1334 495 1362 stare
515 1328 705 1373 syndicatui,
737 1338 801 1360 una
831 1338 906 1360 cum
927 1326 1040 1361 eodem
1066 1337 1162 1371 supe-

413 1382 498 1415 riore
519 1382 578 1415 sub
599 1381 787 1415 eisdemmet
808 1380 1073 1425 syndicatoribus.
1185 1399 1188 1446 ⁸

458 1436 546 1480 §tw
574 1436 616 1469 Ac
642 1435 704 1468 sive
731 1434 883 1468 cesserint
909 1434 971 1467 sivc
992 1434 1165 1467 renuncia·

235 2139 307 2160 omnia
317 2138 407 2166 persult-

223 2172 307 2191 stitutos
344 2175 407 2191 exet·-

222 2206 272 2223 σεῖο
287 2201 379 2223 valeant.

237 1497 355 1522 smptus„
369 1495 401 1516 ⁰¹<
415 1490 515 1523 verint
548 1489 733 1522 huiusmodi
773 1488 935 1527 officium,
977 1487 1166 1530 consignare

217 1529 257 1549 ficii
273 1533 399 1553 cttttSlgtt-ite

217 1563 325 1583 tenentum

416 1554 527 1577 omnes
552 1543 728 1586 scripturas
753 1548 783 1575 et
808 1542 907 1574 libros
933 1552 991 1586 per
1024 1541 1166 1574 inventa-

416 1597 499 1631 rium
527 1596 745 1639 subscriptum
773 1606 789 1628 a
814 1596 946 1628 cedente
977 1600 1007 1628 et
1040 1600 1166 1628 emente

417 1661 451 1684 ac
481 1650 675 1683 cancellario
705 1648 946 1683 communitatis
975 1648 1061 1681 illius
1090 1648 1164 1689 loci,

416 1705 537 1748 absque
564 1703 779 1737 reservatione
814 1703 952 1736 alicuius
973 1702 1165 1746 scripturae,

417 1758 502 1801 quod
524 1757 750 1797 inventarium,
777 1757 815 1790 ad
842 1756 1001 1789 evitandas
1026 1756 1166 1797 fraudes,

417 1816 559 1844 servetur
578 1821 677 1855 penes
696 1810 818 1843 dictum
840 1809 1079 1843 communitatis
1096 1819 1169 1842 can·
1189 1820 1190 1825 ¹

419 1863 598 1898 cellarium.
614 1863 767 1906 Idemque
784 1863 850 1902 fiat,
869 1863 893 1896 si
914 1862 1057 1896 officium
1076 1872 1168 1895 vaca-

417 1918 497 1951 verit
517 1927 574 1961 per
594 1916 822 1961 privationem,
844 1921 874 1949 et
893 1915 918 1948 si
937 1915 1093 1949 vacaverit
1113 1926 1171 1960 per

419 1976 569 2009 mortem,
583 1970 738 2003 haeredes
754 1975 924 2003 teneantur
940 1969 1044 2002 facere
1060 1969 1171 2004 huius-

420 2024 506 2058 modi
527 2023 815 2067 consignationem.

464 2077 547 2122 318.
566 2077 754 2120 Possintque
771 2076 926 2121 praedicti
943 2076 1126 2110 cancellarii
1142 2081 1173 2110 et

421 2132 537 2166 notarii
570 2131 757 2164 huiusmodi
785 2130 889 2164 ossicia
929 2140 1078 2164 exercere
1114 2141 1173 2175 per

421 2186 609 2219 substitutos
628 2185 771 2218 eiusdem
798 2184 1006 2218 sufficientiae
1033 2184 1072 2217 ab
1096 2184 1173 2228 ipsis

423 2239 598 2283 eligendos,
634 2239 810 2272 dummodo
834 2249 899 2272 non
933 2238 995 2272 sint
1028 2238 1172 2272 eiusdem

425 2293 621 2338 provinciae,
635 2293 660 2326 si
672 2292 775 2326 officia
791 2293 910 2326 fuerint
926 2292 1100 2336 generalia3
1118 2292 1174 2326 sed

427 2346 451 2379 si
467 2346 588 2380 suerint
607 2346 851 2390 particularium
876 2346 1038 2380 civitatum
1061 2353 1090 2381 et
1125 2347 1171 2379 lo-

427 2411 553 2440 corum,
574 2399 737 2433 substituti
757 2399 817 2433 sint
845 2411 957 2433 earum
983 2400 1174 2445 qualitatum

427 2461 509 2494 quae
529 2460 588 2494 per
607 2449 788 2493 praesentia
804 2449 944 2493 capitula
963 2450 1177 2494 requiruntur

428 2499 460 2532 in
481 2498 682 2532 cancellariis
707 2502 738 2531 et
764 2499 895 2531 notariis
923 2498 1173 2542 principalibus,

428 2548 485 2592 qui
505 2547 666 2582 substituti
701 2547 824 2580 admitti
859 2557 923 2580 non
957 2548 1090 2591 possint,
1116 2546 1177 2581 nisi

431 2597 521 2642 prius
543 2596 576 2630 in
601 2596 734 2630 Camera
756 2596 824 2640 ipsa
848 2595 980 2628 idoneas
1013 2595 1179 2630 cautiones

428 2646 641 2692 praestiterint
669 2646 706 2679 de
733 2644 869 2679 fideliter
890 2645 1066 2678 exercendo
1094 2645 1177 2679 dicta

1208 1497 1334 1520 necnon
1354 1487 1518 1530 quibusvis
1537 1487 1743 1520 facultatibus
1763 1494 1791 1521 et
1813 1489 1956 1529 indultis,

1208 1540 1372 1584 quibusvis
1391 1541 1519 1584 legatis,
1541 1540 1741 1584 vicelegatis,
1763 1542 1960 1585 gubernato-

1208 1593 1308 1634 ribus,
1332 1593 1543 1637 potestatibus
1571 1600 1598 1627 et
1628 1594 1697 1627 aliis
1723 1595 1870 1638 personis
1904 1607 1962 1639 per

1209 1658 1433 1691 quoscumque
1469 1647 1631 1680 Romanos
1665 1648 1835 1682 Pontifices
1854 1654 1884 1682 et
1903 1648 1961 1682 Ca—

1210 1711 1331 1734 meram
1352 1701 1455 1746 ipsam
1480 1712 1515 1735 ac
1537 1701 1631 1735 etiam
1653 1712 1723 1742 nos,
1746 1713 1872 1736 necnon
1893 1703 1963 1747 qui-

1210 1754 1316 1787 busvis
1325 1754 1564 1795 donationibus,
1578 1755 1842 1790 concessionibus
1853 1761 1884 1790 et
1893 1756 1963 1790 aliis

1211 1808 1504 1852 dispensationibus
1515 1809 1678 1852 quibusvis
1690 1809 1836 1853 personis
1850 1809 1888 1843 de
1904 1810 1962 1843 hu-

1211 1862 1348 1894 iusmodi
1364 1862 1476 1895 officiis
1488 1862 1730 1906 quomodolibet
1748 1862 1850 1903 sactis,
1871 1863 1964 1896 dum·

1212 1915 1307 1949 niodo
1328 1926 1394 1949 non
1419 1927 1455 1950 ex
1474 1927 1571 1950 causa
1590 1926 1738 1957 onerosa,
1756 1927 1840 1961 quae
1855 1922 1963 1951 tamen

1212 1969 1424 2013 infrascriptis
1438 1970 1564 2013 legibus
1574 1980 1611 2003 ac
1622 1969 1880 2004 ordinationibus
1891 1970 1964 2004 sub-

1190 2023 1317 2057 'iacere
1346 2023 1586 2067 intelligantur;
1617 2023 1788 2068 privilegiis
1814 2035 1962 2069 quoque,

1213 2077 1345 2111 indultis
1369 2083 1399 2111 et
1423 2077 1525 2110 literis
1544 2077 1727 2122 apostolicis
1747 2077 1868 2111 eisdem
1889 2089 1965 2122 pro—

1212 2131 1334 2171 vinciis,
1358 2131 1536 2164 civitatibus
1550 2136 1581 2164 et
1594 2130 1688 2164 terris
1703 2141 1761 2175 per
1776 2131 1964 2175 praedeces·

1214 2195 1302 2218 sores
1321 2185 1502 2229 praedictos
1517 2195 1555 2218 ac
1570 2184 1665 2218 etiam
1689 2195 1747 2218 nos
1769 2190 1801 2218 et
1820 2185 1964 2219 eamdem

1214 2238 1394 2279 Cameram,
1409 2239 1503 2272 etiam
1514 2243 1604 2272 motu
1619 2238 1763 2283 proprio,
1780 2238 1876 2273 etiam
1887 2248 1965 2273 con·

1215 2292 1415 2326 sistorialiter
1429 2303 1467 2326 ac
1483 2291 1561 2325 alias
1576 2291 1821 2337 quomodolibet
1836 2302 1966 2327 conces-

1215 2346 1257 2379 sis
1270 2373 1277 2386 ,
1299 2345 1485 2391 approbatis
1505 2351 1536 2379 et
1555 2345 1724 2387 innovatis,
1737 2355 1818 2390 quas
1833 2350 1864 2380 et
1878 2356 1964 2390 quae,

1216 2400 1347 2433 illorum
1367 2399 1513 2433 omnium
1533 2399 1609 2439 vim,
1632 2399 1795 2440 effectum,
1822 2399 1911 2433 datas
1937 2404 1967 2433 et

1216 2453 1362 2482 tenorem
1382 2459 1442 2493 pro
1463 2448 1621 2491 expressis
1640 2447 1807 2489 babentes,
1828 2448 1868 2482 ad
1888 2448 1966 2483 effe-

1218 2503 1304 2530 ctum
1317 2497 1581 2541 praemissorum,
1593 2508 1792 2538 revocamus,
1803 2497 1969 2531 irritamus

1218 2551 1247 2578 et
1268 2546 1486 2583 annullamus,
1508 2545 1636 2591 illisque
1657 2546 1841 2591 specialiter
1865 2551 1897 2579 et
1915 2556 1968 2580 ex-

1218 2606 1327 2639 presse
1359 2595 1564 2638 derogamus.
1599 2595 1776 2640 ceterisque
1801 2594 1970 2630 contrariis

1218 2644 1487 2691 quibuscumque.
