2227 3001
64 227 112 253 An.
130 226 158 252 C.
179 226 245 253 1557

58 1137 143 1158 Sanctio
153 1139 178 1158 de
200 1145 240 1165 qua

58 1170 80 1189 in
93 1169 185 1189 mariz-a.

911 229 1027 252 mrtt's
1048 228 1080 251 111
1108 229 1152 251 l·,¹¹.

263 280 339 321 ritis,
362 292 459 324 super
478 290 589 313 earum
610 281 778 314 inhonesta
794 282 855 315 vita
868 288 920 315 aut
939 294 1010 327 pra-

260 334 304 367 vis
322 335 476 374 moribus,
489 334 580 376 argui
595 334 714 375 vident,
730 345 793 373 eos,
811 347 827 368 a
843 336 961 379 quibus
979 348 1009 368 se

259 388 360 420 amari
381 388 496 427 sciunt,
521 387 642 420 maritis
662 388 728 421 suis
744 389 773 420 in
793 389 1006 428 fideiussores,

260 441 345 484 quod
371 441 429 484 ipsi
451 451 503 473 eas
524 452 588 473 11011
609 442 787 479 attendent,
811 454 868 475 nee
890 444 1009 476 offendi

260 495 386 534 sacient,
401 506 459 539 pro
475 495 605 528 diversis
626 496 837 538 pecuniarum
860 499 1008 535 summis,

259 549 354 581 etiam
380 547 555 587 excessivis,
580 549 773 582 iudicialiter
793 557 848 583 aut
872 551 949 584 alias
971 552 1010 584 si-

260 602 367 635 milem
390 601 573 635 cautionem
594 602 633 634 ab
658 603 777 636 eisdem
799 605 920 637 maritis
945 605 1009 638 suis

259 655 400 699 exigant:
416 661 458 697 et,
478 656 539 688 illis
556 667 624 689 cam
642 657 836 701 quandoque
848 664 1008 701 praestare

258 709 508 752 nequeuntibus,
519 709 590 742 illos
600 710 784 743 carceribus
794 712 970 755 mancipari
980 719 1005 743 et

258 763 452 808 quandoque
464 763 501 795 ad
515 763 663 796 triremes
678 764 817 807 delegari
834 773 1007 808 procurent

257 822 287 850 et
307 817 440 856 faciant,
462 818 508 849 vel
537 817 561 849 si
588 828 699 851 earum
726 819 831 851 mariti
853 820 1007 863 praedicti

257 871 439 903 cautionem
457 871 643 904 huiusmodi
663 871 708 905 eis
729 878 901 916 praestent,
923 873 1009 906 illius

257 924 368 967 clypeo
403 925 522 961 fretae,
550 925 643 957 vitam
673 926 711 958 ad
739 937 849 958 earum
881 927 1007 959 libitum

257 977 459 1011 inhonestam
486 978 623 1018 ducant,
647 978 678 1011 in
695 979 818 1012 divinae
839 979 1008 1013 Maiestatis

257 1030 411 1064 offensam
432 1042 468 1064 ac
489 1032 675 1065 scandalum
695 1033 925 1076 plurimorum.

301 1084 315 1127 ξ
336 1085 365 1117 ’1.
388 1085 462 1125 Nos,
485 1086 625 1118 volentes
650 1097 686 1118 ex
706 1086 812 1119 debito
834 1087 933 1119 nostri
960 1088 1007 1120 os-

257 1138 320 1170 ficii
336 1139 504 1182 pastoralis
520 1139 703 1181 praemissis
713 1150 898 1180 occurrere,
919 1147 1007 1174 ruotu

256 1191 351 1224 simili
372 1192 535 1225 modernis
562 1197 593 1225 et
617 1204 676 1236 pro
702 1197 848 1237 tempore
872 1194 1007 1227 existen-

255 1245 340 1278 tibus
360 1246 463 1278 almae
484 1246 577 1279 Urbis
596 1246 779 1290 praedictae
799 1248 1007 1289 gubernatori

255 1309 292 1332 ac
312 1299 451 1332 senatori
472 1304 503 1332 et
522 1299 636 1332 Curiae
664 1311 835 1334 causarum
856 1301 1007 1335 Gamerae

254 1352 455 1396 Apostolicae
475 1353 617 1396 generali
632 1354 771 1387 auditori
787 1366 824 1387 ac
844 1356 1009 1398 quibusxis

254 1406 325 1439 aliis
344 1406 507 1440 Romanae
527 1407 642 1440 Curiae
670 1408 861 1442 officialibus
881 1420 936 1443 seu
963 1410 1009 1443 iu-

254 1460 379 1494 dicibus
398 1462 446 1494 vel
467 1461 683 1501 marescallis,
714 1473 922 1506 quacumque
955 1473 1009 1497 au-

254 1514 412 1555 ctoritate,
431 1515 526 1548 etiam
544 1515 694 1555 seculari,
717 1516 935 1559 fungentibus,
959 1519 1007 1551 di-

254 1569 395 1602 strictius
433 1569 617 1603 inhibemus
659 1581 699 1603 ne
733 1571 771 1603 de
805 1576 912 1605 cetero
925 1600 932 1613 ,
969 1574 1008 1606 ad

255 1623 393 1656 cuiusvis
422 1623 567 1657 mulieris
587 1624 775 1667 coniugatae
801 1625 1005 1667 instantiam,

255 1677 324 1710 eius
344 1678 448 1711 virum
466 1678 503 1710 ad
526 1678 778 1719 tideiubeudum‚
802 1684 832 1712 et
852 1679 911 1712 sibi
924 1708 931 1721 ‚
949 1681 1007 1714 sul]

256 1732 374 1775 aliqua,
400 1731 604 1774 quantumvis
633 1732 769 1771 modica,
796 1735 1007 1777 pecuniarum

254 1796 390 1826 summa,
403 1786 440 1819 de
452 1797 522 1819 eam
533 1797 597 1818 non
608 1786 800 1820 offendendo
817 1783 876 1821 neo
889 1790 1008 1823 offendi

255 1840 399 1873 faciendo
413 1840 589 1873 cavendum
601 1851 716 1883 cogere
727 1846 783 1873 aut
796 1853 941 1883 monere3
952 1856 1008 1877 seu

254 1893 356 1938 ipsam
384 1893 557 1927 mulierem
588 1893 792 1937 coniugatam
826 1896 866 1929 ad
895 1899 1008 1940 quovis

254 1948 350 1980 modo
371 1959 446 1980 cum
466 1948 533 1980 viro
554 1958 612 1981 suo
633 1948 743 1991 quavis
763 1950 931 1984 occasione
948 1953 1008 1985 liti-

252 2001 394 2044 gandum
415 2001 583 2034 admittere
605 2008 830 2045 praesumant,
853 2005 914 2038 nisi
940 2006 1007 2048 ipsa

253 2055 372 2087 mulier
401 2055 431 2087 in
457 2056 528 2088 loco
554 2056 688 2089 honesto
709 2062 764 2088 aut
784 2058 870 2101 apud
891 2059 1007 2093 mulie-

253 2119 320 2141 rem
336 2109 515 2149 honestam,
528 2109 630 2142 bonae
651 2111 844 2143 conditionis
860 2117 890 2145 et
905 2113 1007 2146 famae
1027 2123 1029 2130 ⁴

253 2168 308 2195 aut
329 2162 359 2194 ln
380 2163 477 2195 (101110
497 2163 631 2196 Sanctae
648 2164 788 2197 Marthae
805 2165 843 2198 de
860 2166 955 2208 Urbe,
974 2167 1005 2200 in

254 2227 317 2259 qua
342 2216 504 2259 quaelilwt
519 2217 672 2250 mulieres
688 2218 878 2261 coniugatae
894 2230 949 2253 seu
967 2220 1007 2253 ob

253 2282 364 2303 earum
386 2271 503 2303 malam
529 2271 624 2304 vitam
646 2277 676 2304 et
695 2271 848 2305 violatum
875 2274 1005 2308 thorum

253 2324 372 2357 ostendi
385 2324 532 2358 timentes
545 2325 757 2369 recipiuntur,
771 2332 799 2359 et
816 2327 918 2361 ‹tlonec
932 2339 1005 2361 cum

253 2389 365 2412 earum
392 2378 515 2412 maritis
541 2378 812 2421 reconcilientur,
843 2381 1004 2416 caritative

254 2432 432 2460 tractantur
460 2432 489 2460 et
519 2432 762 2469 sustentantur,
790 2441 865 2463 cum
890 2431 1005 2464 ellectu

254 2476 442 2509 habitaverit
468 2482 496 2508 et
521 2476 642 2508 vixerit.
665 2477 728 2510 Nos
749 2478 834 2511 enim
861 2490 898 2512 ex
918 2490 1005 2513 nunc

254 2537 365 2559 onmes
374 2531 403 2558 et.
414 2525 555 2568 singulas
566 2526 730 2559 cautiones
741 2532 767 2560 et
782 2528 1006 2562 sith1=iussiones

253 2586 310 2619 per
331 2574 461 2607 maritos
481 2575 636 2607 uxoribus
655 2576 731 2617 suis,
755 2577 829 2610 alibi
850 2589 947 2621 quam
973 2578 1003 2611 iu

252 2625 324 2658 loco
345 2625 480 2657 honesto
501 2630 528 2657 et
547 2625 632 2668 apud
649 2626 819 2660 mulierem
836 2628 1003 2661 honestam

331 2677 406 2708 Ball.
427 2677 502 2708 Rani.
525 2678 578 2708 t'ol.
598 2678 644 2709 IV.
847 2682 884 2712 33

1698 223 1759 256 257
1821 233 1869 259 An.
1889 233 1917 259 C.
1939 233 2003 259 1537

1053 293 1109 315 seu
1132 283 1162 315 111
1183 282 1265 315 dicta
1287 283 1382 316 domo
1401 284 1535 317 Sanctae
1556 284 1695 317 Marthae
1717 287 1804 319 habi-

1053 335 1192 368 tantibus
1208 337 1363 369 hactenus
1384 337 1562 380 praestitas,
1581 337 1677 371 unIca
1698 344 1804 373 tamen

1054 390 1263 432 praecedente
1284 390 1471 428 monitione,
1508 395 1538 423 et
1572 391 1601 423 in
1641 398 1803 435 p‹‘›steruiu

1054 444 1270 486 pracstanrhs,
1294 444 1410 484 nullas,
1430 443 1535 476 irritas
1555 450 1581 476 et
1601 444 1711 477 inanes
1730 448 1804 479 nul-

1053 495 1177 539 liusque
1199 497 1324 529 roboris
1343 498 1389 529 vel
1412 497 1564 530 momenti
1587 498 1665 538 fore,
1684 503 1714 531 et
1733 499 1803 531 illa—

1053 560 1137 587 111111,
1161 550 1284 583 etiamsi
1301 550 1481 583 iuramento
1497 552 1627 584 vallatae
1644 552 1716 591 sint,
1736 563 1805 585 cxv-

1052 602 1370 636 0111101101111101111011
1386 615 1489 647 posse;
1500 616 1536 637 ac
1546 605 1648 638 dictos
1658 605 1801 645 maritos,

1052 656 1074 687 si
1097 656 1151 699 qui
1175 657 1206 688 in
1227 657 1357 689 exilium
1378 659 1507 700 relegati
1530 659 1576 691 vel
1597 659 1636 692 ad
1656 659 1804 692 triremes

1053 709 1227 742 transmissi
1250 716 1382 754 propter
1404 712 1577 754 praemissa
1598 713 1731 753 suerint,
1755 714 1803 745 di-

1051 768 1118 796 ctos
1149 762 1295 796 triremes
1325 765 1420 801 exire,
1447 770 1477 797 et
1501 766 1539 798 ad
1567 766 1683 799 Urbem
1704 767 1803 800 libere

1051 816 1155 848 redire
1176 827 1281 860 posse,
1304 828 1340 849 ac
1361 818 1487 850 irritum
1509 823 1566 851 ete.
1586 819 1800 853 decernimus.

1095 871 1109 911 ξ
1134 870 1163 902 Ἑ.
1188 871 1371 904 Mandantes
1397 872 1570 904 venerabili
1606 873 1695 907 fratri
1730 874 1803 907 Phi-

1052 923 1149 967 lippo,
1171 924 1323 968 episeopo
1348 925 1558 965 Salutia1um,
1589 927 1745 961 moderno
1766 940 1803 961 ac

1052 988 1108 1020 pro
1138 982 1282 1021 tempore
1315 978 1459 1011 existenti
1494 985 1603 1012 nostro
1631 980 1663 1013 in
1691 981 1803 1013 eadem

1050 1030 1133 1063 Urbe
1163 1030 1296 1074 eiusque
1333 1031 1478 1064 districtu
1514 1032 1546 1064 in
1580 1033 1802 1076 spiritualibus

1050 1083 1167 1116 vicario
1195 1085 1359 1127 generali,
1391 1091 1551 1128 quatenus
1577 1086 1803 1121 inhibitionem

1050 1142 1081 1169 et
1100 1138 1265 1170 dett-retum
1287 1143 1413 1171 nostros
1432 1139 1619 1172 huiusmodi
1640 1142 1805 1185 perpetuis

1051 1191 1166 1223 suturis
1186 1192 1387 1235 temporibus
1402 1192 1628 1226 inviolabiliter
1643 1194 1804 1227 observari

1050 1244 1143 1277 saciat
1155 1256 1230 1277 cum
1240 1246 1368 1285 ellectu,
1380 1246 1631 1280 contradictores
1646 1248 1806 1290 quoslibetv

1050 1303 1081 1331 et
1101 1299 1248 1339 rebelles,
1271 1310 1307 1332 ac
1328 1300 1352 1332 si
1375 1299 1387 1322 1
1406 1299 1437 1332 in
1459 1301 1643 1343 praemissis
1662 1312 1727 1334 non
1748 1314 1804 1346 pa-

1050 1357 1167 1393 rentes,
1191 1364 1249 1397 per
1265 1354 1448 1394 sententias,
1467 1365 1623 1387 censuras
1638 1360 1668 1388 et
1684 1367 1806 1399 poenas

1051 1407 1284 1440 ecclesiasticas
1317 1419 1354 1440 ac
1375 1408 1437 1440 alia
1457 1414 1641 1452 opportuna
1663 1409 1741 1442 iuris
1775 1416 1806 1442 et

1051 1461 1123 1493 sacti
1134 1461 1286 1501 remedia,
1299 1461 1513 1505 appellatione
1523 1462 1710 1506 postposita,
1721 1474 1808 1496 com-

1051 1515 1231 1557 pescendo,
1259 1526 1296 1548 ac
1324 1526 1476 1548 censuras
1502 1521 1532 1548 et
1558 1527 1679 1560 poenas
1698 1516 1803 1561 ipsas,

1051 1568 1145 1601 etiam
1157 1568 1277 1601 iteratis
1287 1569 1420 1610 vicibus,
1432 1570 1645 1613 aggravando,
1658 1570 1805 1604 invocato

1051 1621 1144 1655 etiam
1166 1623 1205 1655 ad
1226 1623 1299 1663 hoe,
1322 1623 1347 1655 si
1368 1634 1450 1668 opus
1470 1624 1577 1665 suerit,
1596 1624 1714 1658 auxilio
1735 1625 1806 1657 hra-

1052 1676 1115 1709 chii
1136 1677 1321 1710 saecularis.

1095 1731 1160 1773 §5-
1183 1731 1251 1763 Nou
1285 1732 1486 1765 obstantibus
1519 1732 1804 1766 constitutionibus

1051 1789 1080 1817 et
1100 1785 1357 1818 ordinationibus
1376 1786 1571 1829 apostolicis,
1594 1797 1631 1819 ac
1652 1787 1731 1830 stylo
1747 1787 1804 1820 Pa-

1051 1838 1117 1871 latii
1137 1844 1167 1871 et
1186 1839 1355 1873 Curiarum
1372 1840 1609 1883 gubernatoris,
1629 1846 1758 1874 senatus
1773 1846 1804 1874 et

1051 1893 1206 1926 auditoris
1216 1893 1366 1927 Gamerae
1383 1894 1581 1934 huiusmodi,
1600 1905 1726 1928 necnon
1753 1906 1804 1928 ca-

1051 1946 1199 1979 rumdem
1220 1948 1397 1987 curiarum,
1417 1948 1510 1981 etiam
1542 1948 1723 1982 iurfflncnto
1743 1953 1799 1982 etc.

1051 1999 1209 2033 roboratis
1220 2002 1343 2034 statutis
1350 2013 1386 2034 ac
1398 2001 1698 2042 consuetudinibus,
1709 2002 1805 2046 privi-

1051 2053 1140 2096 legiis
1155 2055 1436 2098 ‹pioque,in‹lultis
1453 2061 1480 2088 et
1496 2055 1597 2088 literis
1608 2056 1802 2099 apostolicis,

1050 2107 1109 2139 sub
1134 2108 1393 2151 quibuscumqne
1421 2108 1588 2141 tenoribus
1612 2114 1643 2141 et
1668 2109 1800 2149 formis,

1049 2170 1085 2192 ac
1107 2171 1181 2192 eum
1201 2161 1366 2205 quibusvis
1387 2162 1540 2195 clausulis
1560 2167 1588 2195 et
1610 2162 1747 2196 decretis
1771 2162 1802 2195 in

1050 2215 1247 2247 contrarium
1269 2216 1514 2257 quomodolibet
1534 2216 1705 2249 concessis

1094 2269 1108 2311 ξ
1128 2268 1158 2300 sl.
1183 2269 1217 2301 Et
1241 2269 1479 2311 praesentium,
1503 2270 1597 2302 etiam
1623 2271 1743 2315 absque
1764 2282 1801 2304 eo
1832 2282 1880 2316 ⁵⁰*
1895 2282 2001 2308 signatum

1049 2322 1135 2365 quod
1157 2322 1378 2365 registrentur,
1397 2329 1449 2356 aut
1473 2324 1558 2356 illius
1575 2324 1647 2357 data
1663 2336 1803 2369 appona-
1819 2313 1902 2334 ⁸¹¹¹¹¹⁰¹⁵'

1050 2381 1113 2416 tur,
1133 2376 1233 2409 solam
1255 2376 1451 2419 signaturam
1473 2378 1620 2411 sufficere
1637 2384 1664 2411 et
1682 2379 1802 2423 ubique

1050 2429 1145 2462 tidem
1167 2431 1289 2470 faeere,
1316 2430 1347 2462 in
1368 2430 1487 2464 iudicio
1514 2437 1542 2463 et
1564 2438 1667 2473 extra,
1691 2434 1801 2475 regula

1049 2479 1208 2512 contraria
1230 2489 1293 2512 non
1313 2480 1467 2521 obstante,
1482 2480 1702 2515 decernentes,

1167 2528 1292 2569 Placet,
1316 2533 1346 2561 et
1366 2529 1407 2562 ita
1428 2530 1628 2563 mandamus.
1653 2530 1687 2563 Α.

1242 2578 1366 2622 (Papae
1384 2579 1601 2623 subscriptio).

1081 2644 1092 2670 1
1109 2646 1146 2672 Ac
1161 2646 1209 2671 sibi
1226 2644 1254 2671 P.
1272 2645 1378 2678 Matth„
1395 2645 1412 2673 1.
1429 2654 1452 2673 s.
1473 2654 1497 2673 c.
1518 2645 1557 2681 (11.
1575 2646 1625 2681 τ.).

1834 885 1929 906 vitun-ius
1943 885 2002 912 Papm

1819 921 1920 937 exeratur
1937 919 2004 943 depu-

1820 951 1885 968 litur-

1833 1744 1945 1765 Clausuln
1965 1744 2003 1765 de-

1820 1777 1947 1802 rogatoriam.
