2227 3001
1724 275 1786 308 175

280 340 375 382 bant,
397 354 433 375 ae
453 342 610 387 quidquid
638 343 740 376 eidem
767 342 909 376 societati
930 342 1033 374 visum
1053 343 1059 367 1
1078 345 1162 373 tores
1175 367 1182 381 ,
1208 340 1350 383 priores,
1375 337 1527 372 officiales
1546 348 1583 370 ac
1603 336 1753 369 eremitas
1778 347 1829 369 so—

282 394 384 436 10101,
406 406 424 427 a
449 395 529 428 Sede
557 395 739 439 Apostolica
760 401 868 439 petere
890 400 1030 439 possent,
1075 393 1199 425 cietatis
1232 391 1418 425 huiusmodi
1457 389 1624 433 amplioris
1662 389 1829 433 apostolici

86 294 134 317 Au.
154 292 266 319 015511
932 290 1048 313 I'AULUS
1074 289 1106 312 tlt
1132 290 1179 312 Pr.
1848 284 1896 309 Αη.
1914 283 1942 309 C.
1965 282 2027 309 ily-3¹⁸

280 446 460 481 voluerant.

322 500 337 543 ξ
365 500 395 532 lt.
433 501 598 535 Praefatus
624 501 771 535 Clemens
799 502 1031 546 praedecessor

105 564 203 585 Clemens
225 564 262 585 vn
278 553 443 596 praedicta
470 555 577 587 onmia
597 560 629 587 et
648 555 892 587 dissolutionem
921 554 1032 588 liuius-

78 597 188 648 Εἴὲῗῆῗῑῖῗ*
210 602 262 617 ‘'⁰¹'‘

278 606 364 638 modi
385 607 614 650 approbaverat
639 613 668 640 et
690 607 952 648 contirmmerat,
975 607 1031 640 eis-

277 670 340 702 que
368 670 469 692 unum
498 660 600 694 dictae
635 661 796 694 societatis
826 661 979 694 maiorem
1002 666 1027 693 et

278 716 491 752 correctores,
514 723 599 745 nunc
620 718 727 746 autem
749 714 926 746 visitatores
947 725 1030 746 111111-

278 769 423 807 cupatos,
445 765 593 798 locorum
615 766 739 809 priores
760 771 790 799 et
809 767 889 799 alios
908 767 1029 799 officia—

276 816 343 857 les,
374 823 471 861 prout
504 818 549 851 eis
584 820 733 863 expedire
767 820 941 860 videretur,
973 830 1031 863 per

277 870 399 914 scipsos
434 872 526 904 annis
559 872 694 915 singulis
728 873 885 916 eligendi,
909 873 963 916 qni
992 883 1029 905 eo

276 923 364 966 ipso,
388 935 451 968 quo
480 925 571 957 electi
606 926 728 965 forent,
752 926 933 958 confirmati
962 937 1029 959 esse

277 983 499 1018 censerentur,
523 978 711 1011 indulserat.
1049 989 1051 1025 l

321 1030 335 1072 ἓ
355 1031 385 1064 5.
409 1031 446 1064 Et
468 1031 657 1072 successive,
681 1032 838 1075 cumipsi,
858 1043 915 1076 pro
927 1033 1029 1065 dictae
1049 1050 1051 1069 5

1076 446 1191 478 favoris
1225 444 1384 489 praesidio
1419 442 1611 487 complecti,
1642 453 1678 475 ac
1712 452 1767 474 eos
1801 448 1831 475 et

1076 509 1189 531 eorum
1221 498 1363 541 singulos
1383 508 1399 530 a
1420 496 1585 540 quibusvis
1605 495 1829 528 excommuni-

1074 550 1221 589 cationis,
1251 549 1472 593 suspensionis
1497 554 1527 581 et
1551 547 1713 581 interdicti
1741 546 1827 580 aliis-

1073 615 1135 647 que
1164 603 1390 636 ecclesiasticis
1418 601 1604 642 sententiis,
1628 600 1773 634 censuris
1792 611 1828 633 ac

1073 656 1197 699 poenis,
1220 668 1237 689 a
1259 657 1328 689 iure
1349 657 1396 689 vel
1417 655 1456 688 ab
1476 655 1620 695 homine,
1643 654 1753 698 quavis
1773 665 1827 687 oc—

1072 709 1200 742 casione
1235 710 1281 741 vel
1311 720 1405 742 causa
1433 708 1517 747 latis,
1547 708 1571 740 si
1600 707 1718 751 quibus
1746 718 1826 751 quo-

1073 761 1244 794 mffllolibet
1265 761 1408 794 innodati
1425 761 1612 801 existebant,
1625 761 1664 793 ad
1676 760 1824 794 effectum

1072 814 1354 859 infrascriptorum
1374 816 1536 847 dumtaxat
1548 813 1823 857 consequendum,

1070 867 1238 901 absolvens
1258 874 1288 901 et
1304 868 1467 901 absolutos
1478 868 1544 900 sore
1557 877 1702 907 censens,
1715 867 1827 900 huius-

1071 920 1157 953 modi
1179 921 1471 965 supplicationibus
1492 920 1676 960 inclinatus,
1698 920 1757 953 sub
1773 921 1826 953 da-

1071 980 1134 1006 tam
1162 974 1310 1008 videlicet
1344 975 1437 1008 tertio
1476 984 1577 1007 nonas
1611 974 1822 1018 septembris,

1070 1028 1277 1071 pontificatus
1311 1029 1360 1061 sui
1394 1039 1478 1061 anno
1506 1032 1612 1068 sexto,
1634 1028 1824 1062 auctoritate

88 1085 113 1108 132
128 1088 189 1108 etiam
208 1093 262 1108 con-

75 1119 199 1139 stitutiones
223 1124 261 1145 pro

75 1150 144 1170 dictae
167 1150 261 1170 societa-

75 1181 102 1200 tis
114 1181 216 1207 regimine
228 1186 262 1201 οι·-

75 1212 157 1232 ‹tiuatas
182 1218 261 1239 appro-

277 1084 438 1117 societatis
467 1085 679 1118 commodiori
702 1085 946 1128 gubernatione,
974 1087 1030 1118 ali-
1049 1071 1051 1141 1
1070 1082 1266 1125 apostolica,
1290 1093 1326 1114 ex
1347 1081 1520 1125 praedictis
1547 1092 1584 1114 ac
1612 1081 1824 1124 quibuscum-

276 1147 356 1179 quas
376 1147 413 1170 ex
433 1137 606 1181 praedictis
627 1138 922 1177 constitutionibus,
941 1139 1028 1171 ordi·
1049 1143 1051 1161 Υ
1070 1146 1133 1178 que
1153 1135 1224 1169 aliis
1244 1135 1289 1169 cis
1310 1141 1387 1169 tunc.
1413 1140 1443 1167 et
1463 1145 1522 1179 pro
1550 1140 1695 1179 tempore
1722 1135 1824 1169 dietae

275 1189 460 1223 nationibus
481 1196 510 1223 et
531 1191 697 1235 capitulis,
721 1191 766 1223 eis
794 1191 979 1233 diligentius
999 1197 1029 1225 et
1049 1211 1050 1230 1
1070 1188 1215 1221 societati
1250 1188 1369 1232 ubique
1404 1194 1563 1221 terrarum
1598 1188 1758 1221 concessis
1795 1195 1823 1222 et

74 1240 139 1268 barin

88 1894 259 1921 Societatemque

75 1926 137 1948 istam
169 1926 260 1946 instituit

76 1961 215 1983 Eremitarnm
238 1960 258 1981 S.

76 1993 184 2014 nomuatdi
208 1998 262 2013 nun-

77 2025 201 2052 euitandam

275 1244 434 1276 maturius
444 1244 643 1285 examinatis,
655 1250 844 1284 cassassent,
860 1250 890 1278 et
905 1245 1029 1289 aliquas

274 1296 380 1329 denuo
401 1297 616 1338 ordinassent,
639 1303 680 1337 et,
699 1298 814 1331 amotis
834 1298 1027 1342 quibusdam

273 1349 465 1393 superfluis,
493 1351 524 1383 in
559 1351 726 1384 meliorem
761 1352 898 1384 formam
926 1353 1027 1386 refor-

273 1408 425 1443 massent,
448 1404 532 1436 idem
550 1403 943 1449 Clemens‘praedeeessor
959 1406 1029 1440 illas

273 1456 369 1489 etiam
407 1458 640 1502 approbaverat
684 1463 711 1492 et
753 1460 996 1493 omnirmaverat
1018 1488 1024 1501 ‚

272 1515 369 1553 prout
388 1510 421 1543 in
441 1511 574 1544 (liversis
594 1511 817 1544 instrumentis
837 1516 867 1544 et
888 1512 1027 1556 scriptu-

272 1563 317 1596 ris
331 1564 441 1597 vicarii
461 1565 621 1607 generalis
649 1575 685 1597 ac
712 1564 912 1598 visitatorum
934 1576 1027 1610 prae—

273 1615 405 1649 sidentis
426 1622 453 1650 et
479 1617 685 1650 definitorum
708 1617 968 1660 praedictorum,
991 1630 1027 1652 ac

273 1669 417 1712 ipsorum
445 1671 560 1704 Leonis
588 1676 618 1703 et.
644 1671 816 1704 Clementis
836 1672 1027 1715 praedeces-

275 1733 384 1755 sorum
419 1723 551 1757 diversis
585 1724 701 1764 literis,
723 1723 879 1757 dicebant
900 1726 1028 1769 plenius

278 1776 448 1810 contineri.

317 1830 332 1872 ἓ
352 1830 384 1864 6.
416 1832 460 1864 Ac
480 1842 538 1875 pro
559 1836 649 1875 parte
670 1831 860 1864 eorumdem
882 1832 1024 1869 maioris,

272 1883 455 1925 visitatoris,
478 1885 637 1928 priorum,
661 1886 796 1917 fratrum
822 1890 853 1917 et
871 1885 1027 1918 Eremita-

275 1947 347 1969 rum
378 1937 482 1970 eidem
515 1937 669 1971 Clementi
698 1938 939 1981 praedecessori
966 1939 1027 1971 hu-

274 1990 393 2023 militer
413 1991 595 2035 supplicato
613 1997 658 2032 ut,
671 2002 708 2024 ex
724 1991 896 2035 praedictis
913 1996 942 2023 et
958 1992 1029 2025 aliis

274 2043 319 2076 eis
340 2044 501 2077 concessis
521 2050 551 2077 et
579 2044 793 2077 concedendis
814 2045 907 2083 locis,
933 2056 1027 2077 unam

273 2102 397 2129 tantum
420 2097 604 2131 societatem
620 2098 835 2130 Eremitarum
853 2098 1030 2132 5011011110-

275 2151 396 2182 mualdi
424 2151 548 2194 erigere
576 2157 602 2183 et
634 2151 821 2191 instituere,
845 2151 1029 2194 praemissis

275 2209 303 2235 ct
338 2204 408 2237 aliis
442 2204 666 2248 infrascriptis,
690 2214 747 2248 pro
773 2204 903 2237 illorum
925 2205 1028 2238 subsi-

276 2257 390 2289 stentia
411 2257 566 2299 firmiori,
589 2257 690 2290 robur
709 2257 904 2301 apostolicae
927 2258 1027 2290 [irmi-

277 2309 348 2342 tatis
376 2310 527 2349 adiicere,
549 2322 586 2343 ac
606 2311 684 2343 alias
710 2310 741 2342 in
766 2310 951 2355 praemissis
971 2322 1028 2356 op-

277 2369 415 2408 portune
436 2364 616 2408 providere,
635 2364 673 2397 de
693 2364 888 2406 benignitate
905 2371 1030 2408 aposto·
1050 2362 1051 2370 ¹

276 2413 339 2446 lica
359 2413 558 2455 dignaretur,
587 2414 749 2456 praefatus
769 2413 916 2446 Clei'nens
936 2424 1029 2456 prae-

278 2461 439 2501 decessor,
462 2461 517 2504 qui
538 2461 576 2494 ad
598 2472 646 2501 ea,
670 2472 727 2505 per
746 2472 828 2505 quae
853 2467 953 2495 status
983 2473 1030 2495 re·
1050 2478 1052 2488 1

1070 1241 1303 1282 concedendis,
1326 1253 1362 1274 ac
1396 1253 1454 1285 per
1488 1252 1541 1274 eos
1575 1241 1770 1286 recipiendis
1795 1249 1823 1275 et

1069 1294 1247 1327 retinendis
1268 1294 1462 1328 eremitoriis
1490 1300 1521 1327 et
1546 1294 1704 1337 religiosis
1723 1295 1821 1333 locis,

1068 1358 1168 1381 uuam
1203 1354 1327 1382 tantum
1362 1348 1509 1381 omnium
1547 1359 1584 1381 ac
1622 1348 1823 1391 singulorum

1069 1403 1204 1434 fratrum
1232 1402 1265 1434 in
1289 1402 1410 1435 eisdem
1430 1400 1624 1434 eremitoriis
1644 1407 1674 1434 et
1694 1401 1823 1445 religio—

1069 1456 1111 1489 sis
1131 1455 1211 1489 locis
1231 1466 1289 1499 pro
1310 1460 1456 1499 tempore
1476 1454 1662 1498 degentium
1687 1455 1822 1489 societa-

1070 1514 1132 1541 tem
1152 1508 1368 1541 Eremitarurn
1387 1507 1494 1541 Sancti
1510 1507 1679 1541 Romualdi
1700 1519 1823 1543 nuncu-

1068 1562 1220 1605 pandam3
1242 1573 1301 1606 per
1318 1562 1532 1606 superiorem,
1555 1561 1712 1595 maiorem
1736 1573 1820 1597 nun·
1836 1570 2021 1607 Rogenvumquffi

1069 1620 1221 1657 cupatum
1235 1641 1242 1655 ,
1264 1615 1460 1655 visitatores,
1484 1614 1673 1658 capitulum,
1695 1615 1821 1659 priores
1835 1602 2021 1659 Jiisso'ruiissffllflff

1068 1680 1104 1701 ac
1125 1668 1204 1701 alios
1224 1668 1396 1707 officiales,
1420 1669 1505 1701 iuxta
1533 1668 1634 1712 ipsius
1660 1669 1820 1703 societatis
1835 1663 2021 1691 ⁰¹¹¹'³”‘¹⁰“'²³⁰'‘³

1069 1726 1185 1754 statuta
1205 1727 1236 1754 et
1255 1721 1486 1762 ordinationes,
1510 1721 1683 1764 regendam
1708 1727 1739 1755 et
1760 1733 1819 1766 gu-

1069 1774 1279 1807 bernandam.

1113 1829 1177 1871 §T
1208 1829 1251 1861 Ita
1280 1829 1366 1872 quod
1396 1839 1508 1861 omnes
1528 1833 1558 1861 et
1578 1828 1695 1871 singuli
1721 1829 1823 1864 dictae
1851 1841 1971 1868 Omnesque
1982 1841 2023 1862 tra-

1070 1882 1230 1914 societatis
1263 1882 1388 1922 fratres,
1424 1887 1608 1925 praesentes
1634 1887 1663 1915 et
1701 1883 1822 1923 futuri,
1839 1875 2021 1924 ss'gssssessss,2'‚¹,¹„⁰³‘⁰

1070 1935 1215 1978 quamvis
1235 1935 1268 1967 in
1287 1935 1420 1967 diversis
1437 1934 1529 1974 locis,
1547 1934 1643 1967 etiam
1664 1940 1752 1969 extra
1766 1936 1827 1970 Ita-

1071 1988 1146 2021 liam
1174 1993 1204 2020 et
1230 1989 1300 2021 loca
1329 1988 1559 2028 ultramarina,
1582 1998 1640 2032 pro
1678 1994 1825 2033 tempore

1071 2047 1258 2082 manerent,
1282 2052 1382 2074 unum
1406 2046 1513 2074 tamen
1534 2051 1654 2085 corpus
1673 2047 1704 2075 et
1730 2043 1826 2075 unica

1070 2095 1206 2127 societas
1227 2094 1441 2127 Eremitarum
1457 2094 1564 2127 Sancti
1576 2094 1758 2136 Romualffl,
1770 2096 1826 2129 Ca·

1071 2147 1280 2180 maldulensis
1318 2146 1446 2180 Ordinis
1464 2173 1471 2187 ,
1506 2147 1674 2192 perpetuis
1708 2148 1825 2181 futuris

1072 2201 1272 2244 temporibus
1292 2200 1464 2234 existerent
1483 2210 1521 2233 ae
1540 2200 1694 2234 facerent.

1115 2255 1129 2295 ξ
1150 2253 1180 2287 8.
1212 2254 1291 2287 Cum
1312 2254 1463 2286 facultate
1484 2253 1669 2287 celebrandi
1689 2264 1819 2297 genera·
1853 2265 1971 2290 Facultates
1991 2271 2024 2293 ne

1072 2307 1124 2347 lia,
1148 2307 1358 2350 provincialia
1377 2318 1413 2340 ac
1434 2307 1495 2339 alia
1520 2307 1661 2351 capitula
1681 2308 1824 2341 eiusdem
1839 2302 1952 2357 fi}2{fi³⁵‘¹⁵
1973 2308 2023 2324 ‘⁶¹⁸'

1071 2364 1244 2405 societatis,
1267 2370 1299 2398 et
1316 2365 1407 2398 ineis
1422 2365 1637 2409 superiorem,
1655 2365 1823 2405 maiorem,

1051 2443 1052 2453 2
1073 2422 1216 2465 priores,
1245 2428 1387 2457 rectores
1413 2429 1444 2456 et
1471 2423 1550 2456 alios
1577 2423 1741 2457 ministros
1767 2424 1825 2457 eli-

278 2511 465 2550 ligiosfflssm
486 2521 697 2555 personarum
724 2512 855 2552 florem,
879 2511 1031 2555 ipsaeqw,
1051 2508 1053 2539 ᾗ
1072 2481 1180 2544 {cndu
1203 2487 1245 2521 et,
1265 2492 1322 2525 ppo
1343 2481 1825 2545 eiusdem*societatis-consa„

276 2544 436 2604 personae
456 2559 620 2603 acceptius
639 2558 753 2592 divinis
772 2559 983 2604 beneplacitis
999 2571 1030 2593 se
1050 2547 1053 2581 ἶ
1072 2546 1197 2572 Quone
1213 2545 1244 2571 et
1258 2545 1444 2581 augmemo’
1463 2550 1575 2572 mussas
1594 2544 1625 2572 et
1644 2539 1705 2572 aha
1721 2539 1826 2573 dwma

281 2614 430 2652 coaptare
451 2613 592 2653 possent,
615 2608 762 2641 solertiae
783 2619 858 2642 suae
879 2619 973 2642 curas
992 2609 1030 2641 li·
1050 2595 1054 2647 ἶ

1073 2596 1177 2630 officia
1198 2597 1231 2630 in
1251 2607 1364 2630 eorum
1381 2597 1530 2642 capitulis
1545 2595 1827 2637 celebrandi‚alia-

280 2657 394 2692 beuter
413 2657 584 2700 dirigebat,
608 2658 715 2690 volens
735 2658 903 2696 maiorem,
925 2658 1030 2690 visita-
1050 2659 1055 2699 ξ
1073 2667 1134 2701 que
1163 2656 1271 2690 omnia
1305 2661 1335 2689 et
1368 2656 1512 2699 singula,
1535 2666 1616 2701 qnae
1642 2655 1678 2688 ad
1705 2654 1826 2688 similes
