2227 3001
61 280 109 309 Mi.
128 279 156 306 C.
176 279 238 307 1531

70 1943 193 1967 Pubnmuo,

906 285 1009 311 trtirs

257 335 349 368 nobis
361 339 390 368 et
402 335 486 368 dicta
502 335 582 368 Sede
598 336 756 370 hactenus
771 345 1005 380 emanatarum,

254 388 302 421 vel
317 387 350 420 in
364 392 529 432 posterum
545 390 810 431 emanandarum,
824 392 1007 436 specificam

254 446 285 475 et
309 452 492 485 expressam
524 453 561 476 ac
592 443 670 476 alias
700 455 797 488 quam
825 456 882 489 per
911 447 1028 483 verba]

252 495 414 537 generalia
439 495 477 529 de
503 497 726 539 praesentibus
758 499 876 532 nostris
905 499 1007 533 literis

252 548 449 582 mentionem
465 559 530 582 non
547 549 750 591 facientium,
780 557 1006 597 praeterquam
1026 598 1027 602 Ἰ

251 600 284 633 in
305 602 418 635 mortis
437 601 636 643 discrimine,
664 604 783 637 absolvi
805 605 914 648 possit.

295 654 310 697 5
329 654 361 687 3.
385 654 508 694 Quibus
529 655 625 689 etiam
647 657 793 691 censuris
813 658 899 701 ipsos
919 658 1005 692 dioe-

72 715 235 745 Inquzsitorihus
251 717 385 741 cesanos
417 708 587 752 episcopos
611 714 642 743 et
665 710 872 754 inquisitores
896 712 1004 745 subia-

52 751 114 770 etium
151 751 235 770 easdem
544 762 550 768 .
607 763 612 769 .

52 785 132 807 ‚mem
151 780 233 804 mmm,
251 771 324 794 cere
342 761 504 801 volumus,
527 773 551 795 st
573 763 672 797 laicos
693 775 803 797 secum
824 765 1004 808 quomodo—

51 812 234 867 agffilssffgssssss
250 824 390 859 cumque
415 815 454 848 de
478 816 548 860 ipso
574 817 709 851 crimine
735 828 930 861 cognoscere
951 825 1005 852 aut

0 886 4 892 -
49 873 173 926 {taffo-ine
186 874 234 895 bae·
248 866 394 902 iudicare
415 869 630 912 permiserint.

291 922 307 965 ξ
326 921 357 954 4.
378 922 416 955 Ut
433 928 540 956 autem
564 924 739 968 praemissa
765 924 873 958 omnia
894 925 933 958 ad
954 935 1004 959 eo-

87 987 156 1010 russio
177 989 232 1010 hane
247 984 340 1015 rum,
367 986 508 1020 quorum
542 977 691 1017 interest,
721 978 867 1011 notitiam
902 978 1003 1012 dedu-

48 1020 168 1072 lpprzlicandi
188 1020 232 1041 bul-

247 1032 374 1069 cantur,
387 1030 561 1074 nullusque
577 1031 615 1064 de
632 1031 678 1064 eis
693 1031 908 1075 ignorantiam
920 1033 1002 1065 iuste

246 1082 459 1127 praetendere
479 1084 591 1128 possit,
613 1085 762 1118 volumus
777 1091 808 1118 et
827 1086 1003 1130 apostolica

245 1136 438 1170 auctoritate
470 1137 676 1171 decernimus
705 1138 792 1182 quod
817 1145 1003 1182 praesentes

244 1189 356 1222 literae
381 1200 440 1234 per
463 1191 589 1234 aliquos
614 1202 763 1225 cursores
795 1197 922 1225 nostros
948 1199 1003 1226 aut

245 1242 390 1276 notarios
414 1243 563 1287 publicos
596 1243 628 1276 in
658 1244 810 1278 basilicae
844 1245 1002 1289 Principis

244 1295 473 1340 Apostolorum
495 1297 533 1330 de
555 1297 638 1330 Urbe
659 1302 689 1330 et
706 1297 860 1331 ecclesiae
877 1299 1002 1331 Latera-

243 1349 351 1383 nensis
366 1360 402 1383 ac
423 1349 640 1384 Cancellariae
662 1351 864 1395 Apostolieae
891 1352 999 1391 valvis,
1021 1375 1023 1387 .

243 1413 370 1436 necnon
386 1403 454 1437 acie
475 1404 585 1448 Campi
610 1404 741 1445 Florae,
761 1411 792 1438 ut
816 1405 915 1438 moris
935 1411 999 1444 est,

243 1456 468 1501 publicentur,
497 1468 611 1491 earum
637 1459 783 1502 exemplo
809 1459 841 1492 in
867 1459 1002 1502 singulis

241 1510 337 1543 valvis
357 1515 388 1543 et.
403 1511 471 1544 acie
487 1511 674 1545 huiusmodi
692 1513 786 1546 affixo
803 1517 833 1546 et
854 1513 997 1546 dimisso.

285 1563 371 1597 Nulli
391 1574 468 1607 ergo
489 1569 545 1598 etc.

286 1617 401 1650 Datum
427 1617 547 1651 Romae
577 1618 664 1663 apud
689 1618 843 1652 Sanctum
869 1619 1000 1653 Petrum

242 1681 327 1705 anno
353 1671 586 1705 lncarnationis
616 1672 798 1706 dominicae
828 1673 1023 1715 millesimo}

211 1718 214 1721 ’
242 1725 1001 1772 quingentesimoquinquagesimoprimo,quin-

242 1778 403 1813 todecimo
421 1779 574 1814 kalendas
588 1780 706 1820 martii,
726 1781 934 1825 pontificatus
945 1793 1001 1816 no-

243 1832 300 1866 stri
319 1843 404 1866 anno
424 1843 457 1866 11.

285 1886 380 1920 Lecta
401 1893 429 1921 et
452 1887 616 1932 publicata
637 1887 695 1921 fuit
710 1888 760 1921 die
776 1888 907 1922 Veneris
925 1890 1001 1924 San-

241 1939 282 1973 cti
303 1940 335 1973 in
356 1942 501 1986 cappella
519 1941 701 1975 Sanctitatis
722 1942 824 1982 Suae,
847 1943 924 1976 dum
951 1943 999 1976 di-

240 1992 312 2027 vina
332 1995 577 2028 celebrarentur
597 1995 713 2028 officia.

285 2048 376 2081 Anno
399 2048 526 2082 Domini
559 2059 654 2088 MDLI,
686 2048 861 2083 indictione
891 2061 997 2090 nona,

240 2100 291 2134 die
315 2112 390 2134 vero
409 2112 483 2135 xx1v
503 2102 622 2135 mensis
644 2102 767 2141 martii,
790 2103 1000 2146 pontificatus
1020 2109 1021 2143 ἶ

241 2154 386 2188 SS.D.N.
399 2154 481 2194 lulii,
497 2155 601 2188 divina
614 2156 815 2200 providentia
830 2156 933 2199 Papae
944 2157 996 2197 ΙΙΙ,
1019 2156 1021 2193 ζ’

240 2218 326 2241 anno
346 2207 416 2241 eius
435 2218 474 2249 11,
506 2209 733 2252 retroscriptae
754 2209 866 2243 literae
887 2210 998 2243 affixae
1019 2244 1020 2253 ἶ

239 2266 271 2295 et
289 2260 472 2306 publicatae
492 2262 624 2295 fuerunt
645 2262 675 2295 in
697 2262 794 2295 valvis
819 2274 875 2297 seu
896 2264 999 2308 portis

238 2314 397 2358 Principis
424 2316 651 2359 Apostolorum
673 2316 711 2349 de
733 2315 817 2350 Urbe
838 2322 868 2350 et
891 2317 999 2350 Sancti

239 2368 368 2402 Ioannis
384 2368 616 2409 Lateranensis,
631 2375 661 2403 et
680 2369 897 2404 Cancellariae
913 2372 998 2415 Apo-

241 2421 385 2461 stolicae,
407 2432 534 2455 necnon
555 2421 587 2454 in
608 2423 676 2455 acie
697 2422 999 2466 Can'ipiFlorae,di-

240 2469 346 2503 missis
357 2471 458 2513 copiis
470 2481 527 2514 per
537 2481 596 2504 nos
611 2472 740 2505 Petrum
759 2472 875 2505 Gomez
887 2473 998 2518 Ereyle

240 2524 270 2553 et
296 2519 503 2553 Franciscum
538 2520 668 2561 Mimos,
692 2521 745 2555 SS.
769 2522 803 2555 D.
831 2522 867 2554 N.
896 2522 998 2566 Papae

240 2578 401 2611 cursores.

282 2617 332 2650 lta·
358 2622 414 2650 est.
447 2617 561 2651 Petrus
585 2617 702 2652 Gomez
729 2619 841 2664 Ereyle
862 2631 996 2660 cursor,

239 2676 339 2700 manu
359 2666 501 2710 propria.

318 2719 394 2750 Buct.
417 2720 493 2750 [lunt.
522 2719 576 2750 Vol.
604 2720 646 2750 VI.
819 2722 857 2752 55

1708 283 1762 299 (55)

1034 289 1068 312 111
1093 289 1139 312 PF.
1700 298 1764 318 4ο..)

1094 343 1138 375 Ita
1154 347 1210 375 est.
1230 341 1420 376 Franciscus
1437 343 1550 377 Mussos
1566 355 1690 385 cursor,
1709 358 1807 380 manu

1051 395 1194 440 propria.

1093 448 1206 482 Petrus
1222 449 1392 491 Leobodie,
1409 450 1560 493 magister
1576 462 1759 487 cursorum.

1075 506 1136 536 Dat.
1150 508 1196 537 die
1214 508 1250 537 15
1267 508 1408 538 februarii
1429 509 1516 545 1551,
1534 511 1637 548 pontis.
1653 522 1729 541 anno
1746 521 1775 542 11.

1385 693 1464 728 XIII.

1025 749 1026 761 l

1024 780 1026 810 j
1047 767 1276 801 Praetatorum
1296 770 1488 802 clonallones
1503 775 1641 815 tempore
1666 772 1807 815 infirmi-

1024 847 1026 878 ἶ
1092 822 1170 854 tatis
1184 822 1300 863 saclas,
1321 824 1388 855 nixi
1404 835 1463 867 per
1478 825 1598 867 viffl'nlz'
1617 826 1683 859 dfes
1698 838 1806 871 super-

1023 893 1025 937 j
1089 876 1247 915 vixerint,
1275 877 1382 909 nullas
1401 888 1464 910 esse
1483 879 1626 912 decernit
1643 879 1669 912 ¹.

1023 958 1025 1006 1
1069 955 1155 984 lutus
1174 955 1245 992 Papa
1265 957 1308 989 111,
1323 958 1356 986 ad
1369 960 1531 993 p2rpetuam
1550 961 1592 988 rei
1610 961 1778 990 memoriam.

1023 1032 1024 1044 ¹
1089 1026 1173 1059 Cura
1207 1028 1377 1071 pastoralis
1402 1029 1499 1063 officii
1527 1031 1743 1066 admonemur
1769 1039 1804 1067 ut

1022 1077 1024 1125 J
1045 1079 1200 1113 abusibus
1220 1086 1247 1114 et
1266 1082 1432 1115 fraudibus
1445 1083 1508 1116 illis
1525 1085 1726 1127 praesertim,
1746 1098 1804 1131 per

1045 1143 1127 1176 quos
1152 1133 1285 1167 Camera
1312 1136 1509 1178 Apostolica,
1533 1138 1627 1171 cuius·
1655 1138 1724 1172 iura
1746 1140 1802 1173 de-

1022 1182 1023 1201 l
1046 1186 1175 1220 l'endere
1196 1192 1356 1229 tenemur,
1373 1189 1584 1223 defraudatur
1599 1198 1629 1225 et
1649 1192 1800 1233 laeditur,

1045 1241 1238 1283 opportunis
1258 1242 1411 1275 remediis
1431 1242 1608 1277 obviemus.

1089 1293 1103 1336 ξ,
1124 1293 1154 1326 l.
1178 1292 1258 1326 Cum
1280 1295 1400 1339 itaque,
1419 1295 1501 1329 sicut
1520 1297 1558 1330 ad
1580 1298 1724 1331 auditum
1743 1309 1802 1332 no-

1045 1351 1148 1379 strum
1180 1348 1345 1391 pervenit,
1368 1360 1462 1392 saepe
1493 1350 1657 1394 contingat
1689 1358 1725 1385 ut
1749 1364 1801 1386 ar-

1044 1400 1242 1445 chiepiscopi
1268 1408 1299 1434 et
1331 1404 1473 1448 episcopi
1511 1415 1548 1437 ac
1582 1405 1635 1438 alii
1668 1407 1876 1449 praetulimus

1021 1530 1023 1552 5
1044 1507 1257 1549 diversarum,
1280 1509 1312 1543 in
1334 1510 1520 1545 infirmitate
1536 1513 1700 1546 constituti
1718 1519 1749 1547 et
1768 1516 1800 1547 in

1044 1563 1195 1594 extremis
1215 1563 1409 1604 laborantes,
1433 1565 1570 1598 scientes
1591 1577 1623 1599 se
1641 1556 1688 1600 ‘de
1708 1568 1801 1603 bonis

1021 1614 1023 1651 ἰ
1044 1625 1103 1658 per
1123 1626 1177 1648 cos
1198 1627 1235 1649 ex
1256 1617 1434 1658 fructibus,
1459 1619 1637 1654 redditibus
1664 1626 1695 1654 et
1725 1633 1800 1666 pro·

1043 1669 1191 1702 ventibus
1212 1670 1422 1705 ecclesiarum
1450 1677 1480 1705 et
1509 1674 1799 1715 monasteriorum,

1021 1737 1022 1747 ÷
1044 1722 1163 1766 quibus
1183 1731 1348 1768 praesunt,
1360 1736 1397 1758 ac
1413 1726 1551 1759 aliorum
1565 1727 1801 1763 beneficiorum

1044 1777 1348 1819 ecclesiasticorum,
1369 1790 1452 1822 quae
1473 1780 1630 1821 obtinent,
1652 1788 1708 1815 aut
1728 1782 1800 1816 illo-

1044 1841 1116 1863 rum
1143 1830 1260 1864 intuitu
1289 1833 1467 1876 acquisitis,
1494 1835 1603 1868 testari
1643 1841 1697 1868 aut
1724 1836 1801 1870 alias

1043 1895 1102 1928 per
1114 1884 1194 1917 viam
1213 1886 1344 1919 ultimae
1361 1887 1533 1920 voluntatis
1548 1888 1719 1932 disponere
1736 1901 1801 1923 non

1044 1948 1148 1981 posse,
1167 1944 1199 1971 ut
1216 1940 1303 1983 quod
1320 1940 1460 1983 legitime,
1479 1942 1582 1975 facere
1604 1953 1666 1976 non
1686 1944 1801 1985 valent,

1044 2002 1102 2036 per
1122 1991 1294 2026 indirectas
1327 2000 1357 2027 et
1387 1995 1609 2029 fraudulentas
1639 1996 1703 2030 rias
1732 1998 1800 2031 effi-

1043 2045 1139 2084 ciant,
1163 2046 1269 2079 omnia
1292 2058 1342 2080 res
1363 2053 1393 2081 et
1413 2048 1496 2081 bona
1520 2060 1578 2093 per
1598 2060 1653 2083 eos
1674 2061 1709 2083 ex
1732 2051 1800 2084 fru-

1043 2098 1147 2132 ctibus
1167 2099 1354 2133 huiusmodi
1376 2101 1544 2144 acquisita,
1567 2114 1649 2146 quae
1672 2110 1704 2136 ut
1726 2104 1799 2148 plu-

1042 2151 1175 2193 rimum,
1200 2160 1333 2198 propter
1354 2156 1553 2199 opulentiam
1574 2158 1798 2198 ecclesiarum,

1043 2207 1315 2240 monasteriorum
1346 2214 1376 2241 et
1405 2209 1639 2243 beneficiorum
1668 2212 1798 2255 praedi—

1019 2262 1020 2267 ’
1042 2262 1335 2300 ctorum,·maximi
1355 2262 1473 2296 valoris
1498 2268 1527 2296 et
1549 2265 1703 2298 momenti
1733 2266 1798 2300 exi-

1042 2317 1140 2353 stunt,
1163 2325 1221 2357 per
1240 2314 1322 2347 viam
1344 2315 1512 2349 simulatae
1533 2316 1617 2350 inter
1636 2317 1720 2352 viros
1740 2319 1797 2353 do-

1041 2366 1192 2408 nationis,
1215 2368 1300 2402 inter
1315 2368 1454 2403 diversas
1474 2381 1629 2414 personas
1650 2378 1680 2405 et
1700 2372 1731 2406 in
1748 2373 1796 2405 di-

1041 2430 1148 2453 versos
1183 2432 1259 2454 usus
1294 2421 1505 2463 distribuant,
1528 2435 1585 2457 seu
1614 2425 1721 2469 potius
1748 2427 1796 2459 di-

1041 2474 1197 2513 strahant,
1220 2474 1252 2506 in
1273 2475 1375 2508 dictae
1400 2476 1552 2509 Gamerae
1576 2479 1794 2521 Apostolicae‚

1040 2522 1079 2554 ad
1107 2533 1203 2565 qnam
1239 2523 1323 2557 bona
1357 2525 1438 2568 ipsa,
1462 2532 1624 2568 tamquam
1651 2526 1796 2570 ipsorum

1041 2572 1258 2614 praelatorum
1285 2573 1399 2617 spolia,
1422 2575 1589 2617 pervenire
1621 2575 1793 2618 deberent,

1040 2620 1216 2657 maximum
1238 2622 1392 2655 damnum
1415 2629 1445 2656 ct
1465 2623 1712 2667 praeiudicium.

1079 2683 1089 2709 1
1118 2682 1158 2710 Ex
1184 2684 1288 2720 Regest..
1308 2685 1332 2712 in
1351 2685 1462 2713 Archiv.
1481 2686 1564 2713 Vatic.

1016 2710 1021 2727 l

1044 1465 1219 1497 regnorum
1233 1456 1459 1500 Hispaniarum
1474 1463 1501 1491 et
1512 1458 1647 1491 aliarum
1661 1460 1799 1503 partium
1818 1479 1837 1490 n·

1825 299 1862 321 .’1;;
1893 298 1918 321 t','⁴
1940 295 2002 322 155¹

1845 1047 1977 1067 rrooenuum.

1831 1315 1922 1335 Phiela&
1935 1315 2005 1335 cccle-

1818 1352 1894 1366 smium
1938 1352 2003 1372 wopa

1818 1379 1926 1397 domitian.
1949 1378 2004 1398 inus

1833 1424 1835 1427 .
1920 1410 2006 1429 >innua-

1818 1440 1866 1459 bant
1892 1442 1910 1459 in
1929 1441 2004 1459 ‹mue-

1866 1471 2002 1497 Aposl--ltcte

1817 1504 1975 1528 praeiudicium.
