2227 3001
105 247 154 276 An.
173 245 200 275 C.
220 247 288 278 1δίιο

141 1697 284 1725 Transumptis

102 1731 161 1752 fidem
187 1732 230 1750 dart
253 1732 285 1750 iu-

101 1763 144 1783 liet,

133 2560 254 2583 Prooemftiiu

940 247 1055 274 Pitt'Lt's
1080 251 1113 275 111
1138 250 1185 275 1³1³.

299 303 383 337 libus
403 301 546 337 conciliis
570 302 773 345 generalibus
799 308 828 336 et
852 304 1044 347 specialibus

299 357 410 398 editis,
450 357 636 401 statutisque
675 361 705 390 et
732 357 1041 395 consuetudinibus,

298 421 424 444 necnon
453 410 695 450 stabilimentiS,
727 411 837 443 usibus
866 416 896 443 et
923 411 1044 443 naturis

298 463 502 507 hospitalium
524 468 551 496 et
573 463 840 497 monasteriorum
863 469 891 497 et
908 464 1042 497 aliorum

297 517 443 550 locorum
463 517 701 560 praedictorum
719 522 747 550 et
763 518 950 561 quorumvis
969 517 1045 550 alio-

297 581 369 603 rum
390 571 631 611 membrorum,
655 571 825 604 domorum
848 577 877 603 et
899 572 1043 604 Iocorum

297 623 446 664 aliorum,
465 624 687 664 ecclesiarum,
705 624 799 658 etiam
813 624 1043 657 cathedralium

298 677 629 720 metropolitanarum,
646 678 740 711 etiam
757 678 950 717 iuramento,
968 688 1044 710 con-

298 729 478 763 firmatione
498 731 672 775 apostolica
700 732 748 764 vel
774 731 884 775 quavis
909 730 969 763 alia
990 730 1045 762 fir-

298 782 405 816 mitate
435 784 612 825 roboratis,
649 784 819 828 privilegiis
854 794 983 828 quoque
1017 788 1044 815 et

298 836 427 870 indultis
461 843 491 870 et
524 838 623 871 literis
660 838 862 882 apostolicis,
897 844 960 870 tam
989 836 1046 869 sub

298 890 431 934 plumbo
451 902 548 934 quam
575 891 606 924 in
633 892 736 924 forma
763 892 867 924 brevis
896 896 925 923 et
958 894 1046 922 motu

298 943 441 987 proprio,
456 944 549 977 etiam
568 956 586 977 a
606 945 696 977 nobis
717 944 871 977 emanatis
887 949 915 976 et
932 942 1048 976 contir-

299 997 391 1030 matis
412 1003 441 1030 et
461 998 618 1032 innovatis
638 1003 668 1031 et
688 999 793 1031 forsan
814 998 852 1030 de
873 1007 954 1030 novo
971 1006 1047 1028 con-

299 1050 405 1091 cessis,
433 1051 562 1095 quibus,
589 1052 685 1085 etiam
706 1052 730 1083 si
752 1052 782 1083 in
804 1051 848 1084 eis
869 1050 954 1094 quod
975 1049 1047 1081 nul-

299 1103 424 1136 latenus
444 1110 499 1137 aut.
528 1115 590 1137 non
620 1104 680 1137 nisi
710 1104 769 1137 suh
789 1103 883 1136 certis
903 1102 998 1135 inodo
1020 1107 1047 1135 et

300 1157 410 1190 formis
430 1158 576 1201 derogari
598 1157 695 1201 possit
714 1162 844 1190 cautum
866 1161 896 1189 et
920 1166 1048 1199 expres-

299 1220 369 1243 sum
390 1210 447 1251 sit,
470 1211 600 1244 illorum
628 1210 774 1243 omnium
795 1215 825 1243 et
845 1209 1048 1252 singulorum

298 1269 426 1297 tenores
452 1265 675 1308 praesentibus
695 1275 753 1308 pro
780 1264 976 1297 sufficienter
995 1274 1048 1295 ex-

299 1317 436 1361 pressis,
467 1329 503 1351 ac
529 1318 642 1351 modos
667 1323 696 1351 et
721 1318 840 1351 formas
866 1328 924 1361 pro
945 1317 1049 1349 debite

298 1370 471 1404 observatis
490 1371 655 1411 habentes,
674 1371 713 1404 ad
730 1371 879 1404 effectum
897 1369 1049 1414 praemis-

299 1434 409 1457 sorum
437 1425 620 1466 dumtaxat,
649 1424 831 1468 specialiter
851 1429 881 1456 et
902 1433 1049 1466 expresse

298 1477 511 1522 derogamus,
551 1490 587 1512 ac
627 1478 824 1512 sufficienter
861 1478 1048 1519 derogatum

299 1542 367 1565 esse
386 1532 535 1565 volumus
549 1560 556 1573 ,
579 1532 757 1576 ceterisque
783 1531 952 1565 contrariis
977 1530 1049 1573 qui-

299 1585 512 1629 buscumque,
533 1597 606 1619 curn
628 1586 779 1619 clausulis
805 1584 995 1630 opportunis
1021 1590 1049 1617 et

300 1640 474 1673 consuetis.

343 1693 358 1736 ἓ
383 1693 413 1727 9.
438 1694 472 1726 Et
499 1693 576 1737 quia
596 1692 724 1725 difficile
744 1692 826 1725 foret
846 1697 901 1725 etc.

343 1743 457 1775 Datum
469 1743 588 1775 Romae
604 1742 690 1785 apud
711 1741 742 1774 S.
761 1742 904 1781 Petrum,
922 1741 981 1773 sub
998 1751 1051 1773 an-

300 1792 378 1824 nulo
390 1791 571 1830 Piscatoris,
590 1791 639 1824 die
655 1790 807 1833 vigesimo
820 1790 932 1834 quinto
944 1790 1052 1822 ianua-

301 1840 350 1881 rii,
362 1851 446 1874 anno
462 1840 630 1873 millesimo
643 1839 899 1884 quingentesimo
913 1839 1051 1883 quadra-

299 1890 433 1933 gesimo,
457 1891 662 1934 pontificatus
682 1889 781 1922 nostri
802 1899 885 1922 anno
905 1899 947 1922 ri.

330 1944 392 1974 Dat.
410 1944 455 1974 die
468 1944 505 1974 ⁶25
523 1944 647 1974 ianuarii
665 1943 755 1980 4520,
772 1943 874 1982 pontif.
891 1951 967 1972 anno
986 1951 1023 1972 vt.

607 2064 736 2096 XXVIII.

299 2126 468 2161 Institutio
487 2125 597 2159 Studia·
614 2126 772 2169 [qeneralis
787 2126 823 2158 in
839 2125 968 2158 civitate
979 2124 1050 2157 Ma,-

344 2179 517 2218 ceratensi,
547 2179 733 2222 provinciae
765 2178 900 2217 Piceni,
940 2177 1052 2211 Status

345 2233 579 2273 Ecclesiastici,
607 2243 677 2265 cum
706 2233 845 2265 aliorum
863 2231 1052 2265 Studiorum

344 2287 544 2331 §eucratium
559 2287 677 2330 yratz'z's
692 2291 720 2320 et
733 2286 915 2330 privilcyiis
926 2286 950 2319 ¹.

369 2355 466 2384 Paulus
489 2356 629 2391 episcopus
649 2362 742 2384 servus
767 2361 906 2384 servorum
924 2353 981 2387 Dei,

465 2406 498 2434 ad
516 2404 642 2434 futuram
660 2405 702 2433 rei
720 2405 889 2433 memoriam.

345 2464 379 2497 In
399 2462 551 2496 eminenti
580 2461 740 2506 dignitatis
764 2461 958 2506 apostolicae
979 2473 1050 2505 spe-

302 2513 394 2552 cula,
422 2511 553 2556 superni
586 2511 793 2556 dispositione
813 2511 954 2551 consilii,
978 2511 1049 2544 licet

339 2576 349 2600 l
367 2574 460 2609 Quoad
477 2574 587 2601 lectores
602 2577 628 2600 et
644 2573 776 2600 scholares
792 2573 919 2600 eiusmodi
937 2573 1048 2600 Studio-

302 2623 372 2645 rum,
392 2614 451 2641 vide
467 2615 544 2641 eti-am
556 2616 634 2642 Cone.
649 2614 733 2647 Titd„
745 2622 810 2642 sess.
829 2621 856 2646 v,
870 2616 905 2640 De
921 2614 1050 2648 Reform,

301 2667 360 2697 cap.
381 2661 403 2686 t.

1726 236 1789 274 983

1087 303 1247 344 immeriti,
1269 301 1442 343 constituti,
1465 302 1502 336 ad
1532 308 1665 336 cunctas
1689 303 1831 336 fidelium

1087 358 1253 401 regiones,
1292 364 1419 391 nostrae
1453 357 1631 399 vigilantiae
1670 357 1835 401 potissime

1086 411 1180 444 etiam
1198 411 1228 443 in
1245 410 1475 455 temporalibus
1492 409 1639 450 creditas,
1658 420 1834 453 earumque

1087 465 1249 507 profectus
1265 469 1295 497 et
1311 464 1493 504 commoda,
1511 468 1674 507 tamquam
1693 468 1834 506 pastores

1087 518 1272 551 universalis
1292 518 1396 561 gregis
1415 517 1579 559 dominici,
1602 522 1728 550 nostrae
1757 529 1835 550 con-

1086 571 1286 604 siderationis
1306 571 1420 612 aciem,
1437 576 1594 614 quantum
1610 569 1702 603 nobis
1718 580 1836 603 conce-

1087 624 1183 663 ditur,
1207 625 1422 664 extendentes,
1446 624 1554 657 fideles
1574 623 1659 667 ipsos
1683 623 1721 656 ad
1742 634 1837 666 quae-

1087 677 1223 709 rendum
1245 678 1410 710 literarum
1432 677 1553 717 studia,
1577 687 1634 720 per
1653 687 1735 720 quae
1756 676 1838 708 mili-

1087 730 1181 763 tantis
1215 730 1373 763 Ecclesiae
1408 730 1589 774 respublica
1623 730 1766 773 geritur,
1801 741 1838 762 ac

1088 783 1184 816 divini
1211 784 1350 816 nominis
1379 789 1409 817 et
1433 784 1506 816 fidei
1536 783 1712 816 catholicae
1733 782 1839 816 cultus

1089 837 1311 880 protenditur,
1339 837 1508 881 omnisque
1533 836 1753 881 prosperitatis
1777 837 1839 870 hu-

1089 902 1202 923 manae
1223 891 1362 924 conditio
1383 897 1539 934 augetur,
1569 896 1695 924 nostrae
1720 890 1839 924 sollici-

1089 943 1208 977 tudinis
1228 955 1300 988 ope,
1324 944 1570 988 apostolicisque
1587 943 1747 977 favoribus
1766 954 1840 988 pro-

1090 998 1220 1041 pensius
1241 998 1426 1031 excitamus.

1134 1052 1148 1094 ξ
1164 1052 1195 1084 t.
1214 1052 1306 1092 Sane,
1318 1063 1375 1095 pro
1386 1057 1473 1095 parte
1489 1052 1681 1085 dilectorum
1698 1052 1840 1086 filiorum

1091 1105 1330 1138 communitatis
1351 1104 1483 1137 civitatis
1503 1111 1629 1138 nostrae
1650 1106 1841 1138 Maceraten—

1091 1157 1132 1190 sis
1142 1158 1233 1191 nobis
1250 1169 1353 1202 nuper
1370 1158 1507 1191 exhibita
1524 1158 1632 1202 petitio
1658 1157 1843 1191 continebat

1091 1211 1187 1255 quod,
1209 1222 1282 1244 cum
1300 1211 1382 1244 dicta
1400 1211 1519 1249 civitas,
1542 1210 1573 1243 in
1593 1222 1655 1254 qua
1676 1211 1771 1244 Curia
1791 1221 1843 1254 ge-

1091 1264 1209 1297 neralis
1234 1265 1390 1298 Marchiae
1411 1270 1538 1298 nostrae
1559 1265 1775 1298 Anconitanae
1795 1275 1844 1297 re-

1092 1317 1184 1359 sidet,
1199 1318 1420 1352 etvictualium
1433 1318 1577 1352 omnium
1589 1318 1681 1362 copia
1693 1317 1841 1359 habetur,

1092 1379 1225 1417 propter
1243 1373 1345 1406 varias
1365 1373 1465 1416 ipsius
1486 1372 1618 1406 civitatis
1644 1371 1844 1406 conditiones

1092 1431 1121 1458 et
1138 1427 1395 1468 commoditates,
1409 1426 1550 1469 generali
1567 1426 1677 1460 Studio
1694 1437 1758 1459 non
1779 1436 1845 1458 mo-

1092 1481 1201 1514 dicum
1223 1486 1296 1524 apta
1317 1486 1497 1521 censeatur,
1520 1491 1556 1513 ac
1576 1480 1773 1524 reipublicae
1793 1490 1844 1512 ex-

1092 1535 1203 1579 pedire
1220 1534 1389 1574 credatur,
1408 1539 1443 1567 ut
1463 1534 1495 1566 in
1524 1534 1593 1577 ipsa
1612 1533 1736 1567 civitate
1757 1544 1842 1566 erna-

1093 1594 1146 1621 net
1180 1589 1250 1621 fons
1283 1588 1489 1621 scientiarum
1507 1587 1659 1631 irriguus,
1687 1587 1725 1621 de
1751 1587 1844 1620 cuius

1093 1641 1315 1685 plenitudine,
1346 1640 1502 1674 universis
1530 1640 1708 1674 literalibus
1740 1641 1842 1674 docu-

1094 1696 1209 1728 mentis
1229 1695 1330 1728 imbui
1351 1695 1528 1738 cupientes,
1550 1694 1681 1728 haurire
1702 1695 1840 1738 possint,

1093 1749 1117 1781 si
1134 1749 1165 1781 in
1182 1749 1293 1782 eadem
1311 1749 1434 1781 civitate
1455 1759 1518 1781 una
1535 1747 1725 1781 Universitas
1740 1747 1842 1780 Studii

1093 1804 1262 1847 generalis,
1277 1803 1511 1845 cuiuscumque
1524 1801 1682 1835 facultatis
1698 1806 1728 1835 et
1742 1801 1843 1835 scien-

1092 1857 1166 1897 tiae,
1189 1857 1365 1899 erigeretur
1385 1861 1416 1889 et
1436 1856 1676 1896 institueretur,
1699 1856 1842 1899 profecto

1093 1910 1314 1943 Maceratensis
1344 1909 1524 1954 praedictae
1550 1914 1580 1942 et
1606 1908 1741 1942 aliarum
1767 1908 1843 1942 civi-

1092 1969 1194 1996 tatum
1204 1975 1239 1997 ac
1251 1965 1363 1997 locoru
1370 1976 1398 1997 m
1411 1963 1716 1997 circumvicinorum
1729 1962 1843 1996 incolis

1093 2022 1123 2050 et
1142 2017 1388 2057 habitatoribus,
1408 2016 1440 2049 in
1461 2016 1592 2049 scientia
1614 2015 1772 2059 proficere
1792 2026 1843 2048 vo-

1093 2071 1242 2111 lentibus,
1261 2081 1375 2114 magna
1395 2069 1606 2103 commoditas
1622 2068 1769 2102 studendi
1786 2079 1842 2112 pa-

1093 2130 1229 2157 raretur.
1267 2125 1311 2157 Ac
1349 2135 1385 2157 ex
1418 2123 1607 2156 eorumdem
1645 2121 1843 2155 studentium

1093 2179 1300 2222 postmodum
1326 2177 1471 2211 doctrina
1491 2182 1521 2210 et
1541 2176 1691 2216 scientia,
1713 2175 1746 2209 in
1766 2176 1841 2208 civi-

1093 2237 1206 2273 tatum,
1229 2238 1387 2265 tcrrarum
1409 2237 1438 2265 et
1459 2232 1604 2264 locorum
1625 2230 1781 2274 regimine
1806 2241 1843 2263 ac

1093 2286 1193 2329 ipsius
1203 2286 1276 2319 tidei
1287 2285 1462 2319 catholicae
1473 2284 1716 2330 propagatione,
1730 2295 1841 2328 quam-

1093 2340 1224 2384 plurimi
1251 2341 1374 2373 fructus
1400 2339 1612 2383 provenirent.
1636 2339 1752 2379 Quare,
1782 2349 1841 2382 pro

1093 2400 1183 2438 parte
1216 2393 1434 2438 praefatorum
1461 2392 1710 2434 communitatis,
1749 2392 1842 2425 nobis

1094 2448 1152 2481 suit
1170 2448 1336 2481 humiliter
1347 2448 1564 2492 supplicatum
1576 2453 1609 2480 ut
1619 2458 1717 2491 super
1735 2446 1784 2486 iis,
1801 2445 1842 2479 ad

1093 2499 1154 2531 hoc
1176 2504 1211 2531 ut
1232 2499 1263 2531 in
1284 2499 1351 2542 ipsa
1367 2498 1489 2531 civitate
1511 2498 1676 2531 literarum
1697 2496 1839 2529 studium

1093 2547 1328 2581 incrementum
1350 2547 1513 2592 suscipiat,
1535 2552 1715 2591 opportune
1732 2545 1839 2589 provi-

1093 2597 1167 2630 dere
1177 2597 1215 2630 de
1224 2597 1419 2641 benignitate
1431 2597 1603 2640 apostolica
1618 2595 1835 2639 dignaremur.

1136 2647 1201 2691 §2
1229 2647 1290 2681 Nos
1324 2647 1430 2691 igitur,
1451 2646 1648 2680 attendentes
1681 2644 1768 2691 quod
1801 2655 1838 2684 ex

1850 251 1900 278 An.
1917 236 1947 277 c‘.
1965 228 2030 277 isto

1881 1061 1960 1083 Caum
1978 1062 2038 1083 tauta·

1855 1094 2021 1115 constitutions.
