2227 3001
106 269 151 297 nn.
171 269 200 296 c.
217 270 286 299 ¹555
345 261 412 297 1194

298 335 383 360 anno
415 325 648 360 Incarnationis
675 324 854 359 dominicae
874 322 1047 356 millesimo
1066 321 1069 342 ³

298 379 556 423 quingentesimo
593 376 934 423 quadragesimotertio
952 403 959 416 ‚
990 376 1047 409 ka-

297 431 400 465 lendis
419 431 615 472 decembris,
637 430 844 474 pontificatus
866 429 968 462 nostri
994 439 1047 462 an-

297 494 339 517 no
359 494 389 517 x.

638 676 699 708 VII.

300 743 483 776 Iar-isdictz'o
516 742 692 775 carnerart'i
724 746 754 774 et
778 741 896 774 iudicis
930 742 1068 783 Curiae,

343 796 445 839 Ripae
476 796 582 828 almae
611 795 716 833 Urbis,
742 795 846 838 quoad
864 806 976 828 causas
1003 785 1068 828 ‘ri-¹*

336 849 426 891 pates
446 847 472 880 1.

374 931 473 960 Paulus
485 932 626 968 episcopus
645 938 740 961 servus
757 938 898 961 servorum
910 932 966 965 Dei.

532 986 610 1013 motu
627 985 737 1021 proprio
756 986 810 1013 etc.

340 1056 419 1089 Cum
439 1056 532 1089 nobis
552 1062 673 1090 constet
695 1068 753 1100 per
774 1057 874 1090 felicis
900 1058 1049 1091 recorda-

124 1109 392 1153 ammasxn'iOniS
423 1110 620 1143 Clementem
654 1111 838 1153 septimum,
861 1112 1050 1155 praedeces·

97 1164 280 1220 ff'sssspfjpffljs
297 1173 401 1196 sorem
413 1168 572 1202 nostrum,
590 1163 825 1207 praeinsertuin
842 1169 965 1197 motum
975 1175 1049 1208 pro-

296 1215 403 1258 prium
424 1215 521 1249 fuisse
541 1226 743 1254 concessum,
768 1222 797 1249 et
823 1216 862 1248 ad
878 1217 1047 1251 utilitatem
1067 1224 1070 1230 ’

294 1268 457 1301 Romanae
484 1267 578 1301 Urbis
605 1273 633 1302 et
663 1268 754 1303 Sedis
779 1270 979 1313 Apostolicac
998 1281 1047 1303 re·
1068 1287 1070 1304 l

296 1321 441 1354 dundare
460 1321 616 1354 videatur.

341 1373 356 1415 ,Ε
375 1373 405 1405 l.
429 1374 502 1414 Nos,
525 1385 607 1417 quae
627 1385 686 1418 per
706 1375 970 1418 praedecessores
990 1386 1047 1407 no·
1069 1377 1070 1380 ’

116 1443 260 1465 confirmatur.
297 1431 379 1459 stros
398 1426 479 1459 facta
499 1426 558 1459 rite
579 1432 608 1459 et
625 1427 749 1459 ratione
770 1438 912 1469 congrua
933 1438 1050 1470 cogno-
1069 1454 1070 1457 ,

297 1478 435 1519 scimus,
458 1483 488 1511 et
516 1485 687 1522 propterea
712 1479 892 1522 approbare
918 1485 949 1512 et.
974 1491 1071 1526 con-1

297 1534 426 1564 tirinare
447 1532 534 1564 omni
556 1532 662 1564 studio
683 1537 709 1563 et
733 1538 850 1565 conatu
866 1532 983 1565 debere
1001 1544 1050 1566 ar-

295 1585 472 1625 bitramur,
494 1596 531 1617 ac
560 1591 730 1628 propterca
766 1586 887 1618 (lictum
921 1587 1070 1629 praeiit-¹

295 1643 416 1670 sertum
438 1643 562 1671 motum
583 1638 765 1681 proprium,
780 1645 809 1670 ct
827 1639 937 1671 omnia
958 1640 989 1671 in
1011 1650 1049 1672 eo
1068 1642 1070 1659 '¹

295 1696 457 1730 contenta,
480 1697 544 1723 tam
566 1691 765 1724 coniunctim
792 1703 889 1735 quani
910 1692 1047 1732 divisim,

295 1744 526 1777 confirmamus
556 1749 604 1779 et.
628 1750 786 1787 quatenus
820 1756 902 1789 opus
930 1746 988 1782 sit,
1011 1747 1050 1780 de

294 1807 375 1829 novo
397 1797 616 1829 concedimus.

339 1850 353 1891 ξ
384 1849 413 1882 ⁶2.
450 1849 611 1881 Addentes
645 1856 811 1892 praetcrea
845 1850 931 1892 quod
964 1851 1049 1884 dicto

127 1923 235 1945 mum,
251 1923 282 1944 ΗΓ,
296 1908 384 1934 motu
406 1901 538 1946 proprio
560 1902 772 1945 praeinserto,
792 1913 848 1946 per
865 1914 922 1936 nos
941 1904 1049 1947 aliquo

98 1954 283 2006 fssss‘ssjffjset’ffie-
296 1956 391 1987 niodo
408 1955 595 1998 derogatum
614 1967 682 1988 esse
702 1967 766 1988 non
789 1963 970 1998 censeatur,
987 1957 1049 1990 nisi
1069 1951 1071 1987 ἶ

296 2008 333 2039 ‹l·¹
359 2008 454 2040 verbo
480 2008 519 2040 ad
544 2008 675 2040 verbum
700 2009 731 2040 in
760 2010 1071 2052 supplicationibus*

297 2071 352 2092 seu
373 2066 461 2092 motu
482 2060 617 2104 proprio
638 2066 689 2093 aut
713 2072 770 2105 per
798 2061 876 2094 alias
911 2062 1051 2105 signatu-

297 2124 348 2146 ras
377 2119 513 2152 nostras,
544 2119 571 2146 et
599 2113 694 2146 etiam
723 2125 779 2157 per
801 2115 935 2149 dilectos
967 2117 1051 2150 filios

297 2166 515 2210 praesidentes
541 2172 568 2198 et
596 2166 730 2198 clerico>
749 2168 902 2201 Gamerae
922 2176 1050 2203 nostrae
1070 2172 1072 2205 ἲ

296 2219 499 2261 Apostolicae
528 2219 648 2251 mentio
678 2219 714 2251 dc
746 2220 830 2253 dicto
860 2228 949 2254 motu
978 2209 1072 2266 pro-³

298 2271 369 2314 prio
390 2271 470 2303 sacta
491 2281 555 2303 non
576 2271 682 2303 suerit.

343 2328 357 2363 ,ξ
377 2323 410 2357 3.
432 2324 466 2356 Et
489 2324 576 2367 quod
596 2324 671 2356 dicti
692 2324 843 2359 officiales
863 2328 965 2361 almae
995 2329 1051 2362 Ur-

120 2392 286 2415 Iurisdietioea-
300 2376 360 2415 bis,
382 2387 587 2419 quacumque
606 2379 796 2410 auctoritate
816 2379 994 2422 fungentes,
1018 2381 1051 2414 in

101 2423 285 2452 ''0¹⁶¹liffiP’0i*
301 2429 405 2463 causis
426 2429 648 2462 criminalibus
667 2429 700 2462 in
724 2429 805 2463 dicta
827 2432 905 2475 Ripa
926 2439 953 2465 et
983 2435 1051 2467 eius

102 2456 173 2476 causis
187 2456 287 2476 criminor

101 2485 165 2507 liw-
301 2482 460 2524 districtu,
473 2482 512 2516 in
533 2482 638 2516 causis
656 2481 812 2527 ripalibus
839 2486 883 2517 nel
912 2486 941 2517 in
963 2486 1052 2530 ratiis

330 2561 336 2584 t
356 2558 455 2586 Iudicis
477 2565 569 2588 auten]
593 2563 706 2590 atterius
721 2565 804 2598 Ripae
820 2567 1037 2597 iurisdictionem
1065 2558 1073 2604 ἶ

288 2599 375 2627 habes
391 2601 415 2627 in
432 2604 629 2632 constitutione
643 2613 671 2632 iv
690 2605 839 2634 clementis
855 2609 910 2643 Vll,
930 2611 1035 2646 Nuper,

289 2648 352 2675 pag.
368 2644 400 2669 55
416 2643 500 2671 huius
518 2647 594 2672 tomi.
1061 2624 1072 2684 i

895 267 1073 294 BULLARIU'M
1097 267 1247 291 ROMANUM

1854 260 2036 290 An.c.1555

1090 330 1296 365 quocumque
1325 320 1420 354 modo
1440 319 1713 365 provenientibus,
1744 317 1837 352 etiam

1090 383 1163 405 cum
1185 371 1341 405 effusione
1367 372 1547 415 sanguinis,
1565 383 1597 405 se
1626 371 1838 405 intromittere

1088 435 1163 457 noni
1199 424 1319 467 possint
1349 435 1407 457 nec
1439 425 1579 465 valeant;
1615 425 1670 458 sed
1694 424 1839 458 executio

1088 476 1245 509 dictarum
1255 487 1426 509 causarum
1436 481 1465 509 et
1475 476 1614 520 cognitio
1623 477 1663 510 ad
1672 477 1838 510 dominum

1088 528 1302 562 camerarium
1331 529 1431 573 Ripae
1459 534 1578 573 spectet
1607 535 1637 563 et
1668 529 1835 573 pertineat.

1133 582 1147 625 ξ
1166 581 1196 614 4.
1221 583 1264 614 Ac
1285 581 1380 614 etiam
1402 592 1460 626 per
1477 581 1655 616 visitatores
1671 592 1837 616 carcerum
1860 593 1992 616 Camerarius
2004 602 2038 617 ⁵0-

1089 635 1229 678 aliquem
1250 644 1310 680 pro
1336 634 1442 668 debito
1476 634 1568 678 ripali
1601 635 1837 668 incarceratum
1853 626 2037 678 }2{S⁰³J,⁰„⁹{‡‡ss{

1089 687 1119 719 in
1149 698 1355 732 quacumque
1376 688 1466 721 curia
1491 688 1653 721 Romanae
1678 687 1767 721 urbis
1786 698 1837 721 re·
1853 689 1892 708 ¹⁸¹·

1088 739 1188 774 laxari
1211 750 1277 773 non
1297 739 1415 784 possit,
1451 739 1510 772 nisi
1545 740 1583 774 de
1617 749 1774 773 consensu
1808 745 1840 773 et

1088 793 1249 825 voluntate
1285 792 1453 825 camerarii
1482 791 1582 836 Ripae
1601 797 1632 826 et
1659 792 1838 826 interventu

1088 845 1205 878 notarii
1225 844 1328 878 dictae
1353 844 1463 888 Ripae.

1132 898 1146 941 ξ
1167 898 1197 931 5.
1224 898 1356 932 Necnon
1382 901 1569 931 executores
1592 898 1754 932 Romanae
1782 911 1838 933 ur-
1853 902 2038 954 ¹8⁰³a⁰5010⁰¹¹5

1088 951 1136 984 bis
1156 957 1187 984 et
1205 951 1374 984 bariscllus
1389 961 1453 984 non
1474 951 1596 995 possint
1619 951 1742 996 aliquas
1765 963 1839 986 exe·
1853 937 2040 986 iissessssissssiff'iss

1089 1004 1236 1037 cutiones
1255 1014 1313 1047 pro
1334 1003 1440 1037 debito
1461 1003 1556 1047 ripali
1577 1003 1610 1037 in
1631 1003 1700 1048 ipsa
1719 1011 1750 1038 et
1770 1005 1840 1039 eius
1854 998 1980 1023 ¹⁰‘³¹¹'¹¹’‘¹¹''

1089 1056 1235 1090 districtu
1254 1056 1378 1094 faeere,
1405 1062 1447 1097 et,
1478 1055 1503 1089 si
1524 1057 1631 1089 forsan
1650 1057 1751 1091 factae
1769 1058 1839 1092 fue-

1089 1110 1163 1146 rint,
1196 1110 1303 1143 nullae
1324 1115 1352 1142 et
1373 1109 1528 1143 invalidae
1553 1109 1615 1143 sint
1643 1114 1674 1143 et
1693 1110 1837 1144 existant.

1089 1164 1130 1195 Ac
1148 1162 1240 1195 dictis
1255 1162 1482 1196 executoribus
1502 1163 1625 1206 possint
1640 1174 1698 1207 per
1717 1163 1838 1198 dictum

1090 1216 1303 1249 camerarium
1328 1216 1426 1259 Ripae
1450 1216 1488 1249 de
1507 1215 1589 1249 sacto
1604 1217 1753 1259 relaxari,
1771 1217 1840 1251 abs-

1089 1279 1152 1312 que
1186 1269 1294 1311 aliqua
1314 1269 1474 1302 solutione
1494 1268 1692 1303 executionis
1711 1280 1748 1303 ac
1772 1280 1841 1303 car-

1090 1320 1183 1354 ceris.

1134 1375 1148 1418 g
1169 1376 1198 1407 6.
1223 1375 1404 1408 Mandantes
1424 1380 1597 1419 propterea
1624 1375 1748 1409 dilectis
1767 1375 1842 1410 filiis
1856 1378 2042 1431 ,Jffiissmssbssssss

1090 1428 1193 1460 almae
1222 1427 1316 1461 Urbis
1348 1427 1575 1470 gubernatori,
1610 1428 1749 1462 auditori
1782 1429 1995 1463 (la-mmmm

1091 1491 1210 1520 merae,
1234 1480 1374 1514 senatori
1394 1481 1499 1521 Urbis,
1530 1480 1660 1522 vicario,
1691 1482 1842 1516 barisello

1068 1529 1071 1571 ἶ
1091 1539 1117 1565 et
1140 1533 1211 1566 aliis
1230 1534 1491 1577 quibuscumque
1507 1534 1668 1567 Romanae
1693 1535 1782 1568 urbis
1796 1536 1842 1569 of-

1090 1586 1262 1626 ficialibus,
1279 1593 1449 1629 quatenus,
1465 1586 1524 1620 sub
1540 1588 1842 1623 excommunicatio-

1089 1639 1138 1672 nis
1159 1645 1186 1672 et
1209 1640 1295 1672 mille
1323 1639 1515 1672 ducatorum
1535 1640 1606 1673 auri
1622 1640 1745 1684 poenis,
1767 1651 1842 1675 con-

1090 1698 1177 1725 tenta
1206 1693 1239 1725 in
1266 1693 1427 1736 praesenti
1455 1698 1545 1726 motu
1573 1694 1706 1737 proprio
1731 1695 1842 1728 obser-

1090 1750 1175 1785 vent⁷
1197 1756 1233 1778 ac
1259 1745 1297 1778 ab
1318 1744 1387 1778 aliis
1403 1745 1564 1778 observari
1584 1745 1701 1781 saciant
1719 1752 1750 1782 et
1771 1759 1843 1792 per-

1091 1797 1228 1830 mittant.

1135 1852 1149 1891 §
1171 1850 1200 1883 7.
1230 1850 1301 1883 Non
1332 1848 1532 1884 obstantibus
1561 1852 1843 1887 constitutionibus
1867 1861 1936 1898 §unis
1953 1861 2042 1884 obstan-

1091 1909 1118 1935 ct
1141 1903 1398 1936 ordinationibus
1418 1904 1619 1947 apostolicis,
1637 1905 1708 1939 stilo
1731 1907 1843 1940 Palatii
1857 1892 1922 1914 ''bu‘'

1090 1956 1268 2000 ceterisque
1289 1956 1321 1989 in
1341 1957 1540 1990 contrarium
1561 1958 1750 1993 facientibus
1769 1962 1842 2003 qui-

1090 2010 1305 2053 huscunique.

1136 2062 1343 2096 Pontificatus
1363 2062 1463 2096 nostri
1484 2073 1568 2096 anno
1588 2064 1707 2107 primo.

1224 2116 1331 2148 Placet
1348 2121 1378 2149 et
1398 2116 1440 2149 ita
1459 2116 1660 2151 mandamus.
1683 2118 1719 2151 A.

1302 2169 1426 2212 (Papae
1443 2170 1656 2214 subscriptio).

1137 2221 1218 2254 Visa.
1251 2221 1432 2266 Philippus,
1460 2221 1611 2256 Gamerae
1641 2224 1842 2268 Apostolicae

1092 2274 1244 2307 decanus.

1135 2327 1216 2359 Visa.
1240 2327 1282 2359 lo.
1306 2327 1451 2367 Carolus,
1477 2327 1628 2362 Gamerae
1640 2329 1841 2374 Apostolicae

1092 2379 1240 2412 clericus.

2211 330 2227 411 *east*
