2227 3001
83 263 133 292 An.
151 263 179 291 0.
198 265 261 292 1550
927 265 1045 290 muzus
1064 267 1095 290 iv
1114 268 1160 290 pr.
1719 259 1783 293 513

321 317 384 361 §tl
418 317 502 351 Motu
531 317 663 363 proprio
693 324 722 352 et
747 329 784 353 ex
809 323 895 353 certa
920 326 1025 353 nostra
1048 352 1049 362 y

114 376 218 411 Arne-1¹³⁰,
230 377 262 402 «tv
277 371 425 411 scientia,
448 382 559 405 omnes
586 378 617 405 et
641 373 782 416 singulas
805 373 893 415 lites,
916 384 1027 407 causas

81 407 303 458 Μι”’““ὺ”“’“’“’)’01
340 426 591 467 controversias,
625 438 707 471 quac
732 438 841 460 coram
866 438 1026 471 quocum-

275 490 337 524 que
357 479 464 513 iudice
485 480 649 514 ordinario
666 482 712 514 vel
737 481 883 524 delegato
897 509 904 522 ‚
932 493 1025 526 prae-

274 538 420 577 terquam
455 534 629 567 venerabili
671 534 767 568 fratre
807 535 1023 580 Hieronymo,

273 586 426 632 episcopo
454 587 661 629 Torcellano,
688 588 890 622 thesaurario
915 594 1025 622 nostro

272 642 433 684 generali,
456 647 487 676 et
506 643 694 676 eorumdem
717 643 895 687 spoliorum
912 643 944 676 in
959 648 1025 677 tota

272 695 360 730 ltalia
398 697 571 730 collectore
610 697 753 740 generali
792 708 850 741 per
884 708 941 731 nos
974 698 1026 731 de-

271 756 394 796 putato,
421 757 452 785 et
475 751 562 785 illius
587 752 741 786 ministris
774 763 810 786 ac
831 752 1021 794 substitutis,

271 817 369 850 super
388 805 553 849 quibusvis
573 805 718 850 ipsorum
752 806 932 850 spoliorum
966 818 1024 841 ne-

270 859 370 902 gociis
401 859 433 892 in
458 859 547 893 Italia
566 860 754 893 huiusmodi
780 860 922 894 indecise
943 872 1023 905 pen-

271 913 356 954 dent,
377 924 489 946 earum
510 918 610 947 status
630 919 661 947 et
680 913 807 955 merita,
829 925 866 948 30
890 915 1023 949 nomina

271 971 301 1000 et
327 967 522 1010 cognomina
545 967 691 1001 iudicum
719 974 749 1001 et
775 968 1022 1012 collitigantium

271 1021 492 1065 praesentibus
506 1032 566 1066 pro
586 1021 743 1066 expressis
762 1021 928 1064 habentes,
945 1034 1023 1066 qua-

268 1080 362 1110 tenus
385 1075 561 1110 instructae
582 1086 647 1109 non
669 1076 743 1117 sint,
765 1077 803 1110 ad
824 1087 883 1110 nos
903 1077 1021 1111 harum

268 1130 351 1164 serie
370 1141 552 1171 avocamuS,
573 1130 708 1174 illasque
738 1141 774 1163 ac
794 1129 863 1174 ipsa
887 1131 1022 1173 negocia

267 1184 300 1217 in
324 1189 407 1218 statu
427 1189 458 1217 et
476 1184 640 1225 terminis,
660 1184 692 1216 in
713 1184 831 1228 quibus
851 1185 1021 1228 reperiun—

267 1244 331 1279 tur,
353 1237 457 1271 eidem
491 1237 687 1282 Hieronymo
712 1237 878 1281 episcopo,
901 1249 959 1282 per
988 1248 1021 1272 se

266 1292 313 1324 vel
334 1290 403 1324 eius
422 1291 599 1331 ministros,
618 1290 703 1324 iuxta
726 1296 870 1324 tenorem
887 1302 1019 1325 suarum

264 1344 470 1385 facultatum,
498 1344 737 1387 cognoscendas
769 1350 800 1377 et
824 1344 888 1378 fine
913 1345 1019 1379 debito

264 1397 492 1439 terminandas,
528 1398 705 1442 apostolica
729 1399 937 1439 auctoritate,
972 1405 1018 1433 te-

262 1463 341 1486 nore
358 1452 588 1496 praesentium,
598 1451 793 1485 remittimus
804 1457 846 1494 et,
859 1458 1019 1497 quatenus

262 1511 420 1550 oporteat,
443 1506 482 1540 de
502 1516 584 1539 novo
606 1506 851 1540 committimus.

306 1560 321 1603 ξ,
341 1559 372 1593 3.
400 1560 438 1593 Et
455 1560 542 1603 quod
563 1560 603 1593 de
623 1565 731 1594 cetero
751 1560 822 1594 lites
853 1567 882 1594 et
902 1572 1018 1595 causae

62 1612 247 1672 ψοιξῖῑςῑθὶἑζῐέῖζ
262 1613 448 1647 huiusmodi
468 1624 486 1646 a
510 1614 600 1647 nullo
621 1614 684 1647 alio
705 1625 801 1657 quam
822 1614 1017 1659 Hieronymo

61 1677 194 1698 mesa-mnu
212 1667 415 1712 ge-episcopo
446 1678 503 1700 seu
529 1667 568 1700 ab
602 1678 640 1700 eo
665 1678 763 1711 super
788 1668 879 1701 dictis
906 1670 1017 1712 spoliis

59 1708 245 1761 ffifflffiwffl'
260 1731 319 1765 pro
352 1726 498 1765 tempore
531 1720 692 1764 deputatis
716 1721 946 1755 collectoribus
966 1734 1017 1756 co-

257 1774 452 1818 gnosci,nec
468 1774 576 1815 alteri,
595 1774 656 1808 nisi
677 1786 734 1818 per
755 1776 1014 1809 commissionem

256 1839 354 1862 manu
375 1834 484 1862 nostra
506 1829 675 1872 signatam,
699 1830 878 1873 eodemque
899 1830 1014 1864 Hiero-

255 1893 350 1928 nymo
379 1882 534 1927 episcopo
569 1883 676 1923 citato,
713 1884 760 1915 rel
790 1894 849 1927 per
869 1885 1012 1918 eiusdem

254 1936 439 1981 Hieronymi
473 1936 618 1980 episcopi
647 1937 755 1970 literas
781 1939 940 1972 committi
967 1940 1013 1973 vel

254 1990 395 2035 delegari
406 1990 541 2035 possint;
559 1991 712 2036 quodque
733 1991 911 2034 citationes,
930 1993 1014 2026 inhi-

254 2043 390 2078 bitiones
419 2045 466 2077 vel
500 2044 669 2085 mandata,
692 2056 776 2088 quae
801 2045 893 2079 aliter
913 2057 1011 2091 quam

253 2110 290 2131 ex
310 2098 594 2132 commissionibus
608 2125 615 2139 ‚
638 2104 674 2131 ut
693 2099 888 2143 praefertur,
912 2093 1009 2134 manu

252 2157 361 2185 nostra
381 2151 523 2195 signatis,
542 2152 721 2196 eodemque
737 2153 933 2198 Hieronymo
945 2155 1011 2198 epi-

251 2216 350 2250 scopo
363 2205 470 2247 citato,
483 2207 533 2239 vel
544 2206 646 2239 literis
658 2206 803 2240 eiusdem
822 2208 1008 2253 Hieronymi

251 2259 395 2304 episcopi
416 2260 645 2301 emanaverint,
669 2261 776 2304 quoad
797 2272 908 2295 earum
931 2274 1006 2296 cau-

250 2324 359 2347 sarum
371 2312 644 2347 introductionem
661 2320 691 2347 et
706 2314 770 2348 litis
786 2316 1003 2359 pendentiam,

249 2378 306 2401 seu
326 2367 556 2401 iurisdictionis
567 2378 603 2401 30
620 2379 832 2412 processuum
849 2370 1005 2413 praedicti

249 2421 434 2466 Hieronymi
455 2421 598 2466 episcopi
628 2428 658 2455 et
689 2422 757 2456 eius
782 2423 1004 2458 ministrorum

248 2475 517 2521 impedimentum
537 2476 586 2509 vel
597 2476 859 2518 retardationem,
882 2479 1004 2514 nullius

248 2525 310 2559 sint
325 2524 452 2565 roboris
463 2525 512 2558 vel
523 2525 690 2567 momenti,
702 2526 786 2560 dicta
798 2528 1000 2570 auctoritate,

247 2585 305 2620 per
325 2574 453 2608 easdem
474 2580 659 2618 praesentes
674 2576 844 2610 statuimus
865 2582 891 2611 et
914 2578 1001 2611 ordi·
1021 2598 1023 2603 ›

447 2621 449 2623 ’
1021 2649 1022 2652 ,
1043 2622 1225 2656 Sanctitatis
1249 2623 1330 2658 Suae
1355 2626 1527 2660 recitandis
1551 2626 1716 2670 interesse,
1739 2640 1795 2663 seu

245 2633 371 2657 namus.
508 2652 513 2656 .

288 2671 354 2715 gli.
390 2671 604 2707 Decernentes
637 2684 672 2707 ex
698 2685 783 2708 nune
813 2675 941 2710 irritum
971 2682 1002 2710 et

323 2725 396 2758 Ball,
422 2725 498 2757 Rom.
527 2727 581 2758 Vol.
609 2728 650 2759 VJ.
863 2731 900 2761 65

1017 2706 1023 2726 t

1070 320 1164 353 inane
1184 320 1340 364 quidquid
1361 320 1454 354 aliter
1472 331 1490 354 a
1510 331 1687 366 quoquam,
1712 323 1820 355 cuius-

1047 366 1049 381 ³
1069 374 1113 406 vi>-
1133 374 1331 408 auctoritatis
1351 380 1378 408 et
1402 375 1676 419 przrcminentiae,
1694 383 1725 423 et
1744 388 1824 421 qua-

1069 438 1219 472 cumque,
1233 429 1327 462 etiam
1340 430 1508 472 legationis
1523 430 1561 463 de
1578 431 1677 463 latere
1697 431 1743 463 vel
1764 431 1825 464 alia

1068 482 1221 525 dignitate
1243 494 1278 516 ac
1299 488 1454 526 potestate
1489 484 1660 527 fungente,
1682 495 1821 527 quomo-

1068 536 1188 569 dolibet
1208 537 1378 580 contigerit
1397 538 1556 571 attentari.
1581 538 1648 571 Non
1670 538 1823 571 obstanti—

1067 590 1128 623 bus
1144 591 1427 624 constitutionibus
1439 598 1467 625 et
1480 592 1738 626 ordinationibus
1748 603 1823 637 apo-

1068 644 1203 681 stolicis,
1227 644 1404 689 ceterisque
1425 646 1595 679 contrariis
1614 646 1824 691 quibuscum-

1067 709 1142 741 que.

1110 752 1224 785 Datum
1245 752 1365 786 Romae
1390 755 1475 797 apud
1495 754 1648 787 Sanctum
1669 755 1819 796 Petrum,

1067 806 1126 839 sub
1147 808 1267 840 annulo
1288 807 1469 848 piscatoris,
1487 808 1537 841 die
1552 808 1678 842 decima
1698 809 1819 853 aprilis,

1067 860 1238 894 millesimo
1259 862 1516 905 quingentesimo
1538 862 1822 907 quinquagesimo*

1066 919 1165 956 sexto,
1188 916 1397 959 pontificatus
1417 917 1518 950 nostri
1539 927 1624 951 anno
1646 928 1665 951 1.

1128 972 1186 1003 Dat.
1212 975 1313 1005 111610
1332 976 1433 1015 aprilis
1457 976 1540 1014 1556,
1563 981 1639 1016 pout.
1660 986 1705 1006 an.
1730 987 1747 1007 ι.

1400 1151 1478 1185 xlii.

1062 1226 1203 1261 Sanctae
1222 1227 1389 1261 Romanae
1404 1228 1566 1262 Ecclesiae
1576 1231 1767 1270 cardinales,
1780 1233 1819 1265 ab

1110 1281 1192 1314 Urbe
1211 1282 1373 1325 quaive‘sde
1392 1293 1490 1315 01111511,
1514 1284 1668 1323 absentes,
1691 1286 1729 1317 cle
1752 1286 1818 1319 dis-

1108 1335 1338 1369 tributionibus
1357 1336 1484 1369 ratione
1496 1337 1578 1380 pilei
1594 1339 1730 1371 minime
1739 1350 1818 1382 qau-

1106 1389 1189 1430 dere,
1208 1401 1266 1423 nec
1283 1401 1353 1423 cum
1373 1392 1598 1434 praesencilms
1614 1392 1656 1425 acl
1671 1393 1818 1426 ecclesia—

1105 1454 1179 1476 rum
1197 1445 1359 1487 optionem
1379 1446 1424 1477 eis
1442 1456 1503 1488 pro
1526 1446 1630 1479 titulis
1645 1448 1817 1492 assiynan-

1105 1498 1376 1542 clcu‘zmtfldmilless
1386 1510 1478 1543 posse
1497 1501 1603 1534 sancit
1625 1500 1649 1535 1.

1310 1581 1409 1611 Paulus
1428 1582 1499 1618 Papa
1517 1582 1558 1612 lv.

1103 1652 1117 1692 ,ξ
1142 1653 1174 1685 ¹1.
1203 1652 1429 1687 Sanctissimus
1454 1654 1605 1689 dominus
1630 1663 1739 1691 noster
1768 1664 1814 1691 at-

1059 1705 1194 1738 tendens
1220 1717 1285 1739 non
1310 1718 1451 1751 aequum
1477 1720 1545 1742 esse
1574 1711 1661 1753 quod
1686 1716 1815 1746 sanctae

1058 1758 1201 1793 Romane
1229 1760 1391 1795 Ecclesiae
1425 1763 1604 1797 cardinales
1637 1765 1677 1798 ab
1712 1765 1812 1807 Urbe,

1058 1813 1153 1846 etiam
1175 1814 1213 1847 de
1234 1814 1363 1848 licentia
1380 1816 1562 1850 Sanctitatis
1577 1817 1674 1860 Suae,
1695 1819 1813 1853 absen-

1057 1872 1114 1905 tes,
1138 1878 1211 1901 cum
1233 1869 1303 1902 aliis
1323 1870 1541 1904 cardinalibus
1566 1871 1599 1904 in
1624 1872 1708 1906 dicta
1729 1874 1812 1907 Urbe

1056 1921 1279 1963 praesentibus
1305 1929 1335 1956 et
1364 1924 1530 1957 Sanctitati
1560 1925 1643 1959 Suae.
1668 1926 1701 1959 in
1730 1928 1812 1972 regi-

1056 1974 1142 2008 mine
1162 1975 1350 2010 universalis
1371 1977 1532 2012 Ecclesiae
1558 1980 1712 2014 continue
1737 1983 1811 2015 assi-

1054 2029 1223 2071 stentibus,
1242 2029 1273 2062 in
1294 2030 1425 2073 optione
1445 2033 1671 2075 ecclesiarum,
1688 2035 1807 2069 eisdem

1054 2082 1272 2117 cardinalibus
1293 2096 1350 2128 pro
1371 2085 1473 2119 titulis
1494 2097 1550 2120 seu
1575 2088 1808 2124 denominatio-

1053 2136 1147 2170 nibus
1163 2138 1421 2172 cardinalatuum
1437 2151 1571 2174 suorum
1588 2143 1743 2187 assignari
1758 2155 1808 2178 so-

1052 2190 1194 2233 litarum,
1216 2201 1429 2235 concurrant,
1447 2196 1568 2237 auteis,
1582 2198 1805 2242 participando

1051 2245 1089 2278 de
1109 2245 1401 2288 distributionibus,
1414 2249 1537 2283 ratione
1554 2250 1685 2294 pilei,in
1695 2253 1803 2297 aliquo

1050 2299 1289 2341 praeiudicent;
1317 2303 1426 2335 volens
1446 2303 1586 2348 desuper
1619 2311 1801 2350 opportune

1050 2353 1229 2395 providere,
1253 2356 1362 2388 statuit
1387 2362 1417 2389 et
1445 2357 1602 2391 ordinavit.
1622 2360 1801 2394 cardinales

1047 2406 1086 2438 ab
1102 2407 1213 2440 eadem
1226 2408 1309 2441 Urbe
1320 2409 1480 2451 absentes,
1494 2421 1559 2444 non
1570 2412 1710 2446 valentes
1725 2424 1801 2447 con-

1047 2459 1182 2493 sistoriis
1196 2471 1233 2494 ac
1249 2463 1454 2503 generalibus
1473 2475 1529 2497 seu
1550 2465 1799 2508 particularibus

1047 2515 1351 2558 congregationibus
1384 2528 1442 2560 per
1469 2518 1674 2552 Sanctitatem
1700 2520 1796 2554 Suam

1045 2567 1256 2610 celebrandis,
1269 2576 1324 2603 aut
1338 2570 1452 2605 divinis
1468 2572 1582 2606 officiis
1602 2573 1633 2606 in
1650 2575 1797 2619 cappella

1077 2692 1088 2718 t
1113 2691 1151 2718 Ex
1168 2690 1271 2723 aegaei.
1295 2693 1318 2718 in
1340 2693 1447 2720 trebir.
1471 2694 1552 2723 Vatic.

1846 269 1895 294 An.
1914 270 1943 296 C.
1963 271 2029 297 1556

1876 330 1938 351 Inita
1953 332 2025 352 decla—

1841 364 2028 383 nmini-canuam

1841 400 1994 421 (lllttsst'llllvlssca

1853 1663 1964 1686 Feri-etum
1981 1666 2013 1689 (dc

1831 1701 1870 1721 quo
1881 1696 1901 1715 ἰη
1914 1697 2012 1723 rubrica⁴
