<?xml version="1.0" encoding="UTF-8"?>
<!DOCTYPE html PUBLIC "-//W3C//DTD XHTML 1.0 Transitional//EN"
    "http://www.w3.org/TR/xhtml1/DTD/xhtml1-transitional.dtd">
<html xmlns="http://www.w3.org/1999/xhtml" xml:lang="en" lang="en">
 <head>
  <title>
</title>
<meta http-equiv="Content-Type" content="text/html;charset=utf-8" />
  <meta name='ocr-system' content='tesseract 3.04.00' />
  <meta name='ocr-capabilities' content='ocr_page ocr_carea ocr_par ocr_line ocrx_word'/>
</head>
<body>
  <div class='ocr_page' id='page_1' title='image "./bullarumdiplomat06cath_0032.png"; bbox 0 0 2227 3001; ppageno 0'>
   <div class='ocr_carea' id='block_1_1' title="bbox 231 300 411 327">
    <p class='ocr_par' dir='ltr' id='par_1_1' title="bbox 231 300 411 327">
     <span class='ocr_line' id='line_1_1' title="bbox 231 300 411 327; baseline -0.006 0"><span class='ocrx_word' id='word_1_1' title='bbox 231 302 279 327; x_wconf 82' lang='grc' dir='ltr'>Αη.</span> <span class='ocrx_word' id='word_1_2' title='bbox 303 300 329 325; x_wconf 78' lang='lat' dir='ltr'>C.</span> <span class='ocrx_word' id='word_1_3' title='bbox 347 301 411 326; x_wconf 65' lang='lat' dir='ltr'>t525</span> 
     </span>
    </p>
   </div>
   <div class='ocr_carea' id='block_1_2' title="bbox 423 289 1186 1715">
    <p class='ocr_par' dir='ltr' id='par_1_2' title="bbox 423 289 1186 1715">
     <span class='ocr_line' id='line_1_2' title="bbox 475 289 511 321; baseline -0.083 0"><span class='ocrx_word' id='word_1_4' title='bbox 475 289 511 321; x_wconf 70' lang='lat' dir='ltr'>lt&#39;»</span> 
     </span>
     <span class='ocr_line' id='line_1_3' title="bbox 426 343 1171 393; baseline -0.016 -9"><span class='ocrx_word' id='word_1_5' title='bbox 426 352 538 384; x_wconf 89' lang='lat' dir='ltr'>simam</span> <span class='ocrx_word' id='word_1_6' title='bbox 565 351 650 383; x_wconf 85' lang='lat' dir='ltr'>illam</span> <span class='ocrx_word' id='word_1_7' title='bbox 679 354 822 393; x_wconf 68' lang='lat' dir='ltr'>gentem,</span> <span class='ocrx_word' id='word_1_8' title='bbox 852 357 934 389; x_wconf 82' lang='lat' dir='ltr'>quae</span> <span class='ocrx_word' id='word_1_9' title='bbox 961 343 1171 376; x_wconf 76' lang='lat' dir='ltr'>christianum</span> 
     </span>
     <span class='ocr_line' id='line_1_4' title="bbox 425 395 1173 447; baseline -0.015 -10"><span class='ocrx_word' id='word_1_10' title='bbox 425 404 612 447; x_wconf 75' lang='lat' dir='ltr'>sanguinem</span> <span class='ocrx_word' id='word_1_11' title='bbox 630 402 716 435; x_wconf 81' lang='lat' dir='ltr'>avide</span> <span class='ocrx_word' id='word_1_12' title='bbox 733 402 807 441; x_wconf 81' lang='lat' dir='ltr'>sitit,</span> <span class='ocrx_word' id='word_1_13' title='bbox 820 405 849 433; x_wconf 77' lang='lat' dir='ltr'>et</span> <span class='ocrx_word' id='word_1_14' title='bbox 865 397 982 432; x_wconf 84' lang='lat' dir='ltr'>nostris</span> <span class='ocrx_word' id='word_1_15' title='bbox 997 395 1173 429; x_wconf 83' lang='lat' dir='ltr'>cervicibus</span> 
     </span>
     <span class='ocr_line' id='line_1_5' title="bbox 426 449 1173 493; baseline -0.013 -3"><span class='ocrx_word' id='word_1_16' title='bbox 426 458 582 493; x_wconf 85' lang='lat' dir='ltr'>imminet,</span> <span class='ocrx_word' id='word_1_17' title='bbox 597 456 803 489; x_wconf 82' lang='lat' dir='ltr'>iustissimum</span> <span class='ocrx_word' id='word_1_18' title='bbox 816 454 935 486; x_wconf 86' lang='lat' dir='ltr'>bellum</span> <span class='ocrx_word' id='word_1_19' title='bbox 956 449 1119 492; x_wconf 81' lang='lat' dir='ltr'>suscipiet,</span> <span class='ocrx_word' id='word_1_20' title='bbox 1137 459 1173 480; x_wconf 81' lang='lat' dir='ltr'>ac</span> 
     </span>
     <span class='ocr_line' id='line_1_6' title="bbox 425 501 1171 554; baseline -0.016 -10"><span class='ocrx_word' id='word_1_21' title='bbox 425 517 470 543; x_wconf 85' lang='lat' dir='ltr'>tot.</span> <span class='ocrx_word' id='word_1_22' title='bbox 490 510 668 554; x_wconf 85' lang='lat' dir='ltr'>provincias</span> <span class='ocrx_word' id='word_1_23' title='bbox 688 515 715 542; x_wconf 88' lang='lat' dir='ltr'>et</span> <span class='ocrx_word' id='word_1_24' title='bbox 738 518 832 550; x_wconf 72' lang='lat' dir='ltr'>regna</span> <span class='ocrx_word' id='word_1_25' title='bbox 857 506 896 538; x_wconf 84' lang='lat' dir='ltr'>ab</span> <span class='ocrx_word' id='word_1_26' title='bbox 916 504 993 547; x_wconf 86' lang='lat' dir='ltr'>ipsis</span> <span class='ocrx_word' id='word_1_27' title='bbox 1012 501 1125 535; x_wconf 60' lang='lat' dir='ltr'>Turi-is</span> <span class='ocrx_word' id='word_1_28' title='bbox 1144 507 1171 533; x_wconf 82' lang='lat' dir='ltr'>et</span> 
     </span>
     <span class='ocr_line' id='line_1_7' title="bbox 424 554 1175 602; baseline -0.013 -6"><span class='ocrx_word' id='word_1_29' title='bbox 424 563 492 596; x_wconf 77' lang='lat' dir='ltr'>aliis</span> <span class='ocrx_word' id='word_1_30' title='bbox 521 563 704 596; x_wconf 84' lang='lat' dir='ltr'>intidelibus</span> <span class='ocrx_word' id='word_1_31' title='bbox 731 564 887 602; x_wconf 81' lang='lat' dir='ltr'>occupata</span> <span class='ocrx_word' id='word_1_32' title='bbox 906 554 1122 599; x_wconf 72' lang='lat' dir='ltr'>recuperabit,</span> <span class='ocrx_word' id='word_1_33' title='bbox 1145 559 1175 587; x_wconf 86' lang='lat' dir='ltr'>et</span> 
     </span>
     <span class='ocr_line' id='line_1_8' title="bbox 423 607 1175 651; baseline -0.015 -1"><span class='ocrx_word' id='word_1_34' title='bbox 423 627 542 651; x_wconf 75' lang='lat' dir='ltr'>nomen</span> <span class='ocrx_word' id='word_1_35' title='bbox 563 614 732 649; x_wconf 79' lang='lat' dir='ltr'>Salvatoris</span> <span class='ocrx_word' id='word_1_36' title='bbox 751 611 877 645; x_wconf 74' lang='lat' dir='ltr'>Domini</span> <span class='ocrx_word' id='word_1_37' title='bbox 898 607 1175 643; x_wconf 78' lang='lat' dir='ltr'>nostrilesuClui-</span> 
     </span>
     <span class='ocr_line' id='line_1_9' title="bbox 425 662 1176 710; baseline -0.013 -8"><span class='ocrx_word' id='word_1_38' title='bbox 425 670 461 702; x_wconf 87' lang='lat' dir='ltr'>sti</span> <span class='ocrx_word' id='word_1_39' title='bbox 487 671 580 709; x_wconf 61' lang='lat' dir='ltr'>longe</span> <span class='ocrx_word' id='word_1_40' title='bbox 601 669 725 710; x_wconf 83' lang='lat' dir='ltr'>lateque</span> <span class='ocrx_word' id='word_1_41' title='bbox 744 664 944 709; x_wconf 73' lang='lat' dir='ltr'>propagabit,</span> <span class='ocrx_word' id='word_1_42' title='bbox 957 662 1063 695; x_wconf 81' lang='lat' dir='ltr'>habita</span> <span class='ocrx_word' id='word_1_43' title='bbox 1079 671 1176 703; x_wconf 73' lang='lat' dir='ltr'>super</span> 
     </span>
     <span class='ocr_line' id='line_1_10' title="bbox 425 713 1176 756; baseline -0.015 0"><span class='ocrx_word' id='word_1_44' title='bbox 425 724 462 756; x_wconf 88' lang='lat' dir='ltr'>iis</span> <span class='ocrx_word' id='word_1_45' title='bbox 497 733 569 755; x_wconf 87' lang='lat' dir='ltr'>cnm</span> <span class='ocrx_word' id='word_1_46' title='bbox 599 719 834 753; x_wconf 74' lang='lat' dir='ltr'>venerabililuis</span> <span class='ocrx_word' id='word_1_47' title='bbox 875 716 1027 750; x_wconf 80' lang='lat' dir='ltr'>fratribus</span> <span class='ocrx_word' id='word_1_48' title='bbox 1060 713 1176 746; x_wconf 89' lang='lat' dir='ltr'>nostris</span> 
     </span>
     <span class='ocr_line' id='line_1_11' title="bbox 426 767 1176 808; baseline -0.013 0"><span class='ocrx_word' id='word_1_49' title='bbox 426 781 550 808; x_wconf 76' lang='lat' dir='ltr'>sanctae</span> <span class='ocrx_word' id='word_1_50' title='bbox 572 774 733 806; x_wconf 76' lang='lat' dir='ltr'>Romanae</span> <span class='ocrx_word' id='word_1_51' title='bbox 767 769 926 804; x_wconf 74' lang='lat' dir='ltr'><strong>Ecclesiae</strong></span> <span class='ocrx_word' id='word_1_52' title='bbox 962 767 1176 802; x_wconf 70' lang='lat' dir='ltr'>cardinalibus</span> 
     </span>
     <span class='ocr_line' id='line_1_12' title="bbox 426 823 1176 864; baseline -0.013 -3"><span class='ocrx_word' id='word_1_53' title='bbox 426 834 550 861; x_wconf 74' lang='lat' dir='ltr'>matura</span> <span class='ocrx_word' id='word_1_54' title='bbox 575 824 822 864; x_wconf 66' lang='lat' dir='ltr'>deliberatione,</span> <span class='ocrx_word' id='word_1_55' title='bbox 845 834 881 855; x_wconf 86' lang='lat' dir='ltr'>ae</span> <span class='ocrx_word' id='word_1_56' title='bbox 905 823 944 855; x_wconf 82' lang='lat' dir='ltr'>(le</span> <span class='ocrx_word' id='word_1_57' title='bbox 965 831 1078 854; x_wconf 85' lang='lat' dir='ltr'>eorum</span> <span class='ocrx_word' id='word_1_58' title='bbox 1100 830 1176 852; x_wconf 88' lang='lat' dir='ltr'>con-</span> 
     </span>
     <span class='ocr_line' id='line_1_13' title="bbox 426 872 1174 919; baseline -0.012 -5"><span class='ocrx_word' id='word_1_59' title='bbox 426 881 496 914; x_wconf 85' lang='lat' dir='ltr'>silio</span> <span class='ocrx_word' id='word_1_60' title='bbox 524 886 551 913; x_wconf 85' lang='lat' dir='ltr'>et</span> <span class='ocrx_word' id='word_1_61' title='bbox 579 890 723 919; x_wconf 79' lang='lat' dir='ltr'>assensu,</span> <span class='ocrx_word' id='word_1_62' title='bbox 750 877 952 919; x_wconf 68' lang='lat' dir='ltr'>magistratus</span> <span class='ocrx_word' id='word_1_63' title='bbox 984 872 1174 919; x_wconf 78' lang='lat' dir='ltr'>praedictos,</span> 
     </span>
     <span class='ocr_line' id='line_1_14' title="bbox 426 930 1178 978; baseline -0.012 -12"><span class='ocrx_word' id='word_1_64' title='bbox 426 945 565 978; x_wconf 80' lang='lat' dir='ltr'>quorum</span> <span class='ocrx_word' id='word_1_65' title='bbox 596 932 741 966; x_wconf 90' lang='lat' dir='ltr'>omnium</span> <span class='ocrx_word' id='word_1_66' title='bbox 769 930 955 974; x_wconf 76' lang='lat' dir='ltr'>qualitates,</span> <span class='ocrx_word' id='word_1_67' title='bbox 977 937 1104 960; x_wconf 89' lang='lat' dir='ltr'>necnon</span> <span class='ocrx_word' id='word_1_68' title='bbox 1129 937 1178 958; x_wconf 87' lang='lat' dir='ltr'>ve-</span> 
     </span>
     <span class='ocr_line' id='line_1_15' title="bbox 428 980 1178 1020; baseline -0.012 1"><span class='ocrx_word' id='word_1_69' title='bbox 428 999 499 1020; x_wconf 89' lang='lat' dir='ltr'>rum</span> <span class='ocrx_word' id='word_1_70' title='bbox 521 992 551 1020; x_wconf 89' lang='lat' dir='ltr'>et</span> <span class='ocrx_word' id='word_1_71' title='bbox 571 986 720 1019; x_wconf 88' lang='lat' dir='ltr'>ultimum</span> <span class='ocrx_word' id='word_1_72' title='bbox 741 982 913 1016; x_wconf 82' lang='lat' dir='ltr'>vacationis</span> <span class='ocrx_word' id='word_1_73' title='bbox 935 981 1086 1020; x_wconf 87' lang='lat' dir='ltr'>modum,</span> <span class='ocrx_word' id='word_1_74' title='bbox 1109 980 1178 1013; x_wconf 89' lang='lat' dir='ltr'>illo-</span> 
     </span>
     <span class='ocr_line' id='line_1_16' title="bbox 428 1034 1179 1084; baseline -0.009 -11"><span class='ocrx_word' id='word_1_75' title='bbox 428 1051 565 1084; x_wconf 82' lang='lat' dir='ltr'>rumque</span> <span class='ocrx_word' id='word_1_76' title='bbox 593 1050 628 1072; x_wconf 88' lang='lat' dir='ltr'>ac</span> <span class='ocrx_word' id='word_1_77' title='bbox 657 1048 795 1071; x_wconf 82' lang='lat' dir='ltr'>coronae</span> <span class='ocrx_word' id='word_1_78' title='bbox 823 1035 929 1078; x_wconf 68' lang='lat' dir='ltr'>regiae</span> <span class='ocrx_word' id='word_1_79' title='bbox 964 1034 1115 1068; x_wconf 81' lang='lat' dir='ltr'>Castellae</span> <span class='ocrx_word' id='word_1_80' title='bbox 1149 1040 1179 1066; x_wconf 84' lang='lat' dir='ltr'>et</span> 
     </span>
     <span class='ocr_line' id='line_1_17' title="bbox 428 1090 1180 1136; baseline -0.011 -9"><span class='ocrx_word' id='word_1_81' title='bbox 428 1093 574 1136; x_wconf 79' lang='lat' dir='ltr'>Legionis</span> <span class='ocrx_word' id='word_1_82' title='bbox 599 1090 783 1124; x_wconf 84' lang='lat' dir='ltr'>huiusmodi</span> <span class='ocrx_word' id='word_1_83' title='bbox 809 1099 982 1131; x_wconf 57' lang='lat' dir='ltr'>tegniturum</span> <span class='ocrx_word' id='word_1_84' title='bbox 1007 1099 1097 1120; x_wconf 64' lang='lat' dir='ltr'>veros</span> <span class='ocrx_word' id='word_1_85' title='bbox 1125 1098 1180 1119; x_wconf 87' lang='lat' dir='ltr'>an-</span> 
     </span>
     <span class='ocr_line' id='line_1_18' title="bbox 429 1140 1179 1188; baseline -0.009 -9"><span class='ocrx_word' id='word_1_86' title='bbox 429 1158 510 1179; x_wconf 90' lang='lat' dir='ltr'>nuos</span> <span class='ocrx_word' id='word_1_87' title='bbox 529 1146 668 1184; x_wconf 78' lang='lat' dir='ltr'>valeres,</span> <span class='ocrx_word' id='word_1_88' title='bbox 691 1142 914 1188; x_wconf 83' lang='lat' dir='ltr'>praesentibus</span> <span class='ocrx_word' id='word_1_89' title='bbox 941 1151 999 1184; x_wconf 89' lang='lat' dir='ltr'>pro</span> <span class='ocrx_word' id='word_1_90' title='bbox 1024 1140 1179 1183; x_wconf 74' lang='lat' dir='ltr'>expressis</span> 
     </span>
     <span class='ocr_line' id='line_1_19' title="bbox 430 1194 1177 1237; baseline -0.007 -5"><span class='ocrx_word' id='word_1_91' title='bbox 430 1199 540 1233; x_wconf 84' lang='lat' dir='ltr'>baberi</span> <span class='ocrx_word' id='word_1_92' title='bbox 566 1199 725 1237; x_wconf 85' lang='lat' dir='ltr'>volentes,</span> <span class='ocrx_word' id='word_1_93' title='bbox 752 1196 855 1229; x_wconf 87' lang='lat' dir='ltr'>eidem</span> <span class='ocrx_word' id='word_1_94' title='bbox 884 1205 1022 1228; x_wconf 90' lang='lat' dir='ltr'>coronae</span> <span class='ocrx_word' id='word_1_95' title='bbox 1060 1194 1177 1236; x_wconf 72' lang='lat' dir='ltr'>regiae,</span> 
     </span>
     <span class='ocr_line' id='line_1_20' title="bbox 430 1248 1179 1293; baseline -0.009 -7"><span class='ocrx_word' id='word_1_96' title='bbox 430 1253 523 1285; x_wconf 71' lang='lat' dir='ltr'>etiam</span> <span class='ocrx_word' id='word_1_97' title='bbox 551 1252 575 1285; x_wconf 83' lang='lat' dir='ltr'>si</span> <span class='ocrx_word' id='word_1_98' title='bbox 604 1261 722 1284; x_wconf 74' lang='lat' dir='ltr'>corona</span> <span class='ocrx_word' id='word_1_99' title='bbox 751 1250 817 1293; x_wconf 85' lang='lat' dir='ltr'>ipsa</span> <span class='ocrx_word' id='word_1_100' title='bbox 847 1248 954 1291; x_wconf 88' lang='lat' dir='ltr'>aliquo</span> <span class='ocrx_word' id='word_1_101' title='bbox 974 1252 1120 1290; x_wconf 70' lang='lat' dir='ltr'>tempore</span> <span class='ocrx_word' id='word_1_102' title='bbox 1142 1248 1179 1279; x_wconf 84' lang='lat' dir='ltr'>ad</span> 
     </span>
     <span class='ocr_line' id='line_1_21' title="bbox 432 1300 1181 1347; baseline -0.007 -9"><span class='ocrx_word' id='word_1_103' title='bbox 432 1305 598 1338; x_wconf 81' lang='lat' dir='ltr'>mulierem</span> <span class='ocrx_word' id='word_1_104' title='bbox 621 1308 794 1347; x_wconf 75' lang='lat' dir='ltr'>spectaret,</span> <span class='ocrx_word' id='word_1_105' title='bbox 818 1312 892 1335; x_wconf 87' lang='lat' dir='ltr'>cum</span> <span class='ocrx_word' id='word_1_106' title='bbox 913 1300 1062 1334; x_wconf 83' lang='lat' dir='ltr'>omuibus</span> <span class='ocrx_word' id='word_1_107' title='bbox 1082 1312 1181 1344; x_wconf 67' lang='lat' dir='ltr'>prree-</span> 
     </span>
     <span class='ocr_line' id='line_1_22' title="bbox 433 1354 1178 1395; baseline -0.009 -4"><span class='ocrx_word' id='word_1_108' title='bbox 433 1357 612 1393; x_wconf 80' lang='lat' dir='ltr'>ininentiis‚</span> <span class='ocrx_word' id='word_1_109' title='bbox 640 1355 913 1389; x_wconf 64' lang='lat' dir='ltr'>itu-isdictionilnis</span> <span class='ocrx_word' id='word_1_110' title='bbox 925 1381 932 1395; x_wconf 83' lang='lat'><em>‚</em></span> <span class='ocrx_word' id='word_1_111' title='bbox 955 1354 1178 1394; x_wconf 80' lang='lat' dir='ltr'>facultatibus,</span> 
     </span>
     <span class='ocr_line' id='line_1_23' title="bbox 433 1407 1182 1450; baseline -0.008 -5"><span class='ocrx_word' id='word_1_112' title='bbox 433 1411 620 1449; x_wconf 71' lang='lat' dir='ltr'>redditibus,</span> <span class='ocrx_word' id='word_1_113' title='bbox 642 1409 778 1449; x_wconf 84' lang='lat' dir='ltr'>iuribus,</span> <span class='ocrx_word' id='word_1_114' title='bbox 801 1407 1045 1442; x_wconf 72' lang='lat' dir='ltr'>obventionibus</span> <span class='ocrx_word' id='word_1_115' title='bbox 1062 1412 1091 1439; x_wconf 87' lang='lat' dir='ltr'>et</span> <span class='ocrx_word' id='word_1_116' title='bbox 1111 1418 1182 1450; x_wconf 83' lang='lat' dir='ltr'>per-</span> 
     </span>
     <span class='ocr_line' id='line_1_24' title="bbox 434 1460 1183 1503; baseline -0.008 -6"><span class='ocrx_word' id='word_1_117' title='bbox 434 1464 572 1497; x_wconf 84' lang='lat' dir='ltr'>tinentiis</span> <span class='ocrx_word' id='word_1_118' title='bbox 600 1464 665 1497; x_wconf 84' lang='lat' dir='ltr'>suis</span> <span class='ocrx_word' id='word_1_119' title='bbox 693 1461 866 1501; x_wconf 81' lang='lat' dir='ltr'>universis,</span> <span class='ocrx_word' id='word_1_120' title='bbox 893 1460 1081 1494; x_wconf 81' lang='lat' dir='ltr'>auctoritate</span> <span class='ocrx_word' id='word_1_121' title='bbox 1109 1471 1183 1503; x_wconf 82' lang='lat' dir='ltr'>apo-</span> 
     </span>
     <span class='ocr_line' id='line_1_25' title="bbox 433 1513 1183 1560; baseline -0.005 -11"><span class='ocrx_word' id='word_1_122' title='bbox 433 1517 555 1557; x_wconf 87' lang='lat' dir='ltr'>stolica,</span> <span class='ocrx_word' id='word_1_123' title='bbox 566 1523 677 1550; x_wconf 89' lang='lat' dir='ltr'>tenore</span> <span class='ocrx_word' id='word_1_124' title='bbox 697 1515 926 1560; x_wconf 83' lang='lat' dir='ltr'>praesentium,</span> <span class='ocrx_word' id='word_1_125' title='bbox 940 1519 1095 1558; x_wconf 76' lang='lat' dir='ltr'>perpetuo</span> <span class='ocrx_word' id='word_1_126' title='bbox 1114 1513 1183 1545; x_wconf 87' lang='lat' dir='ltr'>uni-</span> 
     </span>
     <span class='ocr_line' id='line_1_26' title="bbox 435 1567 1182 1611; baseline -0.005 -8"><span class='ocrx_word' id='word_1_127' title='bbox 435 1582 523 1611; x_wconf 91' lang='lat' dir='ltr'>mus,</span> <span class='ocrx_word' id='word_1_128' title='bbox 546 1569 747 1603; x_wconf 79' lang='lat' dir='ltr'>annectimus</span> <span class='ocrx_word' id='word_1_129' title='bbox 779 1574 809 1601; x_wconf 89' lang='lat' dir='ltr'>et</span> <span class='ocrx_word' id='word_1_130' title='bbox 842 1568 1103 1611; x_wconf 75' lang='lat' dir='ltr'>incorporamus:</span> <span class='ocrx_word' id='word_1_131' title='bbox 1141 1567 1182 1599; x_wconf 88' lang='lat' dir='ltr'>ita</span> 
     </span>
     <span class='ocr_line' id='line_1_27' title="bbox 434 1620 1181 1668; baseline -0.005 -11"><span class='ocrx_word' id='word_1_132' title='bbox 434 1625 519 1668; x_wconf 81' lang='lat' dir='ltr'>quod</span> <span class='ocrx_word' id='word_1_133' title='bbox 541 1625 589 1657; x_wconf 89' lang='lat' dir='ltr'>ius</span> <span class='ocrx_word' id='word_1_134' title='bbox 609 1621 850 1656; x_wconf 85' lang='lat' dir='ltr'>administrandi</span> <span class='ocrx_word' id='word_1_135' title='bbox 871 1620 1181 1665; x_wconf 70' lang='lat' dir='ltr'>ipsosmagistratus,</span> 
     </span>
     <span class='ocr_line' id='line_1_28' title="bbox 435 1674 1186 1715; baseline -0.008 -4"><span class='ocrx_word' id='word_1_136' title='bbox 435 1678 497 1711; x_wconf 81' lang='lat' dir='ltr'>sive</span> <span class='ocrx_word' id='word_1_137' title='bbox 517 1678 549 1710; x_wconf 94' lang='lat' dir='ltr'>in</span> <span class='ocrx_word' id='word_1_138' title='bbox 569 1677 670 1710; x_wconf 88' lang='lat' dir='ltr'>virum</span> <span class='ocrx_word' id='word_1_139' title='bbox 703 1676 765 1709; x_wconf 82' lang='lat' dir='ltr'>sive</span> <span class='ocrx_word' id='word_1_140' title='bbox 786 1675 816 1707; x_wconf 90' lang='lat' dir='ltr'>in</span> <span class='ocrx_word' id='word_1_141' title='bbox 838 1674 1020 1715; x_wconf 86' lang='lat' dir='ltr'>mulierem,</span> <span class='ocrx_word' id='word_1_142' title='bbox 1043 1685 1117 1707; x_wconf 86' lang='lat' dir='ltr'>cum</span> <span class='ocrx_word' id='word_1_143' title='bbox 1134 1686 1186 1707; x_wconf 80' lang='lat' dir='ltr'>co-</span> 
     </span>
    </p>
   </div>
   <div class='ocr_carea' id='block_1_3' title="bbox 436 1727 1982 1865">
    <p class='ocr_par' dir='ltr' id='par_1_3' title="bbox 436 1727 1982 1865">
     <span class='ocr_line' id='line_1_29' title="bbox 436 1727 1199 1771; baseline -0.007 -7"><span class='ocrx_word' id='word_1_144' title='bbox 436 1741 515 1764; x_wconf 85' lang='lat' dir='ltr'>rona</span> <span class='ocrx_word' id='word_1_145' title='bbox 547 1735 704 1769; x_wconf 70' lang='lat' dir='ltr'>transeat,</span> <span class='ocrx_word' id='word_1_146' title='bbox 726 1734 753 1761; x_wconf 83' lang='lat' dir='ltr'>et</span> <span class='ocrx_word' id='word_1_147' title='bbox 775 1728 900 1769; x_wconf 84' lang='lat' dir='ltr'>omnia,</span> <span class='ocrx_word' id='word_1_148' title='bbox 929 1738 1010 1770; x_wconf 83' lang='lat' dir='ltr'>quae</span> <span class='ocrx_word' id='word_1_149' title='bbox 1034 1727 1094 1771; x_wconf 82' lang='lat' dir='ltr'>ipsi</span> <span class='ocrx_word' id='word_1_150' title='bbox 1123 1739 1199 1760; x_wconf 84' lang='lat' dir='ltr'>ma-·</span> 
     </span>
     <span class='ocr_line' id='line_1_30' title="bbox 436 1780 1214 1828; baseline -0.003 -11"><span class='ocrx_word' id='word_1_151' title='bbox 436 1784 535 1827; x_wconf 80' lang='lat' dir='ltr'>gistri,</span> <span class='ocrx_word' id='word_1_152' title='bbox 558 1784 613 1828; x_wconf 86' lang='lat' dir='ltr'>qui</span> <span class='ocrx_word' id='word_1_153' title='bbox 634 1795 691 1827; x_wconf 89' lang='lat' dir='ltr'>pro</span> <span class='ocrx_word' id='word_1_154' title='bbox 712 1788 856 1826; x_wconf 86' lang='lat' dir='ltr'>tempore</span> <span class='ocrx_word' id='word_1_155' title='bbox 881 1780 1010 1821; x_wconf 83' lang='lat' dir='ltr'>suerint,</span> <span class='ocrx_word' id='word_1_156' title='bbox 1033 1781 1136 1813; x_wconf 82' lang='lat' dir='ltr'>facere</span> <span class='ocrx_word' id='word_1_157' title='bbox 1157 1788 1184 1815; x_wconf 91' lang='lat' dir='ltr'>et</span> <span class='ocrx_word' id='word_1_158' title='bbox 1211 1814 1214 1822; x_wconf 27' lang='grc' dir='ltr'><strong>Α</strong></span> 
     </span>
     <span class='ocr_line' id='line_1_31' title="bbox 1213 1821 1982 1865; baseline -0.003 -9"><span class='ocrx_word' id='word_1_159' title='bbox 1213 1840 1214 1843; x_wconf 40' lang='lat'>¹</span> <span class='ocrx_word' id='word_1_160' title='bbox 1228 1824 1418 1856; x_wconf 81' lang='lat' dir='ltr'>mendarum</span> <span class='ocrx_word' id='word_1_161' title='bbox 1437 1828 1464 1855; x_wconf 87' lang='lat' dir='ltr'>et</span> <span class='ocrx_word' id='word_1_162' title='bbox 1486 1822 1782 1865; x_wconf 84' lang='lat' dir='ltr'>praeceptoriarum</span> <span class='ocrx_word' id='word_1_163' title='bbox 1793 1832 1830 1854; x_wconf 86' lang='lat' dir='ltr'>ac</span> <span class='ocrx_word' id='word_1_164' title='bbox 1841 1821 1982 1854; x_wconf 87' lang='lat' dir='ltr'>aliorum</span> 
     </span>
    </p>
   </div>
   <div class='ocr_carea' id='block_1_4' title="bbox 437 1835 1203 2713">
    <p class='ocr_par' dir='ltr' id='par_1_4' title="bbox 437 1835 1203 2713">
     <span class='ocr_line' id='line_1_32' title="bbox 437 1835 1186 1878; baseline -0.005 -6"><span class='ocrx_word' id='word_1_165' title='bbox 437 1849 605 1878; x_wconf 69' lang='lat' dir='ltr'>exercete,</span> <span class='ocrx_word' id='word_1_166' title='bbox 627 1842 655 1870; x_wconf 91' lang='lat' dir='ltr'>et</span> <span class='ocrx_word' id='word_1_167' title='bbox 677 1836 882 1870; x_wconf 77' lang='lat' dir='ltr'>commendas</span> <span class='ocrx_word' id='word_1_168' title='bbox 902 1835 986 1878; x_wconf 82' lang='lat' dir='ltr'>ipsas</span> <span class='ocrx_word' id='word_1_169' title='bbox 1006 1840 1036 1867; x_wconf 92' lang='lat' dir='ltr'>et</span> <span class='ocrx_word' id='word_1_170' title='bbox 1056 1846 1186 1878; x_wconf 80' lang='lat' dir='ltr'>praece-</span> 
     </span>
     <span class='ocr_line' id='line_1_33' title="bbox 438 1887 1189 1936; baseline -0.007 -11"><span class='ocrx_word' id='word_1_171' title='bbox 438 1890 556 1936; x_wconf 88' lang='lat' dir='ltr'>ptorias</span> <span class='ocrx_word' id='word_1_172' title='bbox 583 1902 618 1924; x_wconf 87' lang='lat' dir='ltr'>ac</span> <span class='ocrx_word' id='word_1_173' title='bbox 647 1890 709 1923; x_wconf 81' lang='lat' dir='ltr'>alia</span> <span class='ocrx_word' id='word_1_174' title='bbox 741 1888 898 1922; x_wconf 86' lang='lat' dir='ltr'>beneficia</span> <span class='ocrx_word' id='word_1_175' title='bbox 923 1887 1111 1921; x_wconf 84' lang='lat' dir='ltr'>militiarum</span> <span class='ocrx_word' id='word_1_176' title='bbox 1132 1889 1189 1921; x_wconf 78' lang='lat' dir='ltr'>liu-</span> 
     </span>
     <span class='ocr_line' id='line_1_34' title="bbox 438 1942 1188 1988; baseline -0.007 -10"><span class='ocrx_word' id='word_1_177' title='bbox 438 1944 576 1978; x_wconf 86' lang='lat' dir='ltr'>iusmodi</span> <span class='ocrx_word' id='word_1_178' title='bbox 609 1943 755 1988; x_wconf 89' lang='lat' dir='ltr'>personis</span> <span class='ocrx_word' id='word_1_179' title='bbox 780 1942 902 1975; x_wconf 83' lang='lat' dir='ltr'>idoneis</span> <span class='ocrx_word' id='word_1_180' title='bbox 922 1942 1069 1974; x_wconf 83' lang='lat' dir='ltr'>conferre</span> <span class='ocrx_word' id='word_1_181' title='bbox 1089 1942 1188 1974; x_wconf 62' lang='lat' dir='ltr'>libert¹</span> 
     </span>
     <span class='ocr_line' id='line_1_35' title="bbox 439 1994 1190 2043; baseline -0.007 -11"><span class='ocrx_word' id='word_1_182' title='bbox 439 1999 549 2043; x_wconf 85' lang='lat' dir='ltr'>possit,</span> <span class='ocrx_word' id='word_1_183' title='bbox 571 1998 604 2031; x_wconf 92' lang='lat' dir='ltr'>in</span> <span class='ocrx_word' id='word_1_184' title='bbox 624 1997 773 2031; x_wconf 85' lang='lat' dir='ltr'>omnibus</span> <span class='ocrx_word' id='word_1_185' title='bbox 793 2001 824 2029; x_wconf 88' lang='lat' dir='ltr'>et</span> <span class='ocrx_word' id='word_1_186' title='bbox 843 2006 900 2039; x_wconf 90' lang='lat' dir='ltr'>per</span> <span class='ocrx_word' id='word_1_187' title='bbox 920 1996 1040 2035; x_wconf 85' lang='lat' dir='ltr'>onmia,</span> <span class='ocrx_word' id='word_1_188' title='bbox 1059 1994 1190 2038; x_wconf 82' lang='lat' dir='ltr'>perinde</span> 
     </span>
     <span class='ocr_line' id='line_1_36' title="bbox 441 2048 1190 2092; baseline -0.004 -8"><span class='ocrx_word' id='word_1_189' title='bbox 441 2063 476 2085; x_wconf 83' lang='lat' dir='ltr'>ac</span> <span class='ocrx_word' id='word_1_190' title='bbox 497 2052 522 2085; x_wconf 93' lang='lat' dir='ltr'>si</span> <span class='ocrx_word' id='word_1_191' title='bbox 547 2051 623 2084; x_wconf 90' lang='lat' dir='ltr'>unio</span> <span class='ocrx_word' id='word_1_192' title='bbox 651 2050 857 2089; x_wconf 87' lang='lat' dir='ltr'>huiusmodi,</span> <span class='ocrx_word' id='word_1_193' title='bbox 884 2049 989 2092; x_wconf 79' lang='lat' dir='ltr'>quoad</span> <span class='ocrx_word' id='word_1_194' title='bbox 1016 2048 1190 2092; x_wconf 86' lang='lat' dir='ltr'>praemissa</span> 
     </span>
     <span class='ocr_line' id='line_1_37' title="bbox 442 2102 1192 2145; baseline -0.007 -6"><span class='ocrx_word' id='word_1_195' title='bbox 442 2106 614 2144; x_wconf 84' lang='lat' dir='ltr'>dumtaxat,</span> <span class='ocrx_word' id='word_1_196' title='bbox 637 2104 769 2137; x_wconf 90' lang='lat' dir='ltr'>minime</span> <span class='ocrx_word' id='word_1_197' title='bbox 789 2104 870 2136; x_wconf 86' lang='lat' dir='ltr'>sacta</span> <span class='ocrx_word' id='word_1_198' title='bbox 890 2102 1011 2142; x_wconf 75' lang='lat' dir='ltr'>suisset,</span> <span class='ocrx_word' id='word_1_199' title='bbox 1034 2102 1192 2145; x_wconf 88' lang='lat' dir='ltr'>ipsorum-</span> 
     </span>
     <span class='ocr_line' id='line_1_38' title="bbox 443 2155 1193 2202; baseline -0.007 -10"><span class='ocrx_word' id='word_1_200' title='bbox 443 2170 504 2202; x_wconf 82' lang='lat' dir='ltr'>que</span> <span class='ocrx_word' id='word_1_201' title='bbox 525 2158 767 2200; x_wconf 74' lang='lat' dir='ltr'>magistratuum</span> <span class='ocrx_word' id='word_1_202' title='bbox 789 2155 1039 2200; x_wconf 84' lang='lat' dir='ltr'>possessionem,</span> <span class='ocrx_word' id='word_1_203' title='bbox 1064 2155 1193 2199; x_wconf 90' lang='lat' dir='ltr'>propria</span> 
     </span>
     <span class='ocr_line' id='line_1_39' title="bbox 443 2208 1193 2251; baseline -0.004 -7"><span class='ocrx_word' id='word_1_204' title='bbox 443 2211 644 2251; x_wconf 84' lang='lat' dir='ltr'>auctoritate,</span> <span class='ocrx_word' id='word_1_205' title='bbox 657 2210 755 2243; x_wconf 89' lang='lat' dir='ltr'>libere</span> <span class='ocrx_word' id='word_1_206' title='bbox 772 2210 974 2249; x_wconf 81' lang='lat' dir='ltr'>continuare,</span> <span class='ocrx_word' id='word_1_207' title='bbox 987 2219 1043 2242; x_wconf 86' lang='lat' dir='ltr'>sen</span> <span class='ocrx_word' id='word_1_208' title='bbox 1059 2208 1144 2241; x_wconf 90' lang='lat' dir='ltr'>illam</span> <span class='ocrx_word' id='word_1_209' title='bbox 1157 2209 1193 2241; x_wconf 85' lang='lat' dir='ltr'>de</span> 
     </span>
     <span class='ocr_line' id='line_1_40' title="bbox 444 2261 1194 2306; baseline -0.009 -8"><span class='ocrx_word' id='word_1_210' title='bbox 444 2276 525 2299; x_wconf 85' lang='lat' dir='ltr'>novo</span> <span class='ocrx_word' id='word_1_211' title='bbox 545 2264 603 2297; x_wconf 88' lang='lat' dir='ltr'>sibi</span> <span class='ocrx_word' id='word_1_212' title='bbox 624 2269 654 2296; x_wconf 84' lang='lat' dir='ltr'>et</span> <span class='ocrx_word' id='word_1_213' title='bbox 674 2263 740 2306; x_wconf 70' lang='lat' dir='ltr'>regi</span> <span class='ocrx_word' id='word_1_214' title='bbox 755 2263 907 2296; x_wconf 85' lang='lat' dir='ltr'>Castellae</span> <span class='ocrx_word' id='word_1_215' title='bbox 928 2267 958 2295; x_wconf 78' lang='lat' dir='ltr'>et</span> <span class='ocrx_word' id='word_1_216' title='bbox 973 2261 1118 2305; x_wconf 77' lang='lat' dir='ltr'>Legionis</span> <span class='ocrx_word' id='word_1_217' title='bbox 1137 2274 1194 2306; x_wconf 84' lang='lat' dir='ltr'>pro</span> 
     </span>
     <span class='ocr_line' id='line_1_41' title="bbox 446 2315 1197 2363; baseline -0.007 -11"><span class='ocrx_word' id='word_1_218' title='bbox 446 2325 590 2363; x_wconf 88' lang='lat' dir='ltr'>tempore</span> <span class='ocrx_word' id='word_1_219' title='bbox 612 2316 770 2357; x_wconf 71' lang='lat' dir='ltr'>existenti,</span> <span class='ocrx_word' id='word_1_220' title='bbox 794 2316 888 2349; x_wconf 82' lang='lat' dir='ltr'>etiam</span> <span class='ocrx_word' id='word_1_221' title='bbox 909 2316 1039 2359; x_wconf 87' lang='lat' dir='ltr'>propria</span> <span class='ocrx_word' id='word_1_222' title='bbox 1060 2315 1197 2349; x_wconf 88' lang='lat' dir='ltr'>auetori-</span> 
     </span>
     <span class='ocr_line' id='line_1_42' title="bbox 447 2369 1198 2414; baseline -0.007 -8"><span class='ocrx_word' id='word_1_223' title='bbox 447 2377 521 2413; x_wconf 80' lang='lat' dir='ltr'>tate‚</span> <span class='ocrx_word' id='word_1_224' title='bbox 543 2371 643 2404; x_wconf 91' lang='lat' dir='ltr'>libere</span> <span class='ocrx_word' id='word_1_225' title='bbox 664 2369 906 2414; x_wconf 82' lang='lat' dir='ltr'>apprehendere</span> <span class='ocrx_word' id='word_1_226' title='bbox 924 2375 951 2401; x_wconf 91' lang='lat' dir='ltr'>et</span> <span class='ocrx_word' id='word_1_227' title='bbox 973 2374 1128 2413; x_wconf 87' lang='lat' dir='ltr'>perpetuo</span> <span class='ocrx_word' id='word_1_228' title='bbox 1150 2379 1198 2402; x_wconf 88' lang='lat' dir='ltr'>re-</span> 
     </span>
     <span class='ocr_line' id='line_1_43' title="bbox 448 2423 1199 2467; baseline -0.008 -7"><span class='ocrx_word' id='word_1_229' title='bbox 448 2427 568 2466; x_wconf 72' lang='lat' dir='ltr'>tinete,</span> <span class='ocrx_word' id='word_1_230' title='bbox 590 2425 785 2467; x_wconf 81' lang='lat' dir='ltr'>illorumque</span> <span class='ocrx_word' id='word_1_231' title='bbox 822 2424 955 2463; x_wconf 75' lang='lat' dir='ltr'>fructus,</span> <span class='ocrx_word' id='word_1_232' title='bbox 992 2423 1136 2455; x_wconf 79' lang='lat' dir='ltr'>redditus</span> <span class='ocrx_word' id='word_1_233' title='bbox 1169 2428 1199 2455; x_wconf 90' lang='lat' dir='ltr'>et</span> 
     </span>
     <span class='ocr_line' id='line_1_44' title="bbox 450 2471 1198 2520; baseline -0.008 -12"><span class='ocrx_word' id='word_1_234' title='bbox 450 2479 622 2520; x_wconf 86' lang='lat' dir='ltr'>proventus</span> <span class='ocrx_word' id='word_1_235' title='bbox 647 2474 678 2506; x_wconf 91' lang='lat' dir='ltr'>in</span> <span class='ocrx_word' id='word_1_236' title='bbox 699 2483 773 2506; x_wconf 88' lang='lat' dir='ltr'>suos</span> <span class='ocrx_word' id='word_1_237' title='bbox 800 2483 837 2505; x_wconf 80' lang='lat' dir='ltr'>ae</span> <span class='ocrx_word' id='word_1_238' title='bbox 865 2471 1107 2514; x_wconf 78' lang='lat' dir='ltr'>magistratuum</span> <span class='ocrx_word' id='word_1_239' title='bbox 1137 2471 1198 2503; x_wconf 85' lang='lat' dir='ltr'>bu-</span> 
     </span>
     <span class='ocr_line' id='line_1_45' title="bbox 452 2520 1201 2564; baseline -0.009 -6"><span class='ocrx_word' id='word_1_240' title='bbox 452 2523 589 2558; x_wconf 82' lang='lat' dir='ltr'>iusmodi</span> <span class='ocrx_word' id='word_1_241' title='bbox 609 2533 698 2562; x_wconf 87' lang='lat' dir='ltr'>usus,</span> <span class='ocrx_word' id='word_1_242' title='bbox 721 2522 759 2554; x_wconf 84' lang='lat' dir='ltr'>ad</span> <span class='ocrx_word' id='word_1_243' title='bbox 779 2531 860 2564; x_wconf 88' lang='lat' dir='ltr'>quos</span> <span class='ocrx_word' id='word_1_244' title='bbox 887 2520 1029 2564; x_wconf 81' lang='lat' dir='ltr'>deputati</span> <span class='ocrx_word' id='word_1_245' title='bbox 1058 2524 1148 2559; x_wconf 87' lang='lat' dir='ltr'>sunt,</span> <span class='ocrx_word' id='word_1_246' title='bbox 1171 2524 1201 2551; x_wconf 87' lang='lat' dir='ltr'>et</span> 
     </span>
     <span class='ocr_line' id='line_1_46' title="bbox 453 2569 1203 2612; baseline -0.009 -5"><span class='ocrx_word' id='word_1_247' title='bbox 453 2574 621 2607; x_wconf 71' lang='lat' dir='ltr'>utilitatem</span> <span class='ocrx_word' id='word_1_248' title='bbox 643 2575 845 2610; x_wconf 84' lang='lat' dir='ltr'>convertere,</span> <span class='ocrx_word' id='word_1_249' title='bbox 869 2569 1133 2612; x_wconf 81' lang='lat' dir='ltr'>dioecesanorum</span> <span class='ocrx_word' id='word_1_250' title='bbox 1156 2569 1203 2601; x_wconf 92' lang='lat' dir='ltr'>lo-</span> 
     </span>
     <span class='ocr_line' id='line_1_47' title="bbox 455 2618 1202 2666; baseline -0.009 -9"><span class='ocrx_word' id='word_1_251' title='bbox 455 2634 567 2656; x_wconf 82' lang='lat' dir='ltr'>corum</span> <span class='ocrx_word' id='word_1_252' title='bbox 587 2629 617 2656; x_wconf 86' lang='lat' dir='ltr'>et</span> <span class='ocrx_word' id='word_1_253' title='bbox 637 2620 824 2666; x_wconf 86' lang='lat' dir='ltr'>quorumvis</span> <span class='ocrx_word' id='word_1_254' title='bbox 840 2619 977 2652; x_wconf 87' lang='lat' dir='ltr'>aliorum</span> <span class='ocrx_word' id='word_1_255' title='bbox 998 2618 1126 2651; x_wconf 85' lang='lat' dir='ltr'>licentia</span> <span class='ocrx_word' id='word_1_256' title='bbox 1146 2628 1202 2650; x_wconf 90' lang='lat' dir='ltr'>seu</span> 
     </span>
     <span class='ocr_line' id='line_1_48' title="bbox 455 2666 1203 2713; baseline -0.012 -6"><span class='ocrx_word' id='word_1_257' title='bbox 455 2682 612 2706; x_wconf 77' lang='lat' dir='ltr'>consensu</span> <span class='ocrx_word' id='word_1_258' title='bbox 649 2670 779 2704; x_wconf 84' lang='lat' dir='ltr'>minime</span> <span class='ocrx_word' id='word_1_259' title='bbox 820 2666 992 2713; x_wconf 83' lang='lat' dir='ltr'>requisitis.</span> <span class='ocrx_word' id='word_1_260' title='bbox 1029 2667 1072 2699; x_wconf 84' lang='lat' dir='ltr'>lta</span> <span class='ocrx_word' id='word_1_261' title='bbox 1097 2671 1203 2699; x_wconf 85' lang='lat' dir='ltr'>tamen</span> 
     </span>
    </p>
   </div>
   <div class='ocr_carea' id='block_1_5' title="bbox 1021 286 1370 314">
    <p class='ocr_par' dir='ltr' id='par_1_5' title="bbox 1021 286 1370 314">
     <span class='ocr_line' id='line_1_49' title="bbox 1021 286 1370 314; baseline -0.014 0"><span class='ocrx_word' id='word_1_262' title='bbox 1021 288 1199 314; x_wconf 60' lang='lat' dir='ltr'>nrtmtuttt</span> <span class='ocrx_word' id='word_1_263' title='bbox 1223 286 1370 309; x_wconf 53' lang='lat' dir='ltr'>ltoMAMJM</span> 
     </span>
    </p>
   </div>
   <div class='ocr_carea' id='block_1_6' title="bbox 1203 1940 1229 2548">
    <p class='ocr_par' dir='ltr' id='par_1_6' title="bbox 1203 1940 1229 2548">
     <span class='ocr_line' id='line_1_50' title="bbox 1203 1940 1229 2548; baseline 0 453"><span class='ocrx_word' id='word_1_264' title='bbox 1203 1940 1229 2548; x_wconf 95' lang='lat' dir='ltr'> </span> 
     </span>
    </p>
   </div>
   <div class='ocr_carea' id='block_1_7' title="bbox 1213 280 2160 1652">
    <p class='ocr_par' dir='ltr' id='par_1_7' title="bbox 1213 280 2160 1652">
     <span class='ocr_line' id='line_1_51' title="bbox 1979 280 2160 308; baseline 0 0"><span class='ocrx_word' id='word_1_265' title='bbox 1979 281 2028 308; x_wconf 70' lang='lat' dir='ltr'>Au.</span> <span class='ocrx_word' id='word_1_266' title='bbox 2046 281 2075 308; x_wconf 92' lang='lat' dir='ltr'>C.</span> <span class='ocrx_word' id='word_1_267' title='bbox 2094 280 2160 308; x_wconf 64' lang='lat'>1325</span> 
     </span>
     <span class='ocr_line' id='line_1_52' title="bbox 1213 335 1962 382; baseline -0.003 -12"><span class='ocrx_word' id='word_1_268' title='bbox 1213 339 1299 382; x_wconf 85' lang='lat' dir='ltr'>quod</span> <span class='ocrx_word' id='word_1_269' title='bbox 1320 338 1386 382; x_wconf 83' lang='lat' dir='ltr'>ipse</span> <span class='ocrx_word' id='word_1_270' title='bbox 1407 338 1584 371; x_wconf 77' lang='lat' dir='ltr'>cathol-icus</span> <span class='ocrx_word' id='word_1_271' title='bbox 1607 348 1663 370; x_wconf 85' lang='lat' dir='ltr'>rex</span> <span class='ocrx_word' id='word_1_272' title='bbox 1683 337 1713 369; x_wconf 90' lang='lat' dir='ltr'>in</span> <span class='ocrx_word' id='word_1_273' title='bbox 1734 335 1962 380; x_wconf 71' lang='lat' dir='ltr'>ii&#39;npcratorem</span> 
     </span>
     <span class='ocr_line' id='line_1_53' title="bbox 1214 389 1965 436; baseline -0.001 -13"><span class='ocrx_word' id='word_1_274' title='bbox 1214 392 1352 432; x_wconf 87' lang='lat' dir='ltr'>electus,</span> <span class='ocrx_word' id='word_1_275' title='bbox 1379 391 1509 436; x_wconf 83' lang='lat' dir='ltr'>eiusque</span> <span class='ocrx_word' id='word_1_276' title='bbox 1537 401 1739 424; x_wconf 75' lang='lat' dir='ltr'>successores</span> <span class='ocrx_word' id='word_1_277' title='bbox 1758 389 1909 422; x_wconf 83' lang='lat' dir='ltr'>Castellae</span> <span class='ocrx_word' id='word_1_278' title='bbox 1935 393 1965 421; x_wconf 83' lang='lat' dir='ltr'>et.</span> 
     </span>
     <span class='ocr_line' id='line_1_54' title="bbox 1214 442 1962 487; baseline -0.001 -11"><span class='ocrx_word' id='word_1_279' title='bbox 1214 443 1359 486; x_wconf 75' lang='lat' dir='ltr'>Legionis</span> <span class='ocrx_word' id='word_1_280' title='bbox 1379 454 1469 486; x_wconf 81' lang='lat' dir='ltr'>reges</span> <span class='ocrx_word' id='word_1_281' title='bbox 1487 455 1546 487; x_wconf 91' lang='lat' dir='ltr'>pro</span> <span class='ocrx_word' id='word_1_282' title='bbox 1566 448 1711 487; x_wconf 85' lang='lat' dir='ltr'>tempore</span> <span class='ocrx_word' id='word_1_283' title='bbox 1723 442 1901 483; x_wconf 77' lang='lat' dir='ltr'>existentes,</span> <span class='ocrx_word' id='word_1_284' title='bbox 1914 453 1962 480; x_wconf 79' lang='lat' dir='ltr'>ea,</span> 
     </span>
     <span class='ocr_line' id='line_1_55' title="bbox 1215 495 1966 539; baseline 0 -12"><span class='ocrx_word' id='word_1_285' title='bbox 1215 507 1296 538; x_wconf 79' lang='lat' dir='ltr'>quae</span> <span class='ocrx_word' id='word_1_286' title='bbox 1317 495 1493 539; x_wconf 82' lang='lat' dir='ltr'>spiritualia</span> <span class='ocrx_word' id='word_1_287' title='bbox 1514 501 1725 535; x_wconf 72' lang='lat' dir='ltr'>concernunt,</span> <span class='ocrx_word' id='word_1_288' title='bbox 1742 506 1799 539; x_wconf 80' lang='lat' dir='ltr'>per</span> <span class='ocrx_word' id='word_1_289' title='bbox 1815 505 1966 538; x_wconf 81' lang='lat' dir='ltr'>personas</span> 
     </span>
     <span class='ocr_line' id='line_1_56' title="bbox 1215 547 1966 592; baseline -0.001 -11"><span class='ocrx_word' id='word_1_290' title='bbox 1215 549 1373 581; x_wconf 74' lang='lat' dir='ltr'>dictarum</span> <span class='ocrx_word' id='word_1_291' title='bbox 1393 549 1578 582; x_wconf 82' lang='lat' dir='ltr'>militiarum</span> <span class='ocrx_word' id='word_1_292' title='bbox 1600 548 1776 592; x_wconf 76' lang='lat' dir='ltr'>religiosas,</span> <span class='ocrx_word' id='word_1_293' title='bbox 1803 558 1862 590; x_wconf 87' lang='lat' dir='ltr'>per</span> <span class='ocrx_word' id='word_1_294' title='bbox 1881 547 1966 591; x_wconf 88' lang='lat' dir='ltr'>ipsos</span> 
     </span>
     <span class='ocr_line' id='line_1_57' title="bbox 1217 601 1968 644; baseline -0.003 -10"><span class='ocrx_word' id='word_1_295' title='bbox 1217 613 1306 643; x_wconf 63' lang='lat' dir='ltr'>reges</span> <span class='ocrx_word' id='word_1_296' title='bbox 1327 612 1383 644; x_wconf 87' lang='lat' dir='ltr'>pro</span> <span class='ocrx_word' id='word_1_297' title='bbox 1408 606 1552 644; x_wconf 82' lang='lat' dir='ltr'>tempore</span> <span class='ocrx_word' id='word_1_298' title='bbox 1573 602 1740 635; x_wconf 76' lang='lat' dir='ltr'>existentes</span> <span class='ocrx_word' id='word_1_299' title='bbox 1760 601 1797 634; x_wconf 90' lang='lat' dir='ltr'>ad</span> <span class='ocrx_word' id='word_1_300' title='bbox 1820 601 1848 633; x_wconf 91' lang='lat' dir='ltr'>id</span> <span class='ocrx_word' id='word_1_301' title='bbox 1869 601 1968 644; x_wconf 86' lang='lat' dir='ltr'>depu-</span> 
     </span>
     <span class='ocr_line' id='line_1_58' title="bbox 1217 654 1966 697; baseline 0 -11"><span class='ocrx_word' id='word_1_302' title='bbox 1217 654 1338 694; x_wconf 79' lang='lat' dir='ltr'>tandas,</span> <span class='ocrx_word' id='word_1_303' title='bbox 1352 654 1389 686; x_wconf 88' lang='lat' dir='ltr'>ad</span> <span class='ocrx_word' id='word_1_304' title='bbox 1411 664 1523 686; x_wconf 83' lang='lat' dir='ltr'>eorum</span> <span class='ocrx_word' id='word_1_305' title='bbox 1534 659 1649 687; x_wconf 86' lang='lat' dir='ltr'>nutum</span> <span class='ocrx_word' id='word_1_306' title='bbox 1659 654 1854 693; x_wconf 74' lang='lat' dir='ltr'>amoribiles,</span> <span class='ocrx_word' id='word_1_307' title='bbox 1867 654 1966 697; x_wconf 82' lang='lat' dir='ltr'>probe</span> 
     </span>
     <span class='ocr_line' id='line_1_59' title="bbox 1217 707 1977 740; baseline 0.001 -2"><span class='ocrx_word' id='word_1_308' title='bbox 1217 711 1244 738; x_wconf 72' lang='lat' dir='ltr'>ct</span> <span class='ocrx_word' id='word_1_309' title='bbox 1267 707 1468 739; x_wconf 86' lang='lat' dir='ltr'>laudabiliter</span> <span class='ocrx_word' id='word_1_310' title='bbox 1489 707 1627 740; x_wconf 79' lang='lat' dir='ltr'>exerceri</span> <span class='ocrx_word' id='word_1_311' title='bbox 1654 708 1756 740; x_wconf 80' lang='lat' dir='ltr'>facere</span> <span class='ocrx_word' id='word_1_312' title='bbox 1782 707 1919 740; x_wconf 78' lang='lat' dir='ltr'>debeant</span> <span class='ocrx_word' id='word_1_313' title='bbox 1938 713 1977 739; x_wconf 85' lang='lat' dir='ltr'>et&#39;</span> 
     </span>
     <span class='ocr_line' id='line_1_60' title="bbox 1218 759 1967 803; baseline 0 -12"><span class='ocrx_word' id='word_1_314' title='bbox 1218 763 1397 791; x_wconf 79' lang='lat' dir='ltr'>teneantur.</span> <span class='ocrx_word' id='word_1_315' title='bbox 1421 759 1543 797; x_wconf 81' lang='lat' dir='ltr'>Quibus</span> <span class='ocrx_word' id='word_1_316' title='bbox 1558 759 1602 792; x_wconf 85' lang='lat' dir='ltr'>sie</span> <span class='ocrx_word' id='word_1_317' title='bbox 1622 771 1680 803; x_wconf 83' lang='lat' dir='ltr'>pro</span> <span class='ocrx_word' id='word_1_318' title='bbox 1700 765 1844 803; x_wconf 82' lang='lat' dir='ltr'>tempore</span> <span class='ocrx_word' id='word_1_319' title='bbox 1865 760 1967 803; x_wconf 84' lang='lat' dir='ltr'>depu-</span> 
     </span>
     <span class='ocr_line' id='line_1_61' title="bbox 1218 812 1966 855; baseline 0.001 -11"><span class='ocrx_word' id='word_1_320' title='bbox 1218 812 1288 844; x_wconf 86' lang='lat' dir='ltr'>tatis</span> <span class='ocrx_word' id='word_1_321' title='bbox 1304 812 1449 855; x_wconf 84' lang='lat' dir='ltr'>personis</span> <span class='ocrx_word' id='word_1_322' title='bbox 1464 812 1606 855; x_wconf 74' lang='lat' dir='ltr'>gerendi,</span> <span class='ocrx_word' id='word_1_323' title='bbox 1622 813 1769 853; x_wconf 77' lang='lat' dir='ltr'>faciendi,</span> <span class='ocrx_word' id='word_1_324' title='bbox 1782 812 1966 852; x_wconf 89' lang='lat' dir='ltr'>mandandi,</span> 
     </span>
     <span class='ocr_line' id='line_1_62' title="bbox 1218 866 1968 911; baseline 0.001 -13"><span class='ocrx_word' id='word_1_325' title='bbox 1218 866 1399 906; x_wconf 85' lang='lat' dir='ltr'>ordinandi,</span> <span class='ocrx_word' id='word_1_326' title='bbox 1419 866 1599 903; x_wconf 81' lang='lat' dir='ltr'>exercendi,</span> <span class='ocrx_word' id='word_1_327' title='bbox 1618 866 1793 910; x_wconf 78' lang='lat' dir='ltr'>exequendi</span> <span class='ocrx_word' id='word_1_328' title='bbox 1814 872 1841 900; x_wconf 86' lang='lat' dir='ltr'>et</span> <span class='ocrx_word' id='word_1_329' title='bbox 1861 867 1968 911; x_wconf 82' lang='lat' dir='ltr'>dispo-</span> 
     </span>
     <span class='ocr_line' id='line_1_63' title="bbox 1219 919 1968 963; baseline 0.003 -12"><span class='ocrx_word' id='word_1_330' title='bbox 1219 920 1313 952; x_wconf 86' lang='lat' dir='ltr'>nendi</span> <span class='ocrx_word' id='word_1_331' title='bbox 1342 919 1449 952; x_wconf 85' lang='lat' dir='ltr'>omnia</span> <span class='ocrx_word' id='word_1_332' title='bbox 1477 925 1503 952; x_wconf 90' lang='lat' dir='ltr'>et</span> <span class='ocrx_word' id='word_1_333' title='bbox 1533 919 1678 961; x_wconf 77' lang='lat' dir='ltr'>singula,</span> <span class='ocrx_word' id='word_1_334' title='bbox 1701 930 1782 963; x_wconf 82' lang='lat' dir='ltr'>quae</span> <span class='ocrx_word' id='word_1_335' title='bbox 1811 919 1968 953; x_wconf 88' lang='lat' dir='ltr'>dictarum</span> 
     </span>
     <span class='ocr_line' id='line_1_64' title="bbox 1219 972 1970 1016; baseline 0 -11"><span class='ocrx_word' id='word_1_336' title='bbox 1219 972 1406 1005; x_wconf 73' lang='lat' dir='ltr'>militiarum</span> <span class='ocrx_word' id='word_1_337' title='bbox 1427 972 1569 1015; x_wconf 77' lang='lat' dir='ltr'>magistri</span> <span class='ocrx_word' id='word_1_338' title='bbox 1586 983 1644 1016; x_wconf 89' lang='lat' dir='ltr'>pro</span> <span class='ocrx_word' id='word_1_339' title='bbox 1668 978 1813 1015; x_wconf 85' lang='lat' dir='ltr'>tempore</span> <span class='ocrx_word' id='word_1_340' title='bbox 1833 973 1970 1006; x_wconf 84' lang='lat' dir='ltr'>existen-</span> 
     </span>
     <span class='ocr_line' id='line_1_65' title="bbox 1219 1025 1972 1065; baseline 0 -8"><span class='ocrx_word' id='word_1_341' title='bbox 1219 1031 1279 1065; x_wconf 85' lang='lat' dir='ltr'>tes,</span> <span class='ocrx_word' id='word_1_342' title='bbox 1310 1026 1348 1058; x_wconf 90' lang='lat' dir='ltr'>de</span> <span class='ocrx_word' id='word_1_343' title='bbox 1377 1026 1445 1059; x_wconf 88' lang='lat' dir='ltr'>iure</span> <span class='ocrx_word' id='word_1_344' title='bbox 1473 1026 1520 1058; x_wconf 77' lang='lat' dir='ltr'>vel</span> <span class='ocrx_word' id='word_1_345' title='bbox 1549 1025 1782 1058; x_wconf 83' lang='lat' dir='ltr'>consuetudine</span> <span class='ocrx_word' id='word_1_346' title='bbox 1813 1030 1867 1058; x_wconf 87' lang='lat' dir='ltr'>aut</span> <span class='ocrx_word' id='word_1_347' title='bbox 1895 1025 1972 1058; x_wconf 83' lang='lat' dir='ltr'>alias</span> 
     </span>
     <span class='ocr_line' id='line_1_66' title="bbox 1219 1079 1969 1122; baseline 0.001 -13"><span class='ocrx_word' id='word_1_348' title='bbox 1219 1079 1457 1122; x_wconf 77' lang='lat' dir='ltr'>quomodolibet</span> <span class='ocrx_word' id='word_1_349' title='bbox 1484 1079 1606 1115; x_wconf 75' lang='lat' dir='ltr'>facere,</span> <span class='ocrx_word' id='word_1_350' title='bbox 1639 1089 1771 1121; x_wconf 71' lang='lat' dir='ltr'>gerere,</span> <span class='ocrx_word' id='word_1_351' title='bbox 1802 1088 1969 1116; x_wconf 77' lang='lat' dir='ltr'>exercere,</span> 
     </span>
     <span class='ocr_line' id='line_1_67' title="bbox 1221 1131 1974 1175; baseline 0 -11"><span class='ocrx_word' id='word_1_352' title='bbox 1221 1132 1391 1172; x_wconf 84' lang='lat' dir='ltr'>mandare,</span> <span class='ocrx_word' id='word_1_353' title='bbox 1414 1132 1604 1175; x_wconf 79' lang='lat' dir='ltr'>disponere,</span> <span class='ocrx_word' id='word_1_354' title='bbox 1629 1131 1742 1174; x_wconf 70' lang='lat' dir='ltr'>exequi</span> <span class='ocrx_word' id='word_1_355' title='bbox 1772 1136 1917 1174; x_wconf 87' lang='lat' dir='ltr'>poterant</span> <span class='ocrx_word' id='word_1_356' title='bbox 1943 1135 1974 1164; x_wconf 83' lang='lat' dir='ltr'>et</span> 
     </span>
     <span class='ocr_line' id='line_1_68' title="bbox 1221 1185 1971 1227; baseline 0 -10"><span class='ocrx_word' id='word_1_357' title='bbox 1221 1190 1450 1218; x_wconf 87' lang='lat' dir='ltr'>consueverant</span> <span class='ocrx_word' id='word_1_358' title='bbox 1463 1212 1470 1225; x_wconf 92' lang='lat'>,</span> <span class='ocrx_word' id='word_1_359' title='bbox 1493 1185 1681 1217; x_wconf 85' lang='lat' dir='ltr'>auctoritate</span> <span class='ocrx_word' id='word_1_360' title='bbox 1702 1189 1732 1218; x_wconf 88' lang='lat' dir='ltr'>et</span> <span class='ocrx_word' id='word_1_361' title='bbox 1746 1189 1857 1217; x_wconf 85' lang='lat' dir='ltr'>tenore</span> <span class='ocrx_word' id='word_1_362' title='bbox 1878 1195 1971 1227; x_wconf 87' lang='lat' dir='ltr'>prae-</span> 
     </span>
     <span class='ocr_line' id='line_1_69' title="bbox 1222 1237 1972 1281; baseline 0 -11"><span class='ocrx_word' id='word_1_363' title='bbox 1222 1238 1336 1278; x_wconf 82' lang='lat' dir='ltr'>missis,</span> <span class='ocrx_word' id='word_1_364' title='bbox 1360 1239 1505 1281; x_wconf 86' lang='lat' dir='ltr'>plenam,</span> <span class='ocrx_word' id='word_1_365' title='bbox 1527 1238 1662 1271; x_wconf 87' lang='lat' dir='ltr'>liberam</span> <span class='ocrx_word' id='word_1_366' title='bbox 1695 1243 1724 1270; x_wconf 91' lang='lat' dir='ltr'>et</span> <span class='ocrx_word' id='word_1_367' title='bbox 1751 1237 1972 1270; x_wconf 84' lang='lat' dir='ltr'>omnimodam</span> 
     </span>
     <span class='ocr_line' id='line_1_70' title="bbox 1222 1290 1972 1333; baseline -0.001 -10"><span class='ocrx_word' id='word_1_368' title='bbox 1222 1292 1405 1324; x_wconf 63' lang='lat' dir='ltr'>facultatem</span> <span class='ocrx_word' id='word_1_369' title='bbox 1434 1290 1659 1331; x_wconf 80' lang='lat' dir='ltr'>concedimus3</span> <span class='ocrx_word' id='word_1_370' title='bbox 1682 1295 1770 1323; x_wconf 85' lang='lat' dir='ltr'>etue</span> <span class='ocrx_word' id='word_1_371' title='bbox 1791 1290 1823 1322; x_wconf 87' lang='lat' dir='ltr'>in</span> <span class='ocrx_word' id='word_1_372' title='bbox 1842 1290 1972 1333; x_wconf 89' lang='lat' dir='ltr'>praein-</span> 
     </span>
     <span class='ocr_line' id='line_1_71' title="bbox 1222 1343 1973 1388; baseline -0.001 -11"><span class='ocrx_word' id='word_1_373' title='bbox 1222 1345 1340 1378; x_wconf 87' lang='lat' dir='ltr'>dicium</span> <span class='ocrx_word' id='word_1_374' title='bbox 1361 1345 1463 1377; x_wconf 84' lang='lat' dir='ltr'>dictae</span> <span class='ocrx_word' id='word_1_375' title='bbox 1483 1344 1612 1377; x_wconf 89' lang='lat' dir='ltr'>unionis</span> <span class='ocrx_word' id='word_1_376' title='bbox 1631 1355 1690 1388; x_wconf 90' lang='lat' dir='ltr'>per</span> <span class='ocrx_word' id='word_1_377' title='bbox 1701 1343 1815 1376; x_wconf 90' lang='lat' dir='ltr'>milites</span> <span class='ocrx_word' id='word_1_378' title='bbox 1832 1354 1889 1377; x_wconf 89' lang='lat' dir='ltr'>seu</span> <span class='ocrx_word' id='word_1_379' title='bbox 1908 1344 1973 1376; x_wconf 84' lang='lat' dir='ltr'>sra-</span> 
     </span>
     <span class='ocr_line' id='line_1_72' title="bbox 1222 1396 1974 1439; baseline 0 -9"><span class='ocrx_word' id='word_1_380' title='bbox 1222 1403 1285 1431; x_wconf 86' lang='lat' dir='ltr'>tres</span> <span class='ocrx_word' id='word_1_381' title='bbox 1305 1398 1465 1430; x_wconf 82' lang='lat' dir='ltr'>dictorum</span> <span class='ocrx_word' id='word_1_382' title='bbox 1500 1396 1656 1430; x_wconf 82' lang='lat' dir='ltr'>Ordinum</span> <span class='ocrx_word' id='word_1_383' title='bbox 1684 1396 1806 1439; x_wconf 79' lang='lat' dir='ltr'>aliquid</span> <span class='ocrx_word' id='word_1_384' title='bbox 1833 1396 1871 1430; x_wconf 91' lang='lat' dir='ltr'>de</span> <span class='ocrx_word' id='word_1_385' title='bbox 1891 1396 1974 1430; x_wconf 81' lang='lat' dir='ltr'>facto</span> 
     </span>
     <span class='ocr_line' id='line_1_73' title="bbox 1222 1449 1976 1493; baseline -0.001 -10"><span class='ocrx_word' id='word_1_386' title='bbox 1222 1456 1381 1489; x_wconf 74' lang='lat' dir='ltr'>teneatur,</span> <span class='ocrx_word' id='word_1_387' title='bbox 1401 1462 1459 1493; x_wconf 79' lang='lat' dir='ltr'>per</span> <span class='ocrx_word' id='word_1_388' title='bbox 1479 1450 1560 1482; x_wconf 86' lang='lat' dir='ltr'>viam</span> <span class='ocrx_word' id='word_1_389' title='bbox 1581 1449 1747 1483; x_wconf 78' lang='lat' dir='ltr'>electionis</span> <span class='ocrx_word' id='word_1_390' title='bbox 1766 1449 1813 1482; x_wconf 89' lang='lat' dir='ltr'>vel</span> <span class='ocrx_word' id='word_1_391' title='bbox 1833 1449 1976 1493; x_wconf 84' lang='lat' dir='ltr'>postula-</span> 
     </span>
     <span class='ocr_line' id='line_1_74' title="bbox 1224 1503 1976 1545; baseline -0.003 -9"><span class='ocrx_word' id='word_1_392' title='bbox 1224 1505 1317 1537; x_wconf 80' lang='lat' dir='ltr'>tionis</span> <span class='ocrx_word' id='word_1_393' title='bbox 1345 1516 1399 1537; x_wconf 89' lang='lat' dir='ltr'>seu</span> <span class='ocrx_word' id='word_1_394' title='bbox 1428 1503 1524 1541; x_wconf 74' lang='lat' dir='ltr'>alias,</span> <span class='ocrx_word' id='word_1_395' title='bbox 1552 1503 1724 1536; x_wconf 79' lang='lat' dir='ltr'>decedente</span> <span class='ocrx_word' id='word_1_396' title='bbox 1754 1513 1826 1545; x_wconf 83' lang='lat' dir='ltr'>rege</span> <span class='ocrx_word' id='word_1_397' title='bbox 1853 1503 1901 1535; x_wconf 90' lang='lat' dir='ltr'>vel</span> <span class='ocrx_word' id='word_1_398' title='bbox 1929 1512 1976 1535; x_wconf 83' lang='lat' dir='ltr'>re-</span> 
     </span>
     <span class='ocr_line' id='line_1_75' title="bbox 1224 1555 1973 1601; baseline -0.003 -11"><span class='ocrx_word' id='word_1_399' title='bbox 1224 1558 1297 1600; x_wconf 75' lang='lat' dir='ltr'>gina</span> <span class='ocrx_word' id='word_1_400' title='bbox 1322 1557 1375 1601; x_wconf 74' lang='lat' dir='ltr'>«pii</span> <span class='ocrx_word' id='word_1_401' title='bbox 1411 1557 1511 1589; x_wconf 88' lang='lat' dir='ltr'>dictos</span> <span class='ocrx_word' id='word_1_402' title='bbox 1531 1556 1665 1589; x_wconf 83' lang='lat' dir='ltr'>Ordines</span> <span class='ocrx_word' id='word_1_403' title='bbox 1690 1555 1973 1595; x_wconf 73' lang='lat' dir='ltr'>administraverit,</span> 
     </span>
     <span class='ocr_line' id='line_1_76' title="bbox 1225 1609 1975 1652; baseline -0.003 -9"><span class='ocrx_word' id='word_1_404' title='bbox 1225 1611 1400 1643; x_wconf 78' lang='lat' dir='ltr'>auferimus</span> <span class='ocrx_word' id='word_1_405' title='bbox 1420 1610 1458 1642; x_wconf 82' lang='lat' dir='ltr'>ab</span> <span class='ocrx_word' id='word_1_406' title='bbox 1479 1609 1523 1642; x_wconf 84' lang='lat' dir='ltr'>eis</span> <span class='ocrx_word' id='word_1_407' title='bbox 1544 1619 1638 1641; x_wconf 89' lang='lat' dir='ltr'>omne</span> <span class='ocrx_word' id='word_1_408' title='bbox 1663 1609 1713 1642; x_wconf 80' lang='lat' dir='ltr'>ius</span> <span class='ocrx_word' id='word_1_409' title='bbox 1733 1619 1769 1641; x_wconf 83' lang='lat' dir='ltr'>ae</span> <span class='ocrx_word' id='word_1_410' title='bbox 1788 1613 1975 1652; x_wconf 85' lang='lat' dir='ltr'>potestatem</span> 
     </span>
    </p>
   </div>
   <div class='ocr_carea' id='block_1_8' title="bbox 1210 1661 1980 1760">
    <p class='ocr_par' dir='ltr' id='par_1_8' title="bbox 1210 1661 1980 1760">
     <span class='ocr_line' id='line_1_77' title="bbox 1210 1661 1976 1707; baseline 0 -13"><span class='ocrx_word' id='word_1_411' title='bbox 1210 1664 1380 1707; x_wconf 58' lang='lat' dir='ltr'>eligendi,</span> <span class='ocrx_word' id='word_1_412' title='bbox 1403 1662 1585 1706; x_wconf 75' lang='lat' dir='ltr'>postulandi</span> <span class='ocrx_word' id='word_1_413' title='bbox 1605 1662 1651 1693; x_wconf 80' lang='lat' dir='ltr'>vel</span> <span class='ocrx_word' id='word_1_414' title='bbox 1673 1662 1711 1694; x_wconf 85' lang='lat' dir='ltr'>de</span> <span class='ocrx_word' id='word_1_415' title='bbox 1738 1672 1819 1694; x_wconf 90' lang='lat' dir='ltr'>novo</span> <span class='ocrx_word' id='word_1_416' title='bbox 1841 1661 1976 1694; x_wconf 89' lang='lat' dir='ltr'>admini-</span> 
     </span>
     <span class='ocr_line' id='line_1_78' title="bbox 1210 1714 1980 1760; baseline -0.005 -9"><span class='ocrx_word' id='word_1_417' title='bbox 1210 1734 1211 1738; x_wconf 61' lang='lat'><em>=</em></span> <span class='ocrx_word' id='word_1_418' title='bbox 1226 1722 1360 1751; x_wconf 75' lang='lat' dir='ltr'>stratore</span> <span class='ocrx_word' id='word_1_419' title='bbox 1376 1720 1531 1760; x_wconf 69' lang='lat' dir='ltr'>perpetuo</span> <span class='ocrx_word' id='word_1_420' title='bbox 1552 1715 1752 1760; x_wconf 73' lang='lat' dir='ltr'>providendi3</span> <span class='ocrx_word' id='word_1_421' title='bbox 1764 1720 1791 1748; x_wconf 84' lang='lat' dir='ltr'>et</span> <span class='ocrx_word' id='word_1_422' title='bbox 1804 1714 1863 1748; x_wconf 88' lang='lat' dir='ltr'>sub</span> <span class='ocrx_word' id='word_1_423' title='bbox 1876 1725 1980 1758; x_wconf 82' lang='lat' dir='ltr'>poena</span> 
     </span>
    </p>
   </div>
   <div class='ocr_carea' id='block_1_9' title="bbox 1227 1767 1980 1812">
    <p class='ocr_par' dir='ltr' id='par_1_9' title="bbox 1227 1767 1980 1812">
     <span class='ocr_line' id='line_1_79' title="bbox 1227 1767 1980 1812; baseline -0.004 -9"><span class='ocrx_word' id='word_1_424' title='bbox 1227 1769 1567 1803; x_wconf 67' lang='lat' dir='ltr'>exmmmunicationis</span> <span class='ocrx_word' id='word_1_425' title='bbox 1605 1780 1641 1801; x_wconf 87' lang='lat' dir='ltr'>ao</span> <span class='ocrx_word' id='word_1_426' title='bbox 1679 1767 1864 1812; x_wconf 87' lang='lat' dir='ltr'>privationis</span> <span class='ocrx_word' id='word_1_427' title='bbox 1893 1778 1980 1801; x_wconf 89' lang='lat' dir='ltr'>com-</span> 
     </span>
    </p>
   </div>
   <div class='ocr_carea' id='block_1_10' title="bbox 1228 1874 2187 2609">
    <p class='ocr_par' dir='ltr' id='par_1_10' title="bbox 1228 1874 1989 2337">
     <span class='ocr_line' id='line_1_80' title="bbox 1228 1874 1983 1918; baseline -0.005 -8"><span class='ocrx_word' id='word_1_428' title='bbox 1228 1876 1459 1910; x_wconf 85' lang='lat' dir='ltr'>beneficiorum</span> <span class='ocrx_word' id='word_1_429' title='bbox 1473 1903 1480 1913; x_wconf 80' lang='lat'>,</span> <span class='ocrx_word' id='word_1_430' title='bbox 1502 1886 1584 1918; x_wconf 83' lang='lat' dir='ltr'>quae</span> <span class='ocrx_word' id='word_1_431' title='bbox 1612 1875 1774 1914; x_wconf 87' lang='lat' dir='ltr'>obtinent,</span> <span class='ocrx_word' id='word_1_432' title='bbox 1796 1874 1983 1907; x_wconf 84' lang='lat' dir='ltr'>inhabilita-</span> 
     </span>
     <span class='ocr_line' id='line_1_81' title="bbox 1230 1927 1985 1973; baseline -0.007 -9"><span class='ocrx_word' id='word_1_433' title='bbox 1230 1931 1332 1973; x_wconf 83' lang='lat' dir='ltr'>tisquo</span> <span class='ocrx_word' id='word_1_434' title='bbox 1343 1929 1382 1962; x_wconf 88' lang='lat' dir='ltr'>ad</span> <span class='ocrx_word' id='word_1_435' title='bbox 1398 1929 1464 1973; x_wconf 83' lang='lat' dir='ltr'>ipsa</span> <span class='ocrx_word' id='word_1_436' title='bbox 1480 1929 1511 1961; x_wconf 92' lang='lat' dir='ltr'>in</span> <span class='ocrx_word' id='word_1_437' title='bbox 1528 1934 1691 1972; x_wconf 88' lang='lat' dir='ltr'>posterum</span> <span class='ocrx_word' id='word_1_438' title='bbox 1706 1927 1878 1960; x_wconf 87' lang='lat' dir='ltr'>obtinenda</span> <span class='ocrx_word' id='word_1_439' title='bbox 1889 1955 1896 1967; x_wconf 87' lang='grc'>,</span> <span class='ocrx_word' id='word_1_440' title='bbox 1913 1937 1985 1960; x_wconf 89' lang='lat' dir='ltr'>om-</span> 
     </span>
     <span class='ocr_line' id='line_1_82' title="bbox 1232 1980 1982 2025; baseline -0.004 -9"><span class='ocrx_word' id='word_1_441' title='bbox 1232 1984 1325 2016; x_wconf 90' lang='lat' dir='ltr'>nibus</span> <span class='ocrx_word' id='word_1_442' title='bbox 1345 1988 1372 2015; x_wconf 81' lang='lat' dir='ltr'>et</span> <span class='ocrx_word' id='word_1_443' title='bbox 1391 1981 1524 2025; x_wconf 73' lang='lat' dir='ltr'>singulis</span> <span class='ocrx_word' id='word_1_444' title='bbox 1544 1981 1754 2025; x_wconf 86' lang='lat' dir='ltr'>prohibemus</span> <span class='ocrx_word' id='word_1_445' title='bbox 1777 1991 1817 2013; x_wconf 86' lang='lat' dir='ltr'>ne</span> <span class='ocrx_word' id='word_1_446' title='bbox 1851 1980 1982 2024; x_wconf 82' lang='lat' dir='ltr'>eligant,</span> 
     </span>
     <span class='ocr_line' id='line_1_83' title="bbox 1232 2033 1985 2081; baseline -0.001 -14"><span class='ocrx_word' id='word_1_447' title='bbox 1232 2037 1405 2081; x_wconf 67' lang='lat' dir='ltr'>postulent,</span> <span class='ocrx_word' id='word_1_448' title='bbox 1426 2035 1473 2067; x_wconf 78' lang='lat' dir='ltr'>vel</span> <span class='ocrx_word' id='word_1_449' title='bbox 1495 2035 1532 2067; x_wconf 88' lang='lat' dir='ltr'>de</span> <span class='ocrx_word' id='word_1_450' title='bbox 1554 2034 1700 2077; x_wconf 74' lang='lat' dir='ltr'>eligendo</span> <span class='ocrx_word' id='word_1_451' title='bbox 1721 2039 1776 2066; x_wconf 89' lang='lat' dir='ltr'>aut</span> <span class='ocrx_word' id='word_1_452' title='bbox 1795 2033 1985 2078; x_wconf 86' lang='lat' dir='ltr'>postulando</span> 
     </span>
     <span class='ocr_line' id='line_1_84' title="bbox 1233 2086 1985 2132; baseline -0.005 -9"><span class='ocrx_word' id='word_1_453' title='bbox 1233 2094 1387 2129; x_wconf 84' lang='lat' dir='ltr'>tractent,</span> <span class='ocrx_word' id='word_1_454' title='bbox 1414 2100 1494 2132; x_wconf 82' lang='lat' dir='ltr'>quas</span> <span class='ocrx_word' id='word_1_455' title='bbox 1520 2099 1640 2132; x_wconf 78' lang='lat' dir='ltr'>poenas</span> <span class='ocrx_word' id='word_1_456' title='bbox 1658 2088 1808 2120; x_wconf 87' lang='lat' dir='ltr'>volumus</span> <span class='ocrx_word' id='word_1_457' title='bbox 1835 2098 1889 2120; x_wconf 89' lang='lat' dir='ltr'>eos</span> <span class='ocrx_word' id='word_1_458' title='bbox 1916 2086 1985 2130; x_wconf 86' lang='lat' dir='ltr'>ipso</span> 
     </span>
     <span class='ocr_line' id='line_1_85' title="bbox 1234 2139 1988 2182; baseline -0.007 -6"><span class='ocrx_word' id='word_1_459' title='bbox 1234 2146 1316 2176; x_wconf 78' lang='lat' dir='ltr'>sacto</span> <span class='ocrx_word' id='word_1_460' title='bbox 1353 2143 1538 2182; x_wconf 76' lang='lat' dir='ltr'>incurrere,</span> <span class='ocrx_word' id='word_1_461' title='bbox 1568 2140 1804 2174; x_wconf 86' lang='lat' dir='ltr'>ahsolutionem</span> <span class='ocrx_word' id='word_1_462' title='bbox 1831 2139 1923 2172; x_wconf 87' lang='lat' dir='ltr'>nobis</span> <span class='ocrx_word' id='word_1_463' title='bbox 1956 2143 1988 2172; x_wconf 86' lang='lat' dir='ltr'>et</span> 
     </span>
     <span class='ocr_line' id='line_1_86' title="bbox 1235 2191 1986 2230; baseline -0.007 -1"><span class='ocrx_word' id='word_1_464' title='bbox 1235 2197 1474 2230; x_wconf 80' lang='lat' dir='ltr'>suecessoribus</span> <span class='ocrx_word' id='word_1_465' title='bbox 1502 2195 1620 2228; x_wconf 86' lang='lat' dir='ltr'>nostris</span> <span class='ocrx_word' id='word_1_466' title='bbox 1647 2193 1798 2226; x_wconf 82' lang='lat' dir='ltr'>Romanis</span> <span class='ocrx_word' id='word_1_467' title='bbox 1823 2191 1986 2226; x_wconf 85' lang='lat' dir='ltr'>Pontifici-</span> 
     </span>
     <span class='ocr_line' id='line_1_87' title="bbox 1235 2245 1989 2294; baseline -0.008 -10"><span class='ocrx_word' id='word_1_468' title='bbox 1235 2252 1295 2284; x_wconf 87' lang='lat' dir='ltr'>bus</span> <span class='ocrx_word' id='word_1_469' title='bbox 1315 2262 1372 2294; x_wconf 89' lang='lat' dir='ltr'>pro</span> <span class='ocrx_word' id='word_1_470' title='bbox 1398 2257 1542 2293; x_wconf 86' lang='lat' dir='ltr'>tempore</span> <span class='ocrx_word' id='word_1_471' title='bbox 1575 2247 1781 2281; x_wconf 84' lang='lat' dir='ltr'>existentibus</span> <span class='ocrx_word' id='word_1_472' title='bbox 1808 2245 1989 2290; x_wconf 84' lang='lat' dir='ltr'>specialiter</span> 
     </span>
     <span class='ocr_line' id='line_1_88' title="bbox 1238 2309 1445 2337; baseline -0.01 0"><span class='ocrx_word' id='word_1_473' title='bbox 1238 2309 1445 2337; x_wconf 86' lang='lat' dir='ltr'>reservantes.</span> 
     </span>
    </p>

    <p class='ocr_par' dir='ltr' id='par_1_11' title="bbox 1239 2354 2187 2609">
     <span class='ocr_line' id='line_1_89' title="bbox 1283 2354 2187 2401; baseline -0.008 -10"><span class='ocrx_word' id='word_1_474' title='bbox 1283 2358 1297 2401; x_wconf 64' lang='grc' dir='ltr'><strong>ξ</strong></span> <span class='ocrx_word' id='word_1_475' title='bbox 1317 2358 1345 2391; x_wconf 79' lang='grc'>5.</span> <span class='ocrx_word' id='word_1_476' title='bbox 1369 2357 1438 2389; x_wconf 78' lang='lat' dir='ltr'>Non</span> <span class='ocrx_word' id='word_1_477' title='bbox 1463 2354 1661 2389; x_wconf 87' lang='lat' dir='ltr'>obstantibus</span> <span class='ocrx_word' id='word_1_478' title='bbox 1688 2358 1815 2393; x_wconf 84' lang='lat' dir='ltr'>nostra,</span> <span class='ocrx_word' id='word_1_479' title='bbox 1838 2363 1903 2396; x_wconf 89' lang='lat' dir='ltr'>qua</span> <span class='ocrx_word' id='word_1_480' title='bbox 1933 2362 1988 2385; x_wconf 86' lang='lat' dir='ltr'>vo·</span> <span class='ocrx_word' id='word_1_481' title='bbox 2016 2363 2187 2390; x_wconf 68' lang='lat' dir='ltr'>nerognioeon-</span> 
     </span>
     <span class='ocr_line' id='line_1_90' title="bbox 1239 2397 2123 2452; baseline -0.008 -8"><span class='ocrx_word' id='word_1_482' title='bbox 1239 2412 1359 2444; x_wconf 86' lang='lat' dir='ltr'>luimus</span> <span class='ocrx_word' id='word_1_483' title='bbox 1388 2409 1473 2452; x_wconf 82' lang='lat' dir='ltr'>quod</span> <span class='ocrx_word' id='word_1_484' title='bbox 1501 2408 1532 2440; x_wconf 91' lang='lat' dir='ltr'>in</span> <span class='ocrx_word' id='word_1_485' title='bbox 1561 2407 1736 2440; x_wconf 88' lang='lat' dir='ltr'>unionibus</span> <span class='ocrx_word' id='word_1_486' title='bbox 1777 2405 1913 2451; x_wconf 83' lang='lat' dir='ltr'>exprimi</span> <span class='ocrx_word' id='word_1_487' title='bbox 1937 2404 1990 2438; x_wconf 89' lang='lat' dir='ltr'>de-</span> <span class='ocrx_word' id='word_1_488' title='bbox 2004 2397 2123 2418; x_wconf 64' lang='lat' dir='ltr'>“⁸¹³⁰‘m&#39;</span> 
     </span>
     <span class='ocr_line' id='line_1_91' title="bbox 1239 2458 1988 2500; baseline -0.009 -2"><span class='ocrx_word' id='word_1_489' title='bbox 1239 2461 1528 2497; x_wconf 85' lang='lat' dir='ltr'>beretvaloretiam</span> <span class='ocrx_word' id='word_1_490' title='bbox 1544 2460 1705 2500; x_wconf 83' lang='lat' dir='ltr'>beneficii,</span> <span class='ocrx_word' id='word_1_491' title='bbox 1725 2459 1777 2493; x_wconf 89' lang='lat' dir='ltr'>cui</span> <span class='ocrx_word' id='word_1_492' title='bbox 1793 2459 1871 2492; x_wconf 90' lang='lat' dir='ltr'>unio</span> <span class='ocrx_word' id='word_1_493' title='bbox 1884 2458 1988 2498; x_wconf 84' lang='lat' dir='ltr'>fieret,</span> 
     </span>
     <span class='ocr_line' id='line_1_92' title="bbox 1241 2513 1992 2560; baseline -0.009 -9"><span class='ocrx_word' id='word_1_494' title='bbox 1241 2523 1270 2551; x_wconf 80' lang='lat' dir='ltr'>et</span> <span class='ocrx_word' id='word_1_495' title='bbox 1291 2527 1418 2560; x_wconf 86' lang='lat' dir='ltr'>semper</span> <span class='ocrx_word' id='word_1_496' title='bbox 1437 2513 1620 2548; x_wconf 83' lang='lat' dir='ltr'>commissio</span> <span class='ocrx_word' id='word_1_497' title='bbox 1642 2513 1733 2546; x_wconf 80' lang='lat' dir='ltr'>fieret</span> <span class='ocrx_word' id='word_1_498' title='bbox 1747 2513 1787 2546; x_wconf 91' lang='lat' dir='ltr'>ad</span> <span class='ocrx_word' id='word_1_499' title='bbox 1801 2517 1920 2556; x_wconf 83' lang='lat' dir='ltr'>partes,</span> <span class='ocrx_word' id='word_1_500' title='bbox 1935 2521 1992 2544; x_wconf 89' lang='lat' dir='ltr'>vo-</span> 
     </span>
     <span class='ocr_line' id='line_1_93' title="bbox 1243 2559 1994 2609; baseline -0.008 -10"><span class='ocrx_word' id='word_1_501' title='bbox 1243 2566 1321 2600; x_wconf 85' lang='lat' dir='ltr'>catis</span> <span class='ocrx_word' id='word_1_502' title='bbox 1342 2574 1481 2609; x_wconf 86' lang='lat' dir='ltr'>quorum</span> <span class='ocrx_word' id='word_1_503' title='bbox 1502 2563 1654 2602; x_wconf 85' lang='lat' dir='ltr'>interest;</span> <span class='ocrx_word' id='word_1_504' title='bbox 1675 2573 1714 2595; x_wconf 83' lang='lat' dir='ltr'>ae</span> <span class='ocrx_word' id='word_1_505' title='bbox 1747 2561 1818 2595; x_wconf 87' lang='lat' dir='ltr'>aliis</span> <span class='ocrx_word' id='word_1_506' title='bbox 1841 2559 1994 2594; x_wconf 87' lang='lat' dir='ltr'>constitu-</span> 
     </span>
    </p>
   </div>
   <div class='ocr_carea' id='block_1_11' title="bbox 1243 2609 1996 2697">
    <p class='ocr_par' dir='ltr' id='par_1_12' title="bbox 1243 2609 1996 2697">
     <span class='ocr_line' id='line_1_94' title="bbox 1243 2609 1995 2655; baseline -0.007 -8"><span class='ocrx_word' id='word_1_507' title='bbox 1243 2615 1385 2648; x_wconf 86' lang='lat' dir='ltr'>tionibus</span> <span class='ocrx_word' id='word_1_508' title='bbox 1400 2619 1429 2646; x_wconf 89' lang='lat' dir='ltr'>et</span> <span class='ocrx_word' id='word_1_509' title='bbox 1445 2611 1702 2646; x_wconf 83' lang='lat' dir='ltr'>ordinationibus</span> <span class='ocrx_word' id='word_1_510' title='bbox 1712 2609 1908 2655; x_wconf 83' lang='lat' dir='ltr'>apostolicis,</span> <span class='ocrx_word' id='word_1_511' title='bbox 1919 2619 1995 2643; x_wconf 84' lang='lat' dir='ltr'>nec-</span> 
     </span>
     <span class='ocr_line' id='line_1_95' title="bbox 1245 2656 1996 2697; baseline -0.007 -1"><span class='ocrx_word' id='word_1_512' title='bbox 1245 2673 1309 2697; x_wconf 89' lang='lat' dir='ltr'>non</span> <span class='ocrx_word' id='word_1_513' title='bbox 1330 2661 1454 2697; x_wconf 85' lang='lat' dir='ltr'>statutis</span> <span class='ocrx_word' id='word_1_514' title='bbox 1474 2667 1501 2694; x_wconf 76' lang='lat' dir='ltr'>et</span> <span class='ocrx_word' id='word_1_515' title='bbox 1524 2659 1813 2695; x_wconf 83' lang='lat' dir='ltr'>consuetudinibus</span> <span class='ocrx_word' id='word_1_516' title='bbox 1835 2668 1872 2692; x_wconf 84' lang='lat' dir='ltr'>ac</span> <span class='ocrx_word' id='word_1_517' title='bbox 1901 2656 1996 2692; x_wconf 78' lang='lat' dir='ltr'>stabi-</span> 
     </span>
    </p>
   </div>
  </div>
 </body>
</html>
