2227 3001
202 270 251 296 An.
269 269 298 296 C.
319 269 386 298 1525

209 1334 314 1355 Censurus
327 1339 381 1361 poe-

196 1370 276 1391 nnsque
289 1365 383 1391 infligen-

197 1395 225 1417 dl.

453 258 495 297 502

407 326 584 370 plicandis,
607 324 821 363 decernendi:
842 337 879 359 ac
901 330 1012 358 contra
1041 331 1154 358 contu-

400 387 523 418 maces,
546 378 643 411 unica
661 378 709 411 vel
727 378 874 421 pluribus
894 376 1110 417 citationibus,
1129 376 1154 410 si

401 429 580 471 videbitur,
603 431 869 474 praecedentibus
883 457 891 471 ,
908 430 1004 463 etiam
1029 441 1087 473 per
1106 430 1152 463 af-

399 482 553 516 fixionem
574 483 607 515 in
627 483 724 516 valvis
751 494 806 516 seu
828 483 932 517 ianuis
947 483 1048 527 ipsius
1067 483 1151 516 basi-

402 536 482 569 licae
511 535 668 580 Principis
697 536 939 580 apostolorum,
971 536 1065 570 etiam
1094 547 1152 581 per

399 599 551 622 censuras
571 594 601 622 et
627 600 745 632 poenas
765 589 997 623 ecclesiasticas
1026 601 1063 623 ac
1090 590 1151 622 alia

398 647 582 685 opportuna
614 641 692 674 iuris
725 641 867 675 remedia
896 643 1094 686 procedere,
1122 648 1151 676 et

398 695 584 727 mandatum
618 695 818 728 executirum
833 723 840 735 ,
873 696 944 729 loco
975 696 1149 729 sententiae

398 747 547 780 serendae
559 758 614 780 seu
626 747 805 789 literarum,
820 749 1010 787 decernere;
1024 760 1149 783 necnon

398 800 539 843 singulos
559 801 750 844 p1·aedictOS‚
774 801 869 834 etiam
890 813 948 845 per
967 802 1068 836 edicta
1090 815 1148 847 pu-

397 852 492 894 blica,
515 853 547 886 in
568 853 647 887 loeis
677 855 814 897 publicis
839 854 1076 889 circumvicinis
1103 857 1149 889 as-

398 906 535 948 figenda,
558 918 640 950 quac
661 907 746 950 ipsos
766 908 899 951 perinde
920 914 1042 943 arctent
1063 921 1099 943 ac
1124 910 1148 943 si

396 959 440 991 eis
473 960 684 1003 personaliter
703 961 847 994 intimata
869 963 988 1001 forent,
1013 963 1148 996 eonstito

396 1013 570 1046 summarie
587 1019 617 1047 et
636 1014 920 1048 extraiudieialiter
946 1015 984 1049 de
1000 1027 1064 1049 non
1080 1021 1148 1049 tuto

395 1066 435 1098 ad
450 1076 504 1099 eos
520 1078 663 1107 accessu,
678 1078 768 1101 more
779 1068 964 1101 auditorum
977 1079 1148 1102 causarum

395 1119 504 1152 Palatii
534 1121 708 1164 Apostolici
723 1148 730 1159 ,
770 1122 891 1165 absque
926 1122 988 1155 alia
1016 1122 1148 1166 speciali

395 1179 504 1207 nostra
524 1174 572 1207 vel
593 1185 818 1207 successorum
847 1181 1032 1210 nostrorum
1059 1187 1148 1209 com-

396 1225 559 1267 missione,
582 1226 679 1260 citare
700 1232 730 1260 et
750 1239 893 1261 monere.

439 1280 454 1323 ξ
474 1280 527 1313 11.
550 1280 587 1313 Et
607 1286 670 1313 tam
691 1286 873 1324 praesentes
889 1292 985 1325 quam
1002 1282 1147 1316 absentes

396 1332 568 1374 debitores,
592 1333 686 1367 etiam
707 1334 732 1367 si
764 1335 910 1368 absentes
936 1336 1148 1379 personaliter

396 1387 443 1420 vel
464 1387 541 1420 alias
557 1388 810 1431 comparuerint,
828 1388 888 1421 nisi
905 1389 1066 1429 solverint,
1092 1400 1147 1423 seu

397 1441 435 1473 de
456 1440 613 1474 solutione
642 1440 783 1483 legitime
808 1441 995 1483 docuerint;
1021 1454 1148 1476 necnon

397 1494 575 1537 singulares
599 1504 752 1538 personas
781 1495 1018 1539 capitulorum,
1049 1497 1148 1529 colle-

397 1547 541 1590 giorum,
563 1548 831 1581 communitatum
856 1553 887 1581 et
906 1548 1147 1582 universitatum

397 1600 607 1634 detinentium
628 1612 679 1634 res
707 1607 738 1634 et
765 1600 849 1634 bona
874 1601 1013 1634 fabricae
1033 1601 1147 1635 huius-

398 1653 505 1695 modi,
527 1654 647 1698 absque
672 1654 731 1686 alia
752 1653 831 1687 iuris
851 1655 1050 1688 solemnitate
1064 1681 1071 1695 ,
1094 1666 1147 1687 ex-

398 1706 699 1740 communicationis
715 1707 870 1740 sententia
886 1708 1053 1748 innodare,
1071 1719 1087 1740 a
1104 1708 1149 1740 di-

397 1761 476 1794 vinis
500 1761 716 1805 suspendere,
740 1772 777 1793 ac
803 1762 1099 1795 excommunicatos
1119 1769 1149 1795 et

396 1825 568 1858 suspensos
576 1814 751 1854 declarare,
762 1825 797 1847 ac
809 1815 1149 1849 exeomnmnicationis

397 1872 426 1900 et
438 1867 514 1900 alias
526 1878 677 1901 censuras
690 1873 718 1900 et
730 1878 850 1911 poenas
862 1867 1052 1911 praedictas,
1065 1879 1147 1912 quo-

396 1920 478 1952 tiens
494 1930 575 1963 opus
586 1920 693 1960 suerit,
707 1920 801 1953 etiam
814 1921 934 1954 iteratis
948 1921 1082 1961 vicibus,
1096 1933 1148 1964 ag·-

397 1984 543 2016 gravare,
566 1985 603 2007 ac
623 1979 735 2006 contra
764 1986 817 2007 eos
846 1975 1000 2007 auxilium
1025 1976 1148 2009 brachii

377 2022 384 2025 ¹
397 2027 571 2060 saecularis
591 2026 751 2068 invocare,
774 2033 804 2061 et
823 2028 1029 2061 interdictum
1050 2040 1147 2071 gene-

399 2080 464 2112 rale
484 2080 532 2113 vel
553 2081 707 2124 speciale,
742 2086 806 2113 tam
827 2082 858 2113 in
880 2081 1023 2114 ecclesiis
1050 2093 1145 2125 quam

400 2132 576 2166 civitatibus
597 2139 625 2167 et
645 2134 736 2175 locis,
755 2135 786 2167 in
807 2131 924 2178 quibus
944 2135 1104 2168 debitores
1119 2141 1147 2168 et

398 2185 575 2219 detinentes
595 2188 725 2230 praefati
747 2198 870 2220 moram
888 2189 1050 2228 traxerint,
1066 2195 1092 2221 et
1109 2189 1147 2221 ad

398 2250 480 2283 quae
501 2251 554 2273 eos
584 2241 744 2273 declinare
765 2242 948 2285 contigerit,
971 2253 1145 2286 altmonere,

399 2292 542 2336 illudque
556 2295 764 2338 suspendere,
778 2295 890 2328 tollere
908 2306 963 2327 seu
984 2307 1145 2335 revocare,

399 2356 435 2378 ac
455 2356 679 2390 quaecumque
700 2347 759 2379 alia
781 2348 921 2380 remedia
951 2360 1008 2391 per
1028 2350 1147 2391 praesi-

399 2399 508 2432 dentes
519 2399 669 2433 Gamerae
680 2401 877 2443 Apostolicae
890 2403 1028 2434 exerceri
1041 2403 1144 2441 solita,

400 2449 501 2481 donec
529 2449 567 2482 de
596 2449 702 2482 debito
732 2450 790 2493 ipsi
820 2450 958 2483 fabricae
980 2451 1069 2483 suerit
1099 2452 1147 2483 in-

401 2504 486 2539 tegre
507 2497 714 2539 satisfactum,
736 2509 884 2532 exercere
905 2499 1003 2532 libere
1019 2506 1046 2532 et
1064 2500 1147 2533 licite

401 2546 535 2579 valeant.

443 2595 457 2636 ξ
478 2594 529 2626 Μ.
555 2595 588 2627 Et
619 2596 642 2628 si
669 2596 830 2639 contingat
850 2596 950 2630 dictos
970 2596 1144 2638 debitores,

399 2643 506 2678 auimo
528 2644 694 2677 differendi
715 2645 902 2686 solutiones,
925 2651 1017 2688 prom
1039 2647 1146 2678 verisi-

1003 268 1179 295 BFLLARIUM
1204 268 1355 295 ROMANUM

1965 267 2015 295 An.
2031 266 2062 294 C.
2081 266 2147 295 ¹525

1193 323 1312 357 militer
1327 325 1492 368 praesumi
1505 329 1618 368 potest,
1631 330 1704 358 ante
1715 324 1762 357 vel
1777 329 1946 369 postquam
1962 332 1978 352 Α
1994 333 2102 353 sententia
2113 333 2149 353 di-

1194 376 1232 408 ad
1253 376 1440 410 solvendum
1460 382 1563 410 totum
1584 377 1676 417 illud,
1694 376 1726 410 in
1741 388 1806 420 quo
1826 377 1945 422 reperti
1961 364 2146 420 {Suilssssfflffia‘ll}

1193 434 1288 461 erunt
1312 429 1376 462 veri
1396 429 1567 471 debitores,
1588 430 1791 463 condemnati
1811 430 1942 471 fuerint,
1960 424 2147 480 ζζξῇζξζζξζθζᾱ

1193 491 1251 524 por
1269 481 1354 514 varia
1381 481 1577 525 subterfugia
1603 488 1634 516 et
1657 483 1799 516 remedia
1823 483 1944 516 confir-

1192 544 1281 567 mare
1301 534 1485 576 gravamina
1507 535 1552 568 eis
1572 536 1666 569 allata
1686 548 1743 570 seu
1762 536 1941 577 inferenda,

1193 587 1286 620 etiam
1302 587 1458 620 nullitatis
1469 592 1500 621 et
1511 589 1590 622 telae
1606 589 1792 623 iudiciariae
1804 600 1869 623 non
1881 601 1945 623 ser-

1192 645 1301 682 vatae,
1324 645 1354 674 et
1382 647 1552 684 propterea
1581 653 1692 675 causas
1720 643 1945 687 appellationis

1192 705 1247 727 seu
1269 693 1522 737 appellationum
1536 721 1543 731 ,
1565 706 1602 728 ac
1621 696 1775 729 nullitatis
1795 702 1826 729 et
1845 696 1942 729 nulli-

1192 753 1303 787 tatum,
1326 747 1486 790 aliquibus
1510 747 1679 785 iudicibus,
1698 749 1730 782 in
1748 749 1831 782 dicta
1850 749 1944 783 Curia

1190 801 1237 833 vel
1268 805 1356 833 extra
1388 811 1475 837 eam,
1499 801 1653 834 committi
1680 803 1943 845 procuraverint,

1190 854 1276 897 quod
1307 864 1418 887 omnes
1449 859 1479 887 et
1508 852 1653 897 singulae
1683 866 1796 889 causae
1826 856 1943 890 dictam

1190 906 1342 940 fabricam
1365 912 1609 945 concernentes,
1632 913 1695 941 tam
1717 909 1837 952 negotii
1857 910 1944 953 prin-

1190 959 1300 1003 cipalis
1316 960 1348 992 in
1365 960 1601 1003 piaiciudicium
1622 961 1853 995 iurisdictionis
1868 973 1945 996 con-

1190 1025 1297 1047 cessae
1318 1014 1454 1055 collegio
1473 1014 1671 1054 huiusmodi,
1686 1026 1783 1059 quam
1800 1016 1944 1059 appella-

1189 1067 1284 1099 tionis
1304 1072 1335 1099 et
1353 1066 1526 1107 nullitatis,
1554 1079 1609 1100 seu
1635 1069 1889 1112 appellationum
1914 1074 1945 1102 et

1189 1119 1386 1159 nullitatum,
1410 1131 1466 1162 per
1486 1120 1572 1164 ipsos
1593 1121 1766 1163 collegium
1797 1132 1853 1155 seu
1878 1123 1945 1155 offi-

1184 1173 1285 1206 -cialcs
1299 1173 1500 1216 deputandos
1515 1173 1618 1206 decidi
1634 1174 1782 1215 debeant,
1801 1185 1861 1208 nec
1872 1174 1941 1208 cui-

1189 1237 1285 1269 quam
1315 1226 1414 1258 iudici
1444 1226 1602 1259 committi
1617 1254 1624 1267 ‚
1657 1238 1760 1271 neque
1791 1228 1944 1261 commis-

1188 1280 1294 1313 siones
1314 1290 1371 1323 per
1391 1290 1633 1323 quemcumque
1663 1292 1681 1313 a
1700 1280 1793 1314 nobis
1813 1286 1843 1314 et
1862 1281 1942 1314 Sede

1188 1334 1370 1377 Apostolica
1399 1333 1437 1365 ad
1465 1334 1707 1367 commissiones
1735 1334 1874 1368 iustitiae
1903 1336 1943 1369 si-

1189 1387 1330 1430 gnandas
1357 1386 1564 1430 deputatum,
1588 1387 1682 1420 etiam
1710 1388 1735 1421 si
1756 1388 1858 1421 dictae
1878 1388 1942 1422 Ro-

1190 1451 1302 1473 manae
1322 1439 1481 1473 Ecclesiae
1502 1440 1672 1474 cardinalis
1684 1441 1795 1481 fuerit,
1814 1452 1873 1475 nec
1885 1453 1944 1486 per

1189 1493 1333 1526 eiusdem
1361 1493 1393 1526 S.
1415 1493 1451 1525 R,
1480 1493 1514 1525 E.
1542 1493 1859 1528 vice-cancellarium
1887 1500 1941 1528 aut

1190 1545 1274 1579 illius
1306 1548 1580 1579 locumtenentem
1614 1558 1672 1590 pro
1703 1553 1847 1591 tempore
1877 1548 1942 1583 exi-

1189 1605 1317 1640 stentes,
1340 1599 1400 1632 nisi
1421 1611 1478 1643 per
1498 1611 1556 1633 nos
1576 1606 1605 1633 et
1626 1611 1828 1635 successores
1847 1612 1941 1645 prae-

1190 1655 1281 1694 fatos,
1296 1664 1393 1686 manu
1410 1658 1537 1694 nostra,
1560 1654 1678 1687 vocatis
1703 1655 1795 1688 dictis
1821 1655 1942 1688 officia-

1190 1707 1273 1739 libus
1289 1707 1390 1750 prius,
1405 1706 1522 1749 signari
1538 1706 1671 1750 possint,
1686 1718 1722 1740 ac
1742 1707 1781 1740 de
1795 1707 1942 1742 nullitate

1190 1771 1360 1804 processus
1385 1770 1448 1792 nou
1476 1760 1572 1803 possit
1595 1760 1626 1793 in
1648 1760 1783 1794 dubium
1803 1761 1938 1802 deduci,

1190 1824 1293 1858 neque
1315 1812 1478 1855 cognosc&
1501 1813 1555 1845 scd
1575 1813 1720 1856 perinde,
1734 1813 1860 1847 reiectis
1870 1814 1942 1847 nul—

1190 1867 1343 1907 litatibus,
1358 1866 1452 1899 etiam
1466 1877 1689 1907 censurarum,
1708 1878 1744 1900 ac
1764 1867 1789 1900 si
1809 1867 1848 1900 de
1867 1867 1940 1900 nul·

1188 1921 1274 1954 litate
1286 1920 1483 1953 declaratum
1495 1919 1602 1952 suisset
1617 1925 1748 1963 propter
1759 1919 1940 1963 periculum

1189 1975 1382 2011 animarum,
1406 1973 1500 2006 etiam
1521 1973 1546 2006 si
1567 1984 1602 2005 ex
1628 1973 1705 2005 actis
1725 1973 1763 2006 de
1785 1973 1846 2011 illis
1866 1984 1941 2007 con-

1190 2033 1296 2067 staret,
1321 2027 1359 2059 de
1379 2037 1460 2059 novo
1481 2026 1512 2058 in
1532 2025 1661 2068 negotio
1678 2025 1848 2070 principali
1867 2037 1941 2070 pro-

1190 2081 1259 2114 cedi
1280 2080 1401 2124 possit,
1424 2079 1482 2112 nisi
1508 2079 1545 2111 de
1566 2078 1684 2112 iustitia
1705 2079 1830 2122 negocii
1850 2080 1940 2124 prin-

1189 2134 1300 2177 cipalis
1320 2145 1356 2166 ex
1376 2133 1454 2166 actis
1474 2132 1662 2171 eonstiterit,
1686 2143 1741 2165 seu
1761 2133 1839 2166 alias
1858 2133 1940 2167 infra

1189 2188 1283 2220 breve
1305 2193 1429 2230 tempus
1449 2196 1603 2229 apparere
1625 2185 1734 2229 possit.

1233 2241 1247 2283 ξ
1272 2240 1319 2273 13.
1343 2240 1379 2271 131,
1406 2239 1492 2282 quod
1522 2238 1649 2271 decreta
1679 2244 1708 2272 et
1732 2238 1880 2272 mandata
1900 2239 1938 2272 de
1965 2253 2041 2274 iudicis
2056 2254 2136 2280 praedi-

1189 2293 1351 2332 solvendo,
1367 2303 1422 2336 per
1437 2291 1588 2324 officiales
1604 2292 1935 2335 collegiihuiusmodi‚
1952 2286 2099 2343 ξιξζοξζζξζζῇἓῦ
2110 2291 2136 2337 εἶ

1189 2347 1332 2389 exigente
1361 2345 1479 2379 iustitia
1493 2372 1500 2383 ‚
1524 2350 1635 2377 contra
1664 2346 1823 2379 debitores
1843 2356 1937 2390 prae·
1951 2347 2137 2399 ffiffigffifflfnf}

1189 2400 1267 2431 satos
1290 2400 1380 2437 saeta,
1403 2408 1461 2441 per
1480 2408 1702 2441 quoscumque
1722 2397 1874 2431 officiales
1889 2398 1937 2442 ip-
1952 2410 2020 2436 pediti
2035 2413 2123 2436 possunt

1188 2448 1254 2481 sius
1264 2448 1363 2486 urbis,
1377 2447 1470 2480 etiam
1484 2447 1667 2479 barisellum
1676 2453 1707 2480 et
1720 2448 1935 2487 marescallos‚

1189 2497 1301 2541 exequi
1317 2497 1462 2529 debeant.
1478 2496 1540 2529 Nec
1559 2497 1632 2529 talia
1648 2497 1796 2530 mandata
1815 2503 1846 2530 et
1865 2507 1938 2530 exe-

1189 2546 1332 2579 cutiones
1348 2556 1405 2588 per
1420 2555 1641 2588 quoscumque
1661 2545 1824 2586 officiales,
1842 2544 1937 2578 etiam

1190 2595 1346 2638 praefatos
1369 2593 1558 2634 cardinales,
1581 2594 1675 2626 etiam
1692 2593 1772 2627 Sede
1794 2599 1937 2634 vacante,

1189 2644 1281 2676 ctiam
1295 2642 1513 2684 collegiatam,
1527 2643 1638 2685 quovis
1657 2643 1800 2685 quaesito
1816 2643 1937 2683 colore,
