2227 3001
96 259 145 286 Αιι.
163 259 192 286 C.
210 259 276 286 15Δο

126 1053 270 1076 Referendarii

88 1089 110 1106 οι
133 1091 203 1106 eorum
231 1084 271 1104 duo

87 1116 199 1137 familiares
223 1121 271 1142 apo-

88 1148 136 1169 stol.
147 1150 167 1168 et
175 1147 225 1167 alias
237 1151 272 1166 ex-

88 1178 205 1204 peditiones
221 1183 269 1203 gra-

88 1210 114 1230 tin
129 1209 237 1234 obtineut;

99 2182 146 2202 vini
167 2182 268 2208 gabelium

84 2213 181 2240 niparum
207 2213 268 2236 Uibi·

85 2250 126 2265 non
143 2244 234 2272 solvunt,

939 253 1056 277 PAULUS
1082 253 1113 277 Ill
1141 254 1187 277 PP.

291 309 336 342 uti
372 313 621 347 consueverunt,
649 307 681 340 in
722 306 948 341 commendam
987 317 1044 349 pro

289 368 436 406 tempore
449 361 678 401 obtinentibus,
690 360 722 393 in
736 360 813 403 ipsis
833 359 1044 399 monasteriis,

289 415 421 460 perinde
445 426 482 448 ac
508 415 532 447 si
553 414 616 447 illis
642 419 677 447 ut
696 413 827 447 abbates
851 418 1042 457 praeessent,

290 468 403 509 mitra,
435 469 556 501 annulo
599 473 630 500 et.
666 467 784 500 baculo
820 467 972 510 pastorali
1009 477 1044 499 ac

288 521 358 553 aliis
373 520 769 576 politificalibusinsigniis
780 519 967 553 huiusmodi
984 518 1042 558 uti,

288 584 415 607 necnon
450 574 627 607 solemnem
660 574 938 614 benedictionem,
973 577 1043 617 post

288 626 472 667 missarum,
500 637 720 670 vesperarum,
750 626 985 660 matutinorum
1014 630 1045 658 et

287 679 424 713 aliorum
452 680 635 713 divinorum
664 680 846 713 officiorum
873 679 1041 715 solemnia,

288 744 386 777 super
405 734 563 778 populum
582 739 659 767 tunc
675 735 918 767 interessentem
940 734 1044 777 (duin-

287 787 383 819 modo
417 786 495 819 inibi
531 787 648 830 aliquis
682 788 813 820 antistes
850 798 906 819 seu
940 787 1043 819 dictae

287 838 377 872 Sedis
392 840 516 883 legatus
532 851 686 884 praesens
702 851 767 873 non
783 841 833 880 sit,
846 840 895 872 vel
911 839 935 872 si
953 851 1043 883 prac-

287 903 359 926 sens
379 893 488 933 fuerit⁷
511 894 550 926 ad
572 894 603 926 id
624 894 694 926 eius
713 894 846 927 accedat
866 894 1040 936 assensus),

286 946 415 990 elargiri
436 947 536 980 libere
557 953 587 981 et
607 948 691 981 licite
711 948 849 980 valeant.

330 999 345 1042 ἕ
366 999 395 1032 7.
419 1000 533 1043 Illique
549 1012 585 1033 ac
601 1001 654 1033 alii
675 1011 788 1033 omnes
804 1005 833 1033 et
856 1000 973 1044 singuli
990 1011 1042 1033 re-

286 1052 457 1086 ferendarii
479 1065 516 1087 ac
536 1054 589 1087 alii
606 1054 773 1098 praedicti,
797 1058 832 1086 ut
847 1054 928 1087 duos
948 1054 1041 1087 fami-

286 1105 394 1146 liares,
425 1106 457 1139 in
478 1107 585 1140 rotulo
605 1106 816 1139 familiarium
854 1112 1041 1140 nostrorum

286 1164 486 1200 numerato&
504 1160 657 1201 habeant,
680 1164 710 1192 et
730 1165 795 1192 tam
817 1159 877 1204 ipsi
898 1160 1041 1193 referen-

285 1211 366 1244 darii
406 1223 504 1255 quam
539 1213 603 1245 duo
637 1212 812 1245 adnotandi
846 1212 1039 1252 familiares,

284 1265 391 1307 quoad
416 1265 652 1309 expeditionem
666 1276 949 1309 quarumcumque
970 1267 1041 1299 lite-

283 1328 394 1351 rarum
416 1319 681 1363 apostolicarum,
705 1324 768 1352 tam
790 1319 927 1362 gratiam
944 1331 1040 1364 quam

283 1371 438 1405 iustitiam
459 1374 740 1413 concernentium,
768 1384 895 1406 necnon
920 1375 1041 1407 instru-

283 1430 467 1458 mentorum
509 1431 539 1459 et
564 1426 702 1459 aliorum
736 1437 1039 1471 quorumcumque,

282 1478 380 1521 gratis
415 1479 535 1523 ubique
569 1479 602 1512 in
636 1479 788 1512 omnibus
809 1480 940 1519 officiis,
975 1486 1040 1513 tam

282 1531 499 1566 Cancellariae
512 1533 607 1566 etiam
626 1533 860 1567 solicitatorum
872 1534 1041 1567 literarum

282 1586 536 1629 apostolicarum
549 1587 702 1621 Gamerae
713 1587 930 1632 Apostolicae,
943 1598 1040 1632 quam

283 1638 315 1672 in
335 1639 497 1673 auditorio
522 1640 633 1681 Rotae,
663 1646 693 1674 et
719 1641 751 1673 in
781 1641 946 1684 quibusvis
972 1641 1043 1673 aliis

283 1692 525 1727 ordinariorum
546 1700 576 1727 ct
597 1694 927 1727 extraordinariorum
958 1693 1041 1727 iudi-

285 1758 359 1780 cum
393 1747 623 1787 tribunalibus,
659 1749 781 1792 absque
816 1748 878 1781 alio
909 1748 1041 1792 speciali

286 1800 436 1833 mandato
453 1801 593 1845 desuper
619 1802 829 1845 expediendo,
853 1802 941 1834 omni
963 1812 1041 1834 con-

283 1854 474 1888 tradictione
509 1861 537 1888 et
573 1856 726 1889 dilatione
748 1855 960 1895 cessantibus,
988 1866 1041 1888 ex-

283 1907 432 1951 pediant,
469 1914 564 1952 prout
587 1909 640 1942 alii
674 1909 860 1949 familiares,
897 1908 1042 1942 continui

285 1963 519 1996 commensales
549 1963 662 2003 nostri,
686 1963 717 1995 in
738 1963 823 1996 dicto
852 1963 958 1995 rotulo
986 1963 1041 1995 (le-

285 2015 413 2058 scripti,
441 2021 471 2049 et
499 2023 596 2061 prout
622 2028 795 2050 causarum
823 2016 934 2049 Palatii
956 2016 1041 2060 Apo-

285 2068 387 2101 stolici
409 2069 573 2103 auditores
594 2069 780 2114 expediunt.

328 2123 343 2166 ἓ
363 2121 393 2155 8.
421 2123 550 2166 Ipsique
570 2123 781 2157 referendarii
799 2128 828 2157 et
844 2134 958 2156 eorum
977 2122 1041 2155 sin—

283 2175 360 2219 guli,
383 2187 441 2219 pro
460 2187 574 2210 eorum
592 2188 663 2217 usu,
681 2188 717 2210 ex
732 2177 814 2220 Ripa
830 2182 860 2210 et
874 2176 1042 2220 Ripetihus

284 2235 411 2263 nostrae
432 2230 536 2271 Urbis,
553 2242 606 2263 sex
626 2236 752 2274 vegetes
772 2231 836 2263 vini
858 2229 1042 2263 communis

283 2283 417 2326 singulis
437 2284 530 2317 annis
549 2284 659 2328 gratis,
678 2285 716 2317 ad
732 2285 831 2318 instar
847 2283 1040 2318 clericorum

282 2336 434 2370 Gamerae
450 2337 664 2381 Apostolicae‚
680 2337 780 2371 libere
791 2337 957 2371 extrahere
973 2348 1043 2381 pos-

283 2389 345 2423 sint
365 2390 584 2433 indulgemus.

328 2444 342 2487 ἓ
373 2443 404 2477 9.
439 2444 476 2476 Et
507 2443 719 2476 nihilominus
749 2443 988 2478 referendarios
1013 2449 1040 2476 et

1732 242 1795 276 289

1086 317 1164 350 porc
1193 304 1407 338 deservientes
1436 314 1473 337 ac
1500 303 1721 348 cappellanos,
1748 304 1840 337 sami-

1087 359 1181 392 liares
1202 364 1229 392 et
1256 358 1426 392 servitores
1455 368 1541 397 suos,
1564 363 1627 390 tam
1657 363 1842 401 praesentes

1086 422 1183 455 quam
1217 412 1362 452 futuros,
1393 417 1423 444 et
1443 421 1500 444 sua
1529 421 1566 443 ac
1586 410 1717 444 illorum
1742 409 1839 449 hona,

1086 465 1192 508 quoad
1208 465 1353 504 vixerint,
1371 465 1410 498 ah
1426 464 1515 497 omni
1525 463 1760 504 iurisdictione,
1772 475 1842 497 cor-

1086 517 1242 558 rectione,
1274 517 1464 558 visitatione,
1501 516 1656 557 dominio,
1692 516 1840 561 superio-

1087 570 1177 603 ritate
1195 576 1226 603 ct
1245 576 1401 614 potestate
1418 569 1753 614 archiepiscoporum,
1775 569 1841 613 epi-

1085 634 1272 668 scoporum,
1308 625 1526 668 praelatorum
1552 628 1583 655 et
1602 622 1841 656 ordinariorum

1086 678 1234 710 locorum
1261 687 1547 721 quorumcumque
1573 677 1771 720 illorumque
1796 676 1840 709 vi-

1085 730 1248 763 cariorum
1270 736 1300 763 et
1320 730 1520 771 officialium,
1543 731 1794 763 locatencntium
1811 735 1842 764 et

1086 783 1242 824 iudicum,
1261 783 1356 816 etiam
1379 794 1395 815 a
1416 783 1500 816 dicta
1516 783 1596 816 Sede
1618 783 1840 826 delegatorum

1084 842 1140 869 aut
1160 837 1444 880 subdelegatorum
1469 837 1731 880 quomodolibet,
1754 849 1841 871 nunc

1085 896 1115 923 et
1143 902 1200 934 pro
1230 896 1377 934 tempore
1408 890 1625 923 existentium.
1657 891 1783 934 Eosque
1809 891 1841 925 in

1083 944 1181 977 rebus
1201 949 1230 977 et
1251 944 1344 977 bonis
1365 944 1495 976 illorum
1517 943 1658 987 propriis
1677 944 1843 978 dumtaxat

1085 1009 1159 1031 cum
1175 998 1221 1030 eis
1237 998 1476 1037 contrahentes,
1493 1008 1510 1029 a
1526 997 1686 1030 solutione
1703 1003 1731 1031 et
1748 1009 1840 1032 exac-

1084 1052 1171 1084 tione
1198 1062 1483 1095 quarumcumque
1511 1051 1650 1094 pedagii,
1682 1052 1838 1094 gabellae,

1084 1106 1315 1145 collectarum,
1338 1105 1538 1137 decimarum
1555 1110 1585 1137 et
1599 1105 1737 1138 cuiusvis
1762 1107 1841 1140 alte-

1083 1158 1150 1191 rius
1176 1158 1294 1199 oneris,
1322 1163 1385 1191 tam
1407 1157 1561 1190 ordinarii
1578 1169 1675 1201 quam
1696 1164 1840 1193 extraor-

1083 1211 1212 1252 dinarii,
1224 1211 1423 1254 ubicumque
1435 1211 1583 1243 locorum
1596 1216 1674 1244 etex
1686 1223 1842 1255 quacum-

1083 1276 1146 1308 que
1167 1275 1276 1305 causa,
1299 1264 1394 1297 etiam
1416 1274 1474 1308 per
1494 1265 1660 1307 synodales
1687 1266 1841 1298 constitu-

1084 1320 1197 1358 tiones,
1221 1318 1363 1361 impositi
1383 1317 1430 1349 rcl
1451 1317 1652 1361 imponendi,
1682 1318 1841 1352 eximimus

1083 1378 1114 1406 et
1134 1372 1274 1405 totaliter
1293 1372 1482 1409 liberamus,
1505 1382 1541 1403 ac
1568 1372 1627 1404 sub
1647 1372 1734 1405 Beati
1755 1373 1839 1406 Petri

1084 1432 1114 1459 et
1139 1425 1228 1459 Sedis
1256 1425 1440 1469 praedictae
1468 1429 1563 1468 atque
1592 1430 1700 1458 nostra
1731 1431 1840 1469 prote-

1084 1479 1189 1513 ctione
1201 1478 1408 1522 suscipimus,
1421 1477 1580 1520 nobisque
1601 1482 1629 1511 et
1647 1478 1751 1512 dictae
1767 1480 1840 1512 Sedi

1084 1533 1221 1567 mediate
1239 1531 1441 1571 subiicimus‚
1460 1542 1497 1564 ac
1512 1531 1644 1572 liberos,
1664 1531 1838 1574 immunes,

1084 1592 1265 1631 exemptos,
1293 1590 1459 1629 susceptos
1486 1590 1517 1618 et
1542 1585 1703 1619 subiectos
1728 1597 1841 1620 omnes

1084 1640 1312 1675 constituimus
1351 1645 1381 1673 et
1417 1639 1621 1672 declaramus
1659 1645 1689 1673 et
1727 1641 1840 1674 decer-

1083 1695 1202 1733 nimus,
1234 1694 1276 1726 ita
1297 1693 1384 1737 quod
1409 1693 1658 1737 archiepiscopi,
1682 1694 1838 1739 episcopi,

1084 1747 1236 1793 praelati,
1269 1747 1423 1781 ordinarii
1453 1748 1622 1788 locorum,
1659 1759 1841 1793 eorumque

1082 1801 1204 1841 vicarii,
1223 1801 1394 1841 officiales,
1417 1801 1636 1834 locatenentcs
1652 1806 1682 1834 et
1701 1801 1839 1843 iudices,

1084 1857 1178 1890 etiam
1207 1867 1223 1888 a
1244 1855 1325 1888 Sede
1346 1855 1510 1898 praedicta
1535 1855 1680 1898 deputati
1706 1857 1841 1900 praefati

1083 1916 1114 1943 et
1135 1909 1190 1942 alii
1215 1908 1433 1952 quicumque,
1455 1908 1551 1941 etiam
1573 1908 1697 1941 ratione
1718 1908 1839 1948 delicti,

1084 1969 1270 1997 contractus
1299 1963 1347 1995 vel
1368 1962 1414 1996 rei
1435 1962 1473 1995 de
1494 1973 1557 2005 qua
1583 1968 1746 2005 ageretur,
1769 1963 1841 1996 ubi-

1084 2028 1225 2060 cumque
1260 2015 1481 2049 committatur
1508 2015 1685 2055 delictum,
1715 2016 1843 2049 ineatur

1084 2075 1270 2105 contractus
1291 2074 1346 2102 aut
1368 2079 1419 2102 res
1439 2069 1507 2112 ipsa
1529 2068 1694 2108 consistat,
1716 2069 1840 2101 nullam

1084 2126 1192 2158 ineos
1223 2128 1278 2156 aut
1307 2123 1448 2165 aliquem
1477 2132 1591 2155 eorum
1622 2132 1659 2154 ac
1684 2122 1843 2156 beneficia

1083 2177 1271 2212 huiusmodi
1292 2182 1322 2210 et
1338 2177 1370 2209 in
1386 2176 1449 2209 illis
1465 2176 1691 2216 deservientes,
1711 2177 1841 2220 cappel-

1083 2234 1260 2276 lanosque,
1297 2230 1470 2263 familiares
1502 2235 1532 2262 et
1561 2229 1729 2262 servitores
1768 2240 1843 2263 suos

1084 2289 1259 2329 prsesentes
1293 2288 1323 2317 et
1346 2284 1471 2317 futuros
1497 2294 1533 2315 ac
1562 2282 1647 2315 bona
1677 2283 1842 2326 praedicta

1085 2337 1359 2377 iurisdictionem,
1397 2336 1651 2375 correctionem,
1688 2335 1841 2369 visitatio-

1084 2402 1171 2431 nem,
1194 2390 1389 2431 dominium,
1419 2389 1680 2433 superioritatem
1702 2395 1732 2422 et
1751 2395 1842 2433 potc-

1085 2450 1197 2478 statem
1234 2455 1404 2486 exercere,
1440 2448 1497 2476 aut
1530 2443 1608 2476 alias
1644 2443 1779 2476 iniurias
1812 2448 1842 2475 et

1856 251 1905 278 An.
1927 251 1957 278 C.
1973 250 2041 278 tslao

1084 2496 1201 2527 damna
1232 2494 1397 2537 irrogare,
1433 2505 1470 2526 ac
1499 2492 1843 2526 excommunicationis

1084 2544 1227 2586 aliasque
1256 2543 1447 2582 sententias,
1479 2553 1632 2575 censuras
1662 2546 1689 2574 et
1720 2552 1841 2585 poenas

1084 2593 1241 2636 proferre.
1266 2592 1329 2625 Nec
1350 2596 1515 2625 exactores
1541 2591 1753 2634 gabellarum,
1782 2600 1840 2634 pe-

1084 2642 1266 2685 dagiorum7
1292 2641 1492 2675 decimarum
1514 2645 1543 2675 et
1563 2650 1698 2675 onerum
1731 2638 1844 2672 huius-

85 2490 269 2549 mmssffifsssffiiffl
284 2492 363 2526 alios
384 2493 566 2536 praedictos
587 2504 623 2526 ac
644 2503 758 2525 eorum
780 2493 926 2535 singulos
946 2503 982 2525 ac
1004 2492 1041 2524 il—

84 2561 128 2575 mm
155 2554 269 2575 rimamus
284 2541 389 2574 lorum
403 2542 513 2575 omnia
528 2548 557 2575 et
576 2542 702 2585 singula
720 2542 880 2575 beneficia
893 2548 920 2574 et
938 2541 1041 2574 officia

85 2585 271 2637 ζ’ξήεζῖζζξζζήζ
285 2590 510 2631 ecclesiastica,
527 2602 610 2634 quae
626 2590 772 2623 obtinent
787 2602 823 2624 ac
840 2590 872 2623 in
896 2591 1042 2623 futurum

84 2648 270 2674 dinariorumetc·;
286 2639 441 2674 canonice
461 2640 665 2680 obtinebunt,
696 2644 727 2674 et
747 2639 779 2672 in
801 2639 863 2673 illis
884 2650 943 2683 pro
964 2644 1042 2673 tem-

365 2692 439 2724 Ball.
459 2693 534 2728 Rom.
556 2694 609 2725 Vol.
634 2693 675 2724 VJ.
886 2693 921 2722 37
