2227 3001
182 245 231 270 An⁴
251 245 277 270 (2.
299 246 364 271 §530

193 1643 350 1670 crucesignatis
360 1646 363 1647 ’

167 1674 275 1700 ‘ndulgem
299 1681 351 1696 con-

170 1706 245 1726 endam
259 1709 297 1727 oto.

427 241 489 274 t'dfi

973 252 1029 273 ltl‘l⁴
1036 250 1148 274 mntem
1171 248 1321 273 ttmtANUM

381 312 442 344 qua
462 304 573 346 polluti
595 309 621 335 et
646 299 872 340 insecti‘erant,
896 302 1121 341 abiuraverint,
1165 301 1342 334 haereticos
1372 301 1457 345 ipsos
1484 301 1697 346 persequendi
1730 301 1911 341 emiserint,

379 360 409 388 et
425 356 530 389 medio
550 357 729 389 iuramento
747 355 948 400 promiserint
966 356 1004 388 de
1017 361 1123 388 cetero
1143 375 1146 382 ν

1143 384 1146 438 l
1166 408 1329 441 reservatis
1349 414 1376 441 et
1399 408 1430 442 in
1445 409 1534 442 bulla
1552 409 1675 442 Coenae
1695 407 1820 442 Domini
1839 419 1913 441 con-

377 408 417 440 ah
437 408 620 441 huiusmodi
647 409 769 441 haeresi
797 408 922 452 penitus
944 408 1120 445 abstinere,

376 461 576 498 absolvendi3
595 462 720 505 illisque
736 473 795 507 pro
818 461 1000 505 praemissis
1014 462 1122 505 poeni-

376 514 505 547 tentiam
529 514 714 556 iniunt-endi
734 516 922 552 salutarem,
945 526 1062 560 eosque
1084 517 1121 548 ad

375 567 530 607 gremium
552 573 677 600 sanetae
705 568 814 600 matris
842 569 1001 603 Ecclesiae
1030 569 1120 602 resti-

375 621 482 654 tuendi
504 626 534 653 et
554 621 738 654 reducendi.
762 622 797 654 Et
814 633 886 655 eum
908 622 1031 655 clericis
1052 634 1119 655 sae-

374 674 537 707 cularibus
562 686 597 707 ac
618 675 763 718 personis
790 675 956 719 religiosis,
984 677 1120 709 cuiusvis

373 727 508 763 Ordinis,
522 733 620 760 status
636 734 662 760 et
683 729 885 770 conditionis,
900 740 997 772 super
1012 730 1120 773 quavis

372 780 616 823 irregularitate,
635 792 743 825 quani,
762 787 825 815 tam
838 793 873 814 cx
884 783 1006 816 haeresi
1023 795 1118 826 qnam

371 844 406 866 ex
427 834 582 877 apostasia
604 846 618 867 a
641 836 713 875 tide,
733 847 789 869 seu
805 835 898 868 etiam
920 846 955 869 ex
976 848 1013 869 eo
1033 837 1118 880 quod

371 888 514 921 censuris
529 894 556 921 et
575 889 684 933 psa-nis
700 888 932 926 ecelesiasticis,
950 896 1012 923 tam
1024 892 1118 925 aiure

370 952 465 985 quam
474 942 513 974 ab
521 942 661 983 homine,
671 943 764 976 etiam
777 944 885 986 quavis
895 945 1061 978 occasione
1072 948 1116 979 vel

370 1005 464 1027 causa
485 995 555 1027 latis
582 1002 612 1030 et
631 996 856 1040 promulgatis„
879 999 1115 1041 quomodolilwt

370 1048 574 1087 incurrerint,
597 1054 649 1082 aut
671 1050 756 1091 ligati
777 1061 831 1082 seu
854 1050 993 1084 innodati
1015 1053 1115 1086 divina

370 1101 561 1135 celebrando
590 1104 824 1141 contraxerint,
846 1115 881 1137 ac
904 1104 996 1137 etiam
1021 1118 1118 1151 super

368 1153 668 1197 irrogatarumthus.
688 1168 767 1201 quas
783 1157 890 1191 clerici
907 1159 1115 1201 crucesignati

368 1209 549 1249 sententiis,
573 1211 716 1243 censuris
736 1217 763 1244 et
792 1213 915 1255 poenis,
938 1224 955 1245 a
979 1213 1046 1247 iure
1070 1216 1116 1248 vel

368 1262 407 1293 ab
435 1262 575 1299 homine,
608 1263 700 1296 etiam
735 1264 843 1308 quavis
870 1266 1037 1299 occasione
1069 1269 1115 1301 vel

368 1326 461 1349 causa
490 1316 575 1356 latis,
599 1317 683 1359 ligati
713 1329 767 1352 seu
797 1319 929 1356 irretiti,
958 1331 993 1353 ac
1021 1321 1114 1354 etiam

367 1380 403 1402 ex
428 1380 465 1402 eo
495 1371 579 1414 quod
608 1371 637 1404 in
669 1372 747 1404 locis
775 1372 992 1406 ecclesiastico
1018 1374 1115 1408 inter-

366 1422 451 1456 dicto
472 1426 643 1469 suppositis
671 1425 780 1458 missas
808 1431 838 1459 et
864 1426 925 1460 alia
945 1428 1047 1461 divina
1069 1431 1115 1463 os-

367 1476 438 1510 ficia
454 1477 530 1519 <non
551 1484 657 1512 tamen
675 1479 703 1512 in
726 1484 944 1523 contemptum
967 1481 1116 1526 clavium)

367 1531 606 1569 celebraverint,
630 1531 836 1574 incurrerint,
854 1532 1068 1576 dispensandi.

410 1585 425 1628 ἓ
444 1585 476 1619 3.
499 1586 533 1618 Et
549 1586 623 1630 quia
641 1585 845 1630 inquisitores
860 1587 1004 1630 praefati,
1023 1588 1053 1622 in
1071 1589 1114 1622 ci-

364 1638 513 1673 vitatibus
529 1651 584 1673 seu
601 1640 671 1673 aliis
682 1640 772 1679 locis,
788 1640 955 1673 societates
970 1651 1024 1674 seu
1042 1653 1115 1676 con-

366 1692 578 1727 fraternitates
605 1694 642 1727 ad
675 1693 897 1738 extirpandum
918 1694 1067 1728 haereses
1087 1702 1117 1729 et

366 1746 559 1791 capiendum
576 1747 754 1781 haereticos
765 1747 863 1791 (iuxta
876 1748 1115 1782 concessionem

366 1811 384 1833 a
404 1800 555 1834 Romanis
575 1800 782 1834 Pontificibus
809 1800 853 1834 eis
874 1802 1006 1844 saetam)
1027 1802 1115 1836 insti-

364 1857 471 1894 tuunt,
494 1859 524 1887 et
545 1854 576 1887 in
597 1854 641 1888 eis
669 1855 846 1888 confratres
865 1855 1039 1900 recipiunt,
1062 1856 1115 1899 qui

365 1907 399 1942 in
418 1918 530 1942 eorum
551 1908 734 1952 receptione
754 1913 863 1942 votum
880 1908 910 1941 in
928 1909 1115 1943 eorumdem

366 1961 592 2007 inquisitorum
636 1973 690 1995 seu
734 1962 928 1996 vicariorum
969 1963 1117 1996 manibus

367 2015 525 2056 emittunt,
544 2028 580 2049 ac
600 2022 670 2050 voto
687 2027 719 2049 se
735 2016 948 2058 adstringunt,
967 2016 1042 2049 dum
1059 2028 1117 2060 pro

366 2073 455 2113 parte
486 2069 629 2114 ipsorum
659 2069 883 2114 inquisitorum
914 2074 944 2101 et
982 2069 1115 2103 vicario-

366 2131 439 2154 rum
459 2122 498 2154 ad
518 2123 690 2167 capiendos
710 2123 795 2167 ipsos
814 2122 992 2156 haereticos
1011 2122 1117 2166 requi-

366 2173 416 2206 siti
436 2174 569 2215 suerint,
598 2176 750 2209 auxilium
763 2202 770 2216 ,
789 2175 959 2208 consilium
980 2180 1008 2208 et
1037 2175 1117 2207 favo-

367 2238 434 2261 rem
463 2234 639 2272 praestare,
663 2235 697 2262 ut
721 2229 777 2268 eis,
805 2224 949 2273 tempore
979 2228 1118 2261 cuiusvis

367 2280 478 2314 localis
498 2282 668 2320 interdicti,
688 2282 801 2315 divinis
820 2282 986 2322 interesse,
1009 2288 1051 2321 et,
1073 2281 1118 2314 eis

368 2335 607 2373 decedentibus,
619 2346 729 2368 eorum
747 2346 884 2380 corpora
894 2334 1117 2368 ecclesiasticae

369 2389 552 2433 sepulturae
577 2389 665 2427 (sine
685 2394 789 2422 tamen
819 2388 955 2422 sunerali
982 2388 1118 2432 pompa)

368 2438 451 2471 tradi
470 2438 611 2483 possint,
633 2438 808 2472 dummodo
829 2448 957 2470 eausam
978 2448 1043 2470 non
1062 2437 1117 2469 de-

363 2487 474 2520 ·derint
507 2485 690 2520 huiusmodi
716 2485 902 2525 interdicto,
932 2497 990 2519 nec
1015 2485 1060 2519 eis
1088 2485 1117 2518 id

371 2536 540 2579 contigerit
572 2535 753 2580 specialiter
785 2534 950 2575 interdici;
977 2534 1119 2579 ipsisque

372 2584 601 2629 crucesignatis
627 2595 684 2630 per
721 2584 805 2629 ipsos
831 2583 1037 2627 inquisitores
1063 2594 1118 2616 seu

370 2632 515 2675 vicarios,
538 2634 613 2667 dum
642 2634 674 2667 in
701 2631 986 2668 eorum-manibus
1005 2637 1119 2664 votum

1167 360 1196 387 ut
1220 356 1316 387 semel
1338 366 1374 388 ex
1393 361 1470 389 tunc
1495 360 1526 388 et
1545 354 1575 386 in
1598 355 1709 387 mortis
1728 354 1863 387 articulo
1897 364 1912 386 a

1165 461 1257 493 tentis
1283 461 1429 502 casibus,
1451 462 1488 493 sle
1515 461 1632 505 quibus
1663 461 1757 494 corde.
1785 461 1911 494 contriti

1164 520 1190 547 et
1218 526 1273 547 ore
1299 515 1434 547 confessi
1465 514 1600 554 suerint,
1627 519 1679 546 aut
1710 514 1910 558 propositum

1164 568 1335 600 confitendi
1364 568 1469 600 debito
1497 573 1639 611 tempore
1660 578 1718 611 per
1738 567 1909 600 Ecclesiam

1164 626 1278 653 statuto
1299 621 1482 661 habuerint,
1505 620 1634 660 absolvi,
1657 633 1693 654 ac
1714 621 1909 663 indulgentia

1164 674 1304 717 plenaria
1326 679 1352 706 et
1375 674 1518 707 omnium
1540 681 1745 718 peecatorum
1767 675 1909 708 remissio

1163 728 1347 760 huiusmodi
1376 728 1527 768 eoncedi;
1554 728 1681 771 eisque,
1716 734 1747 762 ut
1777 729 1910 772 singulis

1161 780 1273 812 diebus
1300 782 1373 814 anui
1410 782 1551 825 quinque
1573 783 1682 816 altaria
1703 783 1855 816 ecclesiae
1870 782 1907 825 (si

1162 840 1202 866 tot
1225 834 1266 866 ihi
1289 836 1418 878 suerint)
1434 840 1485 867 aut
1505 847 1604 868 unum
1623 836 1695 875 loci,
1720 835 1749 868 in
1771 847 1834 879 quo
1855 848 1908 870 eos

1161 899 1227 919 esse
1249 888 1435 931 contigerit,
1459 890 1618 933 psalmum
1645 900 1746 922 unum
1773 890 1908 931 genibus

1161 940 1247 973 flexis
1268 941 1443 982 reeitzunlo,
1466 942 1513 974 vel
1534 942 1704 986 quinquies
1725 943 1907 978 Orationem

1161 994 1355 1028 Dominieam
1373 1001 1403 1028 et
1419 996 1509 1028 toties
1530 996 1758 1029 Salutationem
1778 997 1907 1040 Angeli-

1160 1059 1228 1080 eaut
1252 1048 1280 1080 iu
1310 1049 1451 1092 quolibet
1479 1050 1587 1089 altari,
1611 1050 1825 1092 indulgentias
1843 1056 1906 1084 sta-

1160 1099 1280 1134 tionum
1295 1101 1386 1134 Urbis
1403 1103 1554 1145 consequi
1572 1103 1705 1142 valeant,
1723 1104 1817 1137 etiam
1833 1116 1907 1138 con-

1159 1153 1290 1187 cedendi
1313 1161 1339 1187 et
1362 1155 1547 1199 elargiendi,
1570 1156 1758 1191 auctoritate.
1778 1163 1906 1201 aposto-

1159 1206 1231 1247 liea,
1254 1212 1362 1240 tenore
1388 1208 1603 1251 praesentium
1629 1209 1789 1242 licentiam
1811 1215 1841 1243 et
1860 1211 1905 1244 fa-

1158 1262 1306 1294 cultatem
1323 1263 1539 1295 concedimus.
1558 1263 1589 1295 Et
1609 1263 1818 1297 nihilominus
1833 1276 1906 1298 con-

1158 1315 1332 1347 cessionem
1356 1327 1411 1359 per
1431 1316 1589 1348 Romanos
1611 1316 1780 1350 Pontifices
1800 1318 1905 1352 forsan

1158 1368 1240 1401 virae
1267 1369 1350 1401 vocis
1381 1370 1512 1402 oraculo
1539 1380 1593 1402 seu
1619 1369 1696 1403 alias
1716 1370 1835 1404 eisdem
1855 1371 1904 1405 in-

1157 1422 1364 1466 quisitoribus
1374 1429 1400 1456 et
1417 1423 1540 1456 vicariis
1552 1423 1685 1457 fratrum
1698 1424 1725 1463 ¹,
1743 1435 1798 1458 seu
1808 1425 1904 1459 licen-

1157 1476 1230 1508 tiam
1261 1487 1444 1509 concessam
1475 1476 1658 1509 huiusmodi
1687 1478 1905 1522 approbamus

1157 1535 1187 1563 et
1207 1529 1449 1564 confirmamus:
1470 1541 1506 1563 ac
1527 1530 1632 1563 omnia
1654 1536 1683 1564 et
1704 1530 1829 1573 singula
1844 1531 1905 1564 alia

1158 1583 1321 1628 privilegia
1339 1610 1346 1622 ,
1382 1583 1600 1628 exemptiones
1618 1610 1624 1623 ,
1661 1583 1879 1617 immunitates
1895 1610 1903 1624 ‚

1157 1637 1273 1678 gratias
1293 1642 1320 1669 et
1343 1636 1477 1676 indulta,
1495 1636 1756 1681 quibuscumque
1775 1636 1906 1681 inquisi-

1159 1690 1281 1724 toribus
1308 1690 1378 1723 aliis
1406 1689 1585 1723 haereticae
1619 1690 1791 1734 pravitatis,
1822 1701 1906 1735 quo·

1158 1739 1276 1772 rumvis
1300 1738 1456 1772 Ordinum
1483 1744 1513 1771 et
1545 1739 1848 1782 congregationum,
1877 1744 1908 1773 et

1158 1788 1261 1821 officio
1283 1787 1497 1831 inquisitionis
1513 1787 1711 1828 huiusmodi,
1724 1788 1756 1821 in
1772 1788 1906 1833 quibus-

1157 1847 1297 1880 cumque
1329 1836 1434 1879 regnis
1470 1841 1499 1869 et
1521 1835 1702 1880 >provinciis
1736 1836 1799 1869 sive
1829 1836 1908 1870 locis

1157 1896 1193 1918 ac
1220 1886 1311 1918 terris
1336 1886 1490 1918 hactenus
1517 1885 1687 1929 deputatis,
1714 1896 1865 1919 concessa
1876 1893 1907 1920 et

1158 1935 1189 1967 in
1210 1940 1373 1979 posterum
1395 1934 1711 1973 concedenda,vobis
1727 1935 1906 1969 communi-

1158 1994 1287 2023 camus,
1316 1989 1411 2028 atque
1440 1983 1502 2016 iam
1536 1982 1623 2015 vobis
1651 1982 1729 2015 alias
1756 1993 1906 2018 concessa

1157 2032 1387 2077 approbamus,
1405 2032 1634 2065 confirmamus
1649 2037 1680 2064 et
1700 2032 1905 2073 innovamus;

1159 2082 1387 2125 universosque
1403 2087 1433 2114 et
1448 2081 1589 2123 singulos
1609 2081 1688 2113 iuris
1708 2086 1738 2114 et
1757 2081 1830 2115 facti
1850 2082 1905 2116 de-

1158 2131 1259 2164 sectus
1274 2130 1311 2173 (si
1322 2130 1377 2174 qui
1392 2131 1497 2163 forsan
1513 2130 1544 2162 in
1554 2129 1683 2162 illorum
1700 2130 1906 2164 concessione

1159 2180 1398 2221 intervenerint)
1413 2180 1612 2224 supplemus.

1207 2229 1222 2271 'g
1253 2229 1282 2261 4.
1316 2229 1497 2262 Mandantes
1530 2227 1680 2260 omnibus
1713 2232 1740 2260 et
1776 2227 1908 2271 singulis

1159 2277 1391 2311 venerabilibus
1420 2277 1569 2310 fratribus
1602 2276 1852 2321 archiepiscopis
1878 2281 1907 2310 et

1159 2326 1337 2371 episcopis,
1365 2337 1489 2359 necnon
1518 2324 1642 2358 dilectis
1672 2324 1744 2358 tiliis
1776 2335 1907 2359 eorum-

1159 2376 1232 2409 dem
1267 2374 1585 2420 archiepiscoporum
1621 2379 1651 2406 et
1679 2374 1907 2418 episcoporum

1158 2425 1283 2458 vicariis
1300 2425 1329 2457 in
1354 2424 1574 2468 spiritualibus
1594 2422 1810 2466 generalibus,
1832 2433 1908 2467 qua-

1159 2479 1253 2506 tenus
1282 2478 1463 2517 praesentes
1491 2472 1598 2504 literas
1631 2477 1662 2505 et
1690 2471 1721 2505 in
1752 2471 1797 2504 eis
1829 2481 1907 2505 con-

1160 2527 1244 2555 tenta
1275 2531 1511 2565 quaecumque,
1534 2521 1587 2553 ubi
1613 2526 1641 2554 et
1672 2520 1801 2564 quando
1825 2531 1909 2565 opus

1162 2571 1268 2608 suerit,
1281 2581 1318 2602 ac
1333 2570 1459 2613 quoties
1474 2580 1531 2614 pro
1553 2573 1642 2613 parte
1661 2574 1761 2602 vestra
1782 2579 1837 2602 seu
1866 2568 1908 2601 vi-

1199 2639 1208 2663 t
1230 2638 1335 2663 Factam
1355 2636 1410 2663 loeo
1426 2636 1544 2669 fratrum
1558 2635 1615 2669 legit
1638 2635 1721 2670 Ripoll
1736 2635 1775 2669 (n.
1793 2634 1843 2670 τ.).

1936 244 1981 270 An.
2001 243 2029 269 C.
2049 243 2112 268 sis-‘³

1950 2249 2046 2277 Episcopi
2083 2253 2105 2270 et.

1922 2279 1957 2300 atti
1980 2281 2000 2300 in
2032 2281 2105 2306 predi-

1923 2312 1962 2332 ‹tis
1977 2310 2068 2332 [aveant.
