2227 3001
58 279 106 306 An.
125 279 154 306 C.
174 277 241 305 ¹558

123 394 198 415 Paulus
214 394 241 414 ΠΙ

56 427 194 446 omnim-utam
207 428 241 448 izi-

55 459 172 478 risdiction.
189 460 241 485 ipsis

56 495 118 515 supra
151 490 240 515 collegi-i

55 519 240 545 stipanti-ensem

55 549 166 571 Narmunm
187 558 241 572 con-

55 583 117 602 cessi*
128 598 133 605 ,
179 590 189 608 p
205 589 216 603 o
234 587 239 603 i

54 617 141 639 apparet
152 614 171 633 in
181 620 241 639 prac-

55 645 109 664 seuti
125 644 191 664 brevi.

924 276 1039 301 murs
1065 277 1094 301 tv
1120 274 1165 300 1¹1¹.

781 300 789 314 Ι

300 330 315 375 ἓ
334 329 366 364 2.
389 329 475 364 Motu
509 328 652 374 proprio.
677 329 756 364 Cum
779 329 859 363 sicut
881 330 1008 375 accepi-

257 395 340 425 mus,
355 395 419 417 non
435 384 502 417 sine
519 384 618 416 animi
634 384 734 417 nostri
747 384 904 424 molestia,
922 384 1007 427 quod

256 437 331 471 lic-et
362 437 540 470 laudabiles
574 437 818 470 constitutiones
843 442 872 470 et
893 442 1008 469 statuta

257 497 320 524 tam
345 490 472 534 collegii
492 491 735 534 Capranicensis
759 502 856 535 quam
877 490 1007 523 Nardini

255 556 313 589 per
337 546 500 578 scholares
526 551 555 578 et
587 546 750 579 studentes
775 556 834 589 pro
862 551 1007 589 tempon¹

254 599 416 632 dictorum
445 599 657 641 collegiorum
687 599 848 632 observari
873 599 1007 640 debent,

255 663 329 686 cum
349 652 420 686 illas
440 664 495 685 seu
512 653 578 692 illa,
601 652 696 685 etiam
718 664 791 685 cum
813 653 1006 691 iuramento,

254 717 379 740 servare
409 706 625 750 promiserint,
648 712 678 739 et
702 706 858 739 mandatis
878 706 1009 740 dilecto-

252 771 326 793 rum
359 766 544 793 nostrorum
580 759 750 792 custodum
789 760 1008 793 memorabilis

253 813 413 847 societatis
437 813 670 846 sacratissimae
696 813 845 855 Imaginis
871 813 1009 847 Sanctis-

252 867 323 900 simi
349 867 520 901 Salvatoris
546 867 585 900 ad
612 867 727 900 Sancta
753 868 944 900 Sanctorum
971 868 1008 900 de

253 921 348 961 Urbe,
379 926 409 954 et
434 921 673 964 praedictorum
707 921 919 964 collegiorum
948 933 1007 965 gu-

251 974 462 1007 bernatorum
483 986 543 1018 pro
563 980 708 1018 tempore
727 974 930 1008 existentium
951 987 1007 1020 pa-

251 1038 323 1061 rere
348 1028 545 1067 debuissent,
568 1038 642 1061 cum
665 1027 726 1060 illis
747 1038 804 1071 per
825 1029 1009 1062 fundatores

252 1082 442 1115 eorumdem
464 1082 536 1114 data
558 1081 615 1113 l'uit
641 1082 776 1114 sat-ultas
797 1082 958 1115 scholares
979 1088 1007 1115 et

251 1136 416 1170 studentes
440 1136 472 1168 in
501 1135 593 1169 dictis
629 1135 772 1178 collegiis
805 1136 1006 1178 gubernare,

251 1188 425 1232 corrigere,
446 1190 604 1222 mulctare
629 1194 660 1222 et
691 1188 807 1232 punire
829 1189 1008 1222 secundum

253 1242 492 1285 praedictorum
537 1242 733 1275 studentium
782 1242 937 1274 demerita
976 1243 1008 1275 in

252 1301 402 1328 eventum
453 1295 743 1334 contraventionis;
797 1295 1009 1329 nihilominus

252 1349 386 1393 praefati
416 1349 593 1387 studentes,
617 1349 797 1392 praedictas
831 1350 1009 1383 laudabiles

251 1402 496 1436 constitutiones
518 1402 650 1436 minime
677 1414 802 1435 servare
824 1403 1006 1446 cupientes,

251 1462 282 1490 et
309 1457 497 1500 praesertim
528 1457 558 1489 in
588 1457 752 1489 vestiendo
777 1462 807 1489 et
835 1457 1009 1491 deserendo

252 1511 363 1553 longas
382 1516 482 1544 vestes
503 1521 577 1544 cum
598 1510 747 1554 caputiis,
766 1510 852 1543 iuxta
874 1512 1008 1544 formam

252 1563 492 1607 praedictarum
505 1564 785 1605 constitutionum,
797 1565 888 1597 nullo
899 1564 1009 1598 habito

254 1622 403 1660 respectu
423 1617 462 1650 ad
482 1617 677 1661 praemissa,
705 1617 769 1650 imo
791 1617 823 1649 in
844 1617 911 1651 dies
932 1630 1009 1652 con-

255 1671 448 1704 tradicentes
467 1671 627 1704 mandatis
642 1671 883 1718 praedictorum
905 1678 1010 1706 custo-

253 1725 331 1757 dum
355 1736 413 1769 pro
434 1731 581 1770 tempore
602 1725 804 1759 existentium
826 1737 862 1758 ac
883 1728 1010 1770 praedi-

253 1778 312 1811 ctis
335 1779 434 1811 sac-ris
462 1779 745 1812 constitutionibus
765 1791 800 1812 ac
822 1781 959 1821 statutis,
982 1787 1008 1814 et

252 1837 364 1865 contra
386 1832 530 1876 ipsorum
561 1833 735 1876 respective
762 1834 931 1877 proprium
959 1835 1009 1867 iu-

252 1891 453 1926 ramentum,
486 1897 550 1919 non
586 1887 784 1921 observando
832 1889 1011 1932 praedictas

252 1940 429 1973 laudabiles
463 1941 708 1974 constitutiones
742 1947 771 1974 et
801 1947 929 1980 statuta,
952 1943 1010 1975 sub

253 1999 420 2038 praetextu
441 1994 652 2038 paupertatis,
689 2001 717 2027 et
747 2006 778 2028 se
804 2006 868 2027 non
891 1996 1009 2029 hahere

254 2047 386 2080 niodum
421 2048 576 2080 induendi
612 2050 771 2092 praefatas
800 2054 901 2081 restes
922 2050 1008 2092 (cum

254 2107 364 2145 postca
384 2103 494 2145 plures
507 2102 617 2135 sericis
633 2102 789 2145 utantur),
805 2108 839 2135 ut
861 2108 1011 2136 tenentur

253 2155 411 2199 praedicti
431 2156 604 2188 iuramenti
629 2156 776 2191 vinculo:
799 2162 827 2189 et
850 2167 913 2189 non
935 2168 1009 2190 eru-

253 2208 399 2249 bescunt,
412 2215 523 2242 contra
534 2220 646 2242 eorum
660 2210 830 2253 proprium
844 2210 1009 2243 iuramen-

254 2266 336 2302 tum,
362 2263 544 2306 praedictas
564 2263 744 2296 laudabiles
764 2264 1010 2297 constitutiones

254 2320 283 2348 et
305 2321 433 2355 statuta,
447 2315 559 2349 indies
574 2316 706 2349 diversis
727 2316 1010 2350 commissionibus

253 2380 271 2401 a
291 2369 388 2402 Sacra
408 2369 575 2413 Signatura
602 2370 742 2403 Iustitiae
759 2375 960 2413 extorquere,
981 2377 1010 2404 et

254 2422 287 2455 in
326 2428 547 2467 contemptum
586 2423 827 2467 praedictorum
862 2423 1010 2456 domino-

253 2487 328 2509 rum
350 2477 520 2510 custodum
548 2478 803 2520 gubernatorum
829 2477 1009 2521 praedicto-

255 2537 328 2558 rum
363 2526 597 2569 collegiorum,
625 2532 655 2560 et
675 2538 805 2560 causam
839 2532 867 2559 et
899 2538 1011 2559 causas

258 2581 503 2617 praetensarum
532 2575 738 2608 iactationum
762 2582 791 2609 et,
811 2576 1009 2609 molestatio-

1699 261 1760 299 ,340

1052 341 1114 373 qne
1135 334 1163 362 et
1182 328 1251 361 illas
1271 326 1403 361 diversis
1423 325 1586 360 iudicibus
1603 326 1805 359 committere

1051 383 1246 423 desiderant⁷
1283 387 1311 415 et
1348 381 1563 421 committunt,
1593 386 1624 413 et
1648 380 1805 413 committi

1051 436 1271 476 obtinuerunt,
1305 436 1380 468 licet
1413 434 1553 468 indebite
1586 439 1617 466 et
1650 434 1803 471 nulliter3

1052 501 1125 522 cum
1159 489 1241 522 nulli
1270 489 1378 529 liceat,
1400 493 1628 533 praeterquam
1655 487 1804 520 Pontifici

1051 543 1195 576 Romano
1211 549 1241 576 et
1256 542 1407 586 propriae
1428 543 1528 587 ipsius
1543 541 1743 585 Signaturae,
1765 541 1806 573 si-

1052 597 1143 629 miles
1181 608 1289 629 sacras
1326 595 1572 629 constitutiones
1604 599 1803 639 permutare.

1051 650 1199 683 Yolentes
1232 649 1331 692 igitur
1369 649 1541 682 calumniis
1575 654 1605 681 et
1638 647 1807 680 fraudibus

1052 703 1238 736 huiusmodi
1255 703 1394 743 obviare,
1411 708 1508 746 prout
1522 707 1632 735 nostro
1649 701 1805 734 incumbit

1051 756 1157 790 officio
1188 757 1358 801 pastorali,
1384 768 1420 790 ac
1445 756 1625 800 providere,
1648 760 1738 788 motu
1763 755 1806 787 si-

1052 810 1131 850 mili,
1155 821 1191 843 ex
1224 816 1311 844 certa
1331 816 1439 843 nostra
1468 809 1611 849 scientia,
1641 820 1753 842 omnes
1778 815 1804 842 et

1051 865 1193 907 singulas
1213 875 1326 898 causas
1346 864 1527 908 praedictas
1548 874 1657 897 coram
1677 863 1808 908 quibus-

1051 928 1192 960 cumque
1212 917 1394 956 iudicibus,
1423 922 1487 950 tam
1515 917 1687 950 ordinariis
1710 928 1805 961 quam

1051 971 1293 1011 commissurus,
1317 977 1347 1005 et
1380 977 1444 1004 tam
1471 971 1658 1004 commissas
1678 976 1709 1004 et
1727 983 1807 1016 pen-

1051 1026 1162 1058 dentes
1173 1036 1269 1069 quam
1283 1026 1314 1058 in
1331 1026 1476 1058 futurum
1488 1025 1735 1058 committendas
1752 1036 1808 1069 per

1051 1079 1211 1121 praelatos
1231 1079 1395 1111 scholares
1416 1083 1446 1110 et
1466 1089 1578 1111 omnes
1603 1078 1634 1110 in
1665 1078 1808 1121 collegiis

1052 1131 1243 1171 habitantes,
1268 1131 1299 1164 iu
1333 1136 1416 1164 statu
1450 1137 1478 1164 et
1509 1132 1668 1173 terminis,
1691 1132 1808 1176 quibus

1052 1185 1272 1230 reperiuntur,
1304 1185 1421 1217 harum
1447 1184 1528 1217 serie
1553 1185 1592 1217 ad
1617 1196 1676 1218 nos
1695 1196 1808 1218 avoca-

1052 1251 1135 1280 muS,
1158 1244 1189 1273 et.
1208 1239 1300 1272 dictis
1325 1239 1490 1272 modernis
1504 1249 1564 1283 pro
1580 1245 1726 1284 tempore
1751 1251 1808 1273 cu-

1052 1294 1196 1327 stodibus
1222 1294 1382 1326 (lictorum
1409 1293 1621 1336 collegiorum
1646 1295 1808 1336 guberna-

1052 1348 1177 1381 toribus
1198 1353 1227 1380 et
1248 1347 1394 1380 omnium
1417 1347 1449 1379 in
1469 1347 1562 1380 dictis
1583 1347 1726 1391 collegiis
1750 1349 1808 1381 ha-

1051 1402 1222 1435 bitantium
1257 1408 1287 1435 et
1320 1402 1380 1435 sub
1406 1412 1520 1435 eorum
1542 1402 1669 1435 statutis
1689 1403 1807 1447 degen-

1051 1456 1132 1488 tium
1153 1455 1315 1489 iudicibus
1335 1455 1508 1489 ordinariis
1532 1456 1765 1490 committimus
1779 1464 1807 1490 et

1052 1510 1244 1543 mandamus
1259 1510 1437 1543 audiendas
1447 1515 1479 1543 et
1488 1511 1707 1544 terminandas
1723 1512 1810 1545 iuxta

1052 1564 1189 1597 sormam
1215 1563 1455 1608 praedictorum
1479 1564 1692 1608 collegiorum
1714 1577 1807 1610 prae—

1053 1617 1211 1650 dictarum
1251 1618 1519 1651 constitutionum
1544 1624 1575 1651 et
1600 1623 1805 1659 statutorum,

1053 1682 1126 1703 cum
1149 1671 1299 1704 omnibus
1315 1682 1428 1704 eorum
1445 1671 1519 1704 inde
1536 1671 1806 1714 dependentibus.

1053 1725 1304 1768 emergentibus,
1327 1725 1458 1759 annexis
1477 1731 1508 1758 et
1528 1726 1697 1767 connexis;
1719 1727 1808 1760 insu-

1052 1790 1110 1822 per
1145 1779 1333 1812 mandantes
1367 1785 1400 1811 ut
1436 1785 1552 1814 statuta
1597 1781 1808 1823 collegiorum

1053 1832 1253 1877 simpliciter,
1285 1838 1313 1866 et
1349 1838 1379 1865 ut
1422 1833 1537 1874 iacent,
1565 1833 1805 1877 intelligantur.

1053 1886 1149 1919 nullis
1169 1885 1284 1918 additis
1304 1886 1495 1919 commentis
1515 1887 1577 1920 sire
1599 1887 1808 1922 cavillationi-

1052 1939 1113 1971 bus
1128 1950 1145 1971 a
1162 1939 1331 1972 causidicis
1347 1939 1495 1979 inventis
1514 1941 1701 1975 mandantes
1712 1942 1807 1975 etiam

1054 1998 1085 2025 nt
1103 1993 1158 2037 qui
1174 1994 1352 2026 secundam
1371 1999 1484 2026 statuta
1503 1996 1728 2029 emis-lusiones
1744 2007 1808 2029 non

1052 2046 1237 2082 habuerint.
1258 2048 1475 2091 insratempus
1501 2049 1724 2089 constitutum,
1738 2050 1808 2095 ipso

1053 2100 1148 2139 sacto,
1168 2101 1235 2133 sine
1258 2101 1322 2133 ulla
1340 2101 1529 2142 monitione,
1553 2113 1571 2134 a
1596 2103 1739 2146 collegiis
1754 2115 1807 2137 ex-

1052 2153 1225 2197 pellantur,
1242 2160 1271 2187 et
1287 2153 1340 2186 alii
1361 2165 1420 2198 pro
1440 2154 1502 2187 illis
1522 2155 1759 2190 substituantur
1779 2163 1809 2190 et.

1053 2212 1211 2250 cogantur
1243 2218 1398 2250 expensas
1432 2208 1576 2252 collegiis
1610 2211 1804 2253 persolvere.

1052 2260 1256 2294 Declarantes
1296 2261 1441 2305 insuper,
1469 2263 1661 2298 auctoritate
1699 2271 1807 2298 nostra

1052 2315 1229 2358 apostolica
1263 2327 1321 2360 per
1356 2322 1551 2360 praesentes,
1586 2323 1648 2351 tam
1683 2319 1807 2353 iudices<

1053 2368 1233 2402 ordinarios
1266 2381 1363 2413 quam
1397 2371 1645 2412 commissarios,
1684 2373 1806 2406 nullam

1054 2422 1181 2465 penitus
1216 2423 1471 2457 iurisdictionem
1498 2425 1617 2458 habere
1642 2437 1698 2459 seu
1724 2427 1806 2460 obti—

1053 2486 1129 2508 nere
1149 2487 1243 2520 posse
1264 2477 1295 2509 in
1317 2478 1500 2521 collegiales
1529 2484 1557 2511 et
1580 2490 1691 2512 omnes
1711 2479 1743 2512 in
1764 2481 1806 2513 di<

1053 2525 1110 2558 ctis
1131 2525 1274 2567 collegiis
1293 2527 1485 2567 habitantes,
1509 2533 1539 2560 et
1560 2539 1672 2561 onmes
1691 2535 1721 2562 et
1741 2529 1806 2562 sin-

1052 2575 1143 2618 gulas
1177 2576 1420 2610 commissiones
1457 2578 1669 2621 imposterum
1702 2579 1805 2623 impc-

258 2635 338 2657 num
359 2630 471 2658 contra
490 2625 671 2669 praedictos
691 2625 840 2658 dominos
861 2626 1011 2658 custodes
1053 2625 1181 2658 trandas
1215 2631 1243 2658 et
1279 2627 1385 2660 adhuc
1419 2627 1622 2672 impetratas,
1652 2634 1715 2661 tam
1746 2631 1805 2663 sub

255 2674 492 2719 gubernatores
509 2679 540 2708 et
559 2680 665 2719 patres
685 2675 886 2716 eorumdem,
908 2675 1010 2709 illam-
1052 2674 1183 2708 nomine
1216 2675 1355 2711 alicuius
1379 2677 1507 2721 collegii
1539 2688 1637 2722 quam
1662 2677 1805 2722 particu-

1821 272 1869 297 An.
1887 271 1915 297 C.
1937 267 2003 297 {55⁵³
