2227 3001
958 246 1075 271 PAULUs

362 301 376 344 ἓ
397 301 426 335 7.
450 300 581 333 Necnon
608 308 691 341 quae
719 299 758 332 ab
783 300 860 343 ipsis
881 300 1069 339 ordinariis,

118 355 303 407 indffijslffi‘n'«¹(jffi
317 355 365 387 vel
386 365 499 387 eorum
520 354 661 393 nomine,
677 359 744 396 post
767 354 868 397 ipsam
882 354 1072 396 publicatio-

117 418 181 437 nmts
197 420 247 436 cns:
318 418 391 441 nem
413 412 534 447 exacta,
562 412 593 439 et
613 407 658 439 eis
678 417 809 450 quoquo
837 408 932 439 modo
952 408 1070 445 soluta,

317 472 354 495 ac
375 461 471 493 etiam
483 470 566 504 quae
586 465 659 493 ante
676 460 930 504 publicationem
956 460 1070 503 ipsam,

318 523 376 557 pro
407 512 484 556 ipsis
510 518 617 546 tamen
639 513 734 545 certis
759 519 814 545 aut
841 513 971 546 incertis
999 523 1072 556 per-

317 566 404 599 sonis
424 571 457 609 et*
475 566 554 599 locis
582 576 647 599 non
671 565 890 607 debebantur,
920 567 973 599 sed
1002 571 1071 610 post

317 619 571 663 publicationem
592 619 790 663 praedictam
816 619 926 652 deberi
955 630 1071 664 coepe-

317 677 411 712 runt,
434 672 530 706 etiam
551 672 577 705 si
598 683 634 706 ea
655 673 839 712 ordinariis,
863 678 897 705 ut
917 673 1072 717 praemit-

316 725 414 765 titur,
436 725 567 765 relieta,
590 726 707 758 donata
736 731 789 758 aut
816 726 968 765 obventa,
990 731 1072 758 tam-

316 788 414 821 quam
444 777 489 810 eis
509 777 660 817 indebita,
681 789 738 822 per
758 778 864 822 ipsum
885 777 1072 810 commissa-

316 830 402 862 rium
423 836 453 863 et
478 831 673 874 delegandos
693 842 730 864 ac
757 830 1013 873 subdelegandos
1033 831 1072 863 ab

316 882 398 926 ipso,
417 883 548 916 nomine
568 884 671 917 dietae
693 884 845 923 fabricae,
864 884 964 916 libere
990 884 1070 926 exigi

316 946 352 969 ac
373 937 438 979 peti
459 942 489 969 et
509 938 636 980 assequi
655 948 747 980 posse
768 942 797 970 et
818 937 954 977 debere,
975 937 1070 969 etiam

316 989 375 1021 sub
397 991 542 1022 censuris
562 990 790 1023 ecelesiasticis
817 1000 853 1021 ae
883 989 995 1032 poenis
1015 1000 1072 1033 pe-

316 1042 490 1083 cuniariis,
514 1043 650 1087 aliisque
679 1043 759 1076 iuris
779 1042 930 1075 remediis
951 1053 1071 1086 oppor-

317 1095 414 1135 tunis,
429 1095 573 1128 invocato
590 1096 737 1128 etiamad
754 1097 828 1135 ltoc,
842 1095 867 1127 si
882 1106 964 1138 opus
976 1100 1070 1133 esset,

315 1149 434 1181 auxilio
454 1149 577 1182 brachii
599 1149 784 1182 saecularis.

359 1201 373 1244 ἓ
394 1202 424 1235 8.
448 1204 491 1235 Ac
512 1213 749 1245 quoscumque,
768 1202 912 1245 quiante
933 1206 1070 1235 aetatem

315 1255 491 1298 legitimam
502 1256 540 1288 ad
551 1266 659 1288 sacros
675 1256 915 1299 presbyteratus
930 1255 1070 1290 ordines,

313 1308 433 1351 absque
450 1308 558 1351 aliqua
573 1308 823 1352 dispensatione,
842 1319 874 1341 se
888 1306 1070 1352 promoxeri

314 1361 472 1402 fecissent,
494 1367 523 1395 el
544 1362 576 1395 in
601 1362 758 1406 susceptis
780 1361 949 1394 ordinibus
974 1361 1068 1393 etiam

314 1414 561 1454 ministrasse1113
583 1426 620 1448 ae
638 1414 706 1458 qui,
729 1425 766 1447 ex
786 1414 896 1457 quavis
917 1414 1067 1446 licitaaut

313 1466 423 1499 illicita
443 1467 636 1510 cognatione
656 1467 895 1511 provenientes,
918 1467 1069 1499 affinitate

314 1525 341 1552 et
373 1521 652 1563 consanguinitate
679 1526 731 1553 aut
761 1520 969 1563 cognatione,
998 1531 1069 1553 car-

314 1573 377 1605 nali
404 1574 451 1606 vel
482 1574 659 1617 spirituali,
682 1574 766 1606 inter
795 1574 932 1606 levatum
964 1579 992 1606 ct
1024 1574 1068 1606 le-

314 1631 438 1658 vantem
454 1653 462 1666 ,
485 1633 618 1670 excepto
643 1626 783 1669 simplici
812 1632 866 1659 aut
898 1626 1068 1669 multiplici

313 1680 427 1721 gradu,
439 1691 476 1713 ac
491 1691 716 1723 quoscumque
733 1680 788 1724 qui
803 1680 953 1723 publicae
967 1680 1068 1711 lione-

314 1733 401 1765 statis
413 1733 552 1766 institiae
567 1733 810 1777 impedinni=nto,
827 1744 883 1765 seu
896 1733 973 1765 alias
987 1743 1068 1775 quo·

317 1786 489 1819 modolibet
514 1786 673 1830 impediti,
691 1785 946 1826 matrimonium,
967 1787 1069 1819 scien—

317 1843 363 1871 ter
378 1841 425 1872 vel
442 1840 639 1882 ignoranter,
658 1840 689 1873 in
705 1845 821 1883 quarto
837 1840 884 1872 vel
906 1840 937 1871 in
955 1840 1066 1877 tertio,

315 1902 350 1923 ac
372 1903 430 1936 per
450 1894 600 1936 copulam
623 1893 851 1931 fornicariam,
875 1902 939 1925 non
960 1898 1066 1926 tamen

314 1945 490 1988 publicam,
509 1946 603 1978 etiam
617 1946 649 1978 in
663 1945 768 1989 primo
779 1945 941 1977 affinitatis
955 1946 1067 1988 gradu,

313 1999 545 2032 contraxissent
564 2005 595 2032 et
615 1999 736 2031 carnali
766 1999 884 2042 copula
914 2009 1067 2031 consum-

313 2057 470 2091 massent,
489 2052 514 2085 si
535 2052 805 2095 impedimentum
827 2052 1014 2084 huiusmodi
1035 2052 1066 2085 in

312 2104 466 2137 iudicium
489 2105 663 2138 deductum
685 2116 750 2138 non
767 2105 888 2145 suisset,
909 2105 957 2137 vel
978 2116 1067 2137 scan-

311 2159 419 2190 dalum
447 2169 601 2200 generare
627 2170 691 2192 non
718 2164 841 2202 posset,
872 2158 910 2191 ab
936 2169 1065 2191 excessu

312 2211 498 2244 huiusmodi
518 2223 554 2245 ac
571 2212 917 2245 excommunicationis
937 2218 1065 2245 sentcn-

312 2264 365 2304 tia,
383 2276 479 2307 quam
492 2271 665 2309 propterea
678 2266 901 2305 incurrissent,
921 2266 1066 2299 iniuncta

312 2317 384 2350 inde
410 2318 456 2351 eis
475 2329 534 2362 pro
556 2320 652 2352 modo
673 2320 788 2363 eulpae
805 2319 1004 2364 poenitentia
1020 2330 1067 2352 sa-

311 2371 424 2410 lutari,
447 2382 529 2415 quae
551 2373 588 2404 ad
610 2372 762 2405 labricam
784 2372 970 2405 huiusmodi
991 2372 1067 2405 diri-

310 2430 452 2467 geretur,
471 2431 498 2458 et
516 2426 602 2468 quod
619 2426 657 2458 ‹le
678 2432 785 2459 cetero
806 2426 879 2458 talia
897 2436 960 2458 non
977 2437 1065 2458 eom—

311 2478 486 2518 mitterent,
510 2489 567 2512 nec
595 2479 870 2512 committentilnis
894 2479 1064 2516 auxilium,

311 2532 482 2563 consilium
498 2533 546 2565 vel
558 2532 696 2565 savorem
714 2538 925 2575 praestarent,
940 2538 967 2565 ct
982 2532 1063 2567 aliis,

310 2591 392 2622 quae
407 2581 445 2613 de
459 2581 528 2613 inre
545 2582 646 2613 forent
666 2581 873 2624 iniungenda,
888 2582 1063 2616 absolvere„

311 2635 340 2662 ct
362 2635 393 2661 ut
411 2629 449 2662 de
471 2640 552 2663 noro
574 2630 708 2663 invicem
726 2630 969 2663 matrimonium
991 2640 1066 2663 con-

118 249 169 275 Λιι.
190 248 218 275 C.
234 247 301 274 ¹5th

159 1255 246 1282 Dispeus
256 1257 297 1277 indi

115 1293 208 1313 qumque
217 1288 236 1307 in
248 1288 297 1307 ιιιιιΙ-

115 1319 140 1338 tis
156 1320 245 1339 casibus.

1100 246 1133 269 ιιι
1158 245 1204 268 ιφ.
1759 236 1823 267 323

1114 298 1240 330 trahere
1261 297 1343 330 etin
1370 296 1425 328 illo
1452 295 1496 328 sic
1526 300 1690 328 contracto
1720 297 1868 329 similiter

1114 357 1283 379 remanere
1310 346 1409 378 libere
1437 351 1467 378 et
1497 345 1581 377 licite
1612 346 1764 377 valerent.
1793 347 1869 377 l'ro-

1115 401 1176 432 lem
1199 406 1275 433 tuno
1296 405 1478 442 susceptam
1499 410 1536 431 ex
1558 399 1744 430 huiusmodi
1761 400 1870 431 inatri-

1115 453 1236 492 monio,
1261 453 1286 485 si
1307 464 1371 496 qua
1392 457 1484 492 esset,
1507 458 1535 485 et
1558 463 1592 484 ex
1612 457 1687 483 tunc
1709 452 1747 483 de
1764 458 1872 484 cetero

1115 505 1365 548 suscipiendam,
1387 505 1561 548 legitimam
1589 504 1794 537 decernendo
1810 531 1817 543 ‚
1842 505 1873 536 iu

1114 559 1184 591 soro
1214 559 1430 592 conscientiae
1460 559 1641 597 dumtaxat,
1676 563 1738 590 tam
1767 558 1872 601 quoad

1115 612 1194 644 alios
1214 623 1310 655 quam
1332 613 1438 655 quoad
1460 613 1542 651 illos,
1565 611 1631 655 qui,
1654 612 1687 644 in
1709 611 1801 644 tertio
1826 611 1873 643 vel

1115 670 1230 707 quarto
1254 664 1543 707 consanguinitatis
1565 664 1667 708 gradu
1689 664 1870 699 existentes,

1116 717 1359 749 matrimonium
1388 718 1636 756 contraxissent,
1668 722 1702 749 ut
1730 718 1872 760 macti-r-

1115 775 1179 809 tur,
1203 780 1284 812 quos
1305 769 1335 801 in
1350 775 1487 812 utroque
1510 770 1579 801 foro
1601 769 1731 808 absolvi,
1754 775 1783 801 et
1805 779 1872 800 ma-

1114 821 1303 854 trimonium
1321 822 1359 853 de
1377 832 1470 861 noro,
1485 822 1580 854 etiam
1595 822 1737 864 publice,
1750 827 1874 853 contra-

1114 874 1192 906 here
1214 885 1307 918 posse
1323 875 1479 913 voluerat,
1502 880 1533 907 et
1558 885 1631 907 cum
1653 875 1774 907 eisdem
1798 886 1874 918 pro-

1115 927 1208 959 motis
1229 938 1327 970 super
1341 927 1590 970 irregularitate,
1606 938 1715 969 quam,
1733 927 1828 959 etiam
1843 927 1873 959 in

1115 979 1207 1012 dictis
1217 981 1386 1012 ordinibus
1396 981 1619 1020 ministrando,
1630 981 1872 1019 contraxissent,

1114 1032 1267 1075 quodque
1303 1033 1333 1064 in
1369 1033 1463 1065 dictis
1488 1033 1658 1065 ordinibus
1689 1033 1872 1065 ministrare

1888 247 1936 270 Ᾱιι.
1959 243 2074 271 «213,th

1115 1091 1256 1129 possent,
1280 1086 1479 1129 dispensare.

1157 1138 1171 1180 ξ
1192 1139 1222 1170 9.
1247 1138 1290 1171 Ac
1311 1149 1385 1171 cum
1407 1138 1688 1182 quibuscumque,
1712 1140 1766 1182 qui
1789 1139 1871 1170 bona

1114 1191 1339 1231 ecclesiarum,
1370 1192 1641 1224 monasteriorum
1664 1197 1694 1223 et,
1719 1192 1870 1224 ccclesia-

1113 1243 1268 1276 stieorum
1302 1244 1536 1277 beneficiorum
1567 1244 1785 1287 quorumlibet
1813 1245 1870 1276 lia·

1112 1295 1237 1337 herent,
1251 1302 1279 1330 et
1293 1296 1496 1337 iudicialiter,
1510 1296 1734 1330 deficientibus
1755 1297 1871 1340 prolua-

1113 1348 1264 1389 tionibus,
1278 1350 1316 1382 ad
1329 1349 1460 1383 illorum
1475 1350 1708 1383 restitutionem
1721 1351 1870 1393 compelli

1113 1413 1177 1435 non
1206 1409 1350 1446 possent,
1369 1404 1466 1436 etiam
1500 1404 1525 1436 si
1559 1414 1618 1447 per
1651 1414 1706 1436 eos
1741 1404 1870 1446 probari

1113 1461 1230 1498 posset,
1255 1461 1285 1488 et
1304 1456 1387 1488 bona
1409 1456 1516 1488 omnia
1533 1467 1569 1488 ae
1586 1467 1812 1500 quaecumque
1830 1457 1870 1487 le-

1111 1514 1182 1551 gata
1198 1515 1228 1541 et
1247 1509 1325 1541 alias
1342 1509 1596 1552 quomodolilmt,
1614 1510 1708 1541 etiam
1726 1509 1870 1541 baeredi-

1112 1562 1182 1594 tatis
1202 1562 1305 1599 titulo,
1327 1573 1386 1605 pro
1407 1563 1490 1595 male
1516 1563 1628 1595 ablatis
1648 1562 1867 1601 restitutione,

1111 1614 1221 1647 relicta
1243 1616 1399 1647 hactenus
1419 1620 1450 1647 et
1469 1626 1551 1658 quae
1570 1615 1708 1658 relinqui
1725 1620 1755 1647 et
1771 1614 1867 1656 legari

1112 1668 1364 1711 contingeretoin
1386 1669 1552 1709 futurum,
1576 1668 1712 1700 durante
1733 1668 1868 1711 deputa-

1111 1722 1198 1755 tione
1215 1722 1326 1755 nuncii
1348 1728 1375 1755 et
1389 1722 1603 1755 conuuissarii
1620 1721 1818 1759 huiusmodi,
1839 1721 1868 1752 in

1111 1775 1373 1819 quibuscumque
1394 1775 1590 1808 testamentis
1604 1802 1611 1814 ‚
1643 1774 1870 1807 donationibus

1111 1839 1207 1860 causa
1238 1829 1368 1868 mortis,
1397 1828 1553 1861 codicillis
1573 1834 1627 1860 aut
1649 1827 1718 1859 aliis
1748 1827 1870 1859 ultiniis

1110 1882 1327 1914 voluntatibus
1348 1893 1406 1925 per
1426 1892 1650 1925 spiosrumque
1671 1886 1702 1913 et
1723 1881 1869 1913 ubicum-

1110 1945 1173 1977 que
1202 1935 1311 1975 saetis,
1348 1940 1374 1967 et
1406 1946 1489 1978 quae
1519 1935 1655 1966 durante
1682 1934 1867 1965 liuiusmmli

1110 1988 1319 2032 deputatione
1344 1988 1445 2020 factae
1476 1988 1577 2020 forent
1607 1986 1868 2030 quibuscumth

1110 2041 1240 2074 incertis
1260 2041 1405 2075 ecclesiis
1416 2046 1444 2073 et
1466 2041 1526 2084 piis
1542 2040 1632 2079 loeis,
1653 2045 1704 2072 aut
1723 2041 1869 2083 personis

1110 2094 1257 2128 similiter
1284 2095 1414 2128 incertis
1447 2095 1494 2126 vel
1529 2093 1733 2132 absentibus,
1765 2093 1869 2125 taliter

1108 2149 1207 2191 quod,
1229 2154 1362 2192 propter
1382 2148 1525 2191 ipsorum
1543 2146 1731 2183 absentiam,
1753 2146 1867 2179 merito

1888 1155 1953 1181 Ampli
1964 1156 1997 1174 ivit
2010 1159 2050 1175 etin
2060 1162 2070 1174 u

1886 1186 1978 1206 fabricae
2018 1188 2027 1206 b
2039 1194 2071 1205 *ild

1887 1217 2073 1237 ecclesiasticam.-

1887 1249 1956 1268 AIP')![0
1978 1255 2071 1274 occupa-

1887 1283 1922 1303 ιει,

1947 1573 2012 1594 Helu-t
2024 1580 2070 1600 tque

1885 1611 1922 1630 pro
1939 1606 1991 1623 malr·
2014 1606 2070 1624 able

1885 1637 2071 1655 lis-tireitxswla-

1885 1668 1915 1686 cis
1933 1668 1970 1691 pii—
1988 1670 2007 1685 rt
2023 1675 2071 1692 pei-

1886 1704 1942 1717 snuus
1954 1714 1958 1720 ,

1889 2156 2066 2183 Ηυιιιιιιριιιιιψ»

1108 2202 1148 2234 ab
1169 2203 1214 2235 cis
1234 2202 1344 2235 notitia
1366 2201 1476 2234 haberi
1494 2211 1558 2233 non
1575 2207 1692 2244 posset.
1712 2201 1756 2232 Ac
1772 2201 1864 2232 etiam
1883 2194 1959 2238 fffjsffi,
1973 2195 2034 2213 '¹'''⁴'*¹

1109 2267 1191 2299 quac
1212 2255 1404 2288 restitutioni
1426 2255 1648 2293 subiacerent,
1680 2254 1734 2285 sed
1764 2253 1792 2285 iu
1822 2254 1862 2284 vi*
1892 2258 1989 2300 J‘ff
2009 2252 2067 2301 ,ΜΛ

1109 2310 1154 2342 rel
1177 2310 1214 2341 ad
1237 2320 1272 2341 ca
1292 2310 1457 2352 personis,
1488 2308 1607 2352 quibus
1628 2308 1700 2340 illae
1722 2307 1790 2342 lieri
1811 2308 1865 2338 ‹lv-
1883 2316 2011 2336 uuum-amun

1109 2363 1233 2402 herent,
1253 2362 1395 2405 receptio
1416 2372 1480 2394 non
1502 2365 1712 2404 coi‘npeteret;
1739 2371 1864 2393 necnon

1109 2426 1336 2459 quaecumque
1358 2416 1388 2447 in
1411 2415 1620 2454 leslanwntis,
1639 2413 1865 2445 donationibus

1109 2479 1204 2501 causa
1226 2468 1356 2508 mortis,
1384 2467 1540 2500 codicillis
1569 2472 1620 2498 aut
1650 2466 1719 2498 aliis
1746 2465 1866 2497 ultimis

1109 2522 1325 2554 voluntatibus
1342 2532 1400 2565 pro
1417 2520 1638 2564 redemptione
1655 2519 1864 2562 captivorum,

1109 2576 1204 2607 ctiam
1239 2575 1263 2607 si
1297 2575 1410 2608 Beatae
1444 2574 1559 2607 Mariae
1593 2574 1631 2605 ‹la-
1664 2572 1805 2605 Mercede
1835 2578 1866 2604 «nt

1109 2629 1243 2661 Sanctae
1269 2628 1430 2661 Trinitatis
1456 2626 1695 2670 Ilcdeinptionis
1724 2625 1863 2671 captivo<
