2227 3001
108 251 160 282 An.
176 252 205 281 C.
227 254 293 282 151ιο

106 847 253 869 praesentium
264 846 290 867 lt-

106 884 197 901 tel-arum
226 881 291 901 firmi-

106 915 138 932 tas
147 914 168 932 et
178 911 291 932 observan-

105 944 141 964 tia.

117 1375 228 1404 Depuiauo
241 1383 288 1398 exe-

105 1411 214 1434 quutorum
248 1409 289 1429 liu-

105 1439 194 1461 tir-modi
215 1439 288 1460 litera-

103 1475 156 1491 rssm.

953 254 1070 280 PAL'LUS
1094 256 1129 280 111
1154 257 1201 280 Pr.

305 307 416 350 gistro,
433 305 709 352 praeceptoribus,
729 308 1058 350 militibus,sratribus

306 366 336 393 et
354 361 425 394 aliis
444 361 591 406 personis
603 372 660 405 pro
676 367 820 406 tempore
841 363 1057 404 existentibus,

305 424 363 457 per
395 425 621 457 quoscumque
645 415 807 448 Romanos
828 416 999 450 Pontifices
1023 429 1060 450 ac

306 468 412 500 forsan
432 478 491 511 per
510 478 580 507 nos,
608 467 667 500 sub
683 468 943 512 quibuscumque
969 476 1059 503 teno-

305 520 395 553 ribus
415 526 445 553 et
465 520 589 559 formis,
608 521 769 554 concessis
785 527 815 554 et
831 523 1057 563 concedendis,

304 585 341 607 ac
361 574 386 606 si
407 574 557 618 praefatis
578 574 700 607 militiis
718 576 755 608 de
776 576 938 609 Calatrava
958 582 988 609 et
1007 578 1060 609 Al-

306 632 435 661 cantara
455 628 637 672 specialiter
653 634 683 661 et
703 629 893 662 nominatim
910 641 1062 663 concessa

306 682 422 721 forent,
445 681 503 721 uti,
526 681 621 724 potiri
638 687 668 714 et
689 682 830 724 gaudere
850 683 951 716 libere
972 689 1002 716 et
1022 683 1061 716 li-

305 734 366 768 cite
376 735 510 775 valeant,
527 735 565 768 de
577 735 706 779 speciali
723 736 824 778 gratia
840 736 1057 779 indulgemus.

349 787 363 831 ἓ
389 788 419 822 9.
442 788 657 821 Decernentes
682 794 866 832 praesentes
891 789 999 822 literas
1023 790 1061 822 de.

305 841 524 886 subreptionis
543 842 618 875 vitio
643 843 691 875 vel
716 843 902 875 intentionis
935 843 1061 876 defectu

306 895 409 928 notari
429 905 494 928 non
515 906 620 938 posse,
638 895 747 938 sicque
765 907 823 940 per
837 907 1061 939 quoscumque

305 948 439 989 iudices,
459 949 568 991 quavis
588 949 778 982 auctoritate
799 950 980 991 fungentes,
1007 960 1061 981 su-

304 1001 389 1034 blata
405 1001 451 1035 eis
471 1007 501 1034 et
526 1013 640 1035 corum
667 1002 800 1035 cuilibet
829 1002 940 1045 quavis
970 1002 1062 1035 aliter

304 1054 468 1088 iudicandi
489 1061 519 1088 et
539 1055 771 1100 interpretandi
788 1056 936 1088 facultate
958 1060 988 1088 et
1007 1066 1062 1087 au-

305 1107 464 1149 ctoritate,
482 1108 620 1141 iudicari
640 1113 670 1141 et
686 1108 812 1141 definiri
833 1108 970 1148 debere;
1002 1119 1062 1142 nec

304 1172 369 1195 non
390 1162 519 1195 irritum
541 1167 571 1195 et
590 1162 702 1203 inane,
726 1162 751 1194 si
772 1172 865 1194 secus
889 1172 987 1205 super
1012 1162 1062 1195 his

303 1225 320 1247 a
346 1226 523 1259 quoquam,
552 1214 661 1259 quavis
690 1215 893 1255 auctoritate,
924 1215 1063 1248 scienter

302 1268 351 1301 vel
371 1268 569 1311 ignoranter,
593 1268 764 1311 contigerit
780 1268 940 1301 attentari.

347 1321 361 1364 g
382 1321 435 1354 210.
458 1321 616 1360 Quocirca
636 1321 761 1354 dilectis
781 1321 855 1354 filiis
876 1322 992 1355 nostris
1011 1323 1061 1355 Io-

302 1374 378 1407 anni
399 1375 507 1408 Sancti
527 1375 654 1408 Ioannis
670 1381 742 1408 ante
759 1376 887 1408 Portam
904 1375 1059 1416 Latinam,

302 1438 338 1460 ac
359 1428 490 1461 Garciae
506 1428 641 1462 Sanctae
651 1428 827 1468 Susannae,
843 1434 874 1460 et
888 1429 981 1461 Petro
998 1429 1062 1461 Ma-

303 1481 386 1514 rozzi
406 1482 600 1516 Sanctorum
626 1481 754 1515 Ioannis
779 1487 809 1514 et
832 1482 923 1514 Pauli
951 1482 1061 1515 titulo-

302 1546 375 1569 rum
397 1536 590 1580 presbyteris
606 1535 834 1573 cardinalibus,
856 1547 913 1579 per
933 1542 1062 1579 aposto-

302 1589 364 1622 lica
388 1590 506 1633 scripta
533 1589 725 1622 mandamus
754 1594 914 1631 quatenus
935 1589 994 1632 ipsi
1015 1590 1061 1621 vel

302 1643 366 1676 duo
387 1649 442 1676 aut
458 1654 542 1677 unus
558 1654 684 1682 eorum,
704 1653 761 1686 per
777 1654 809 1675 se
825 1643 872 1675 vel
888 1643 989 1675 alium
1005 1654 1061 1675 seu

303 1697 394 1737 alios,
417 1702 602 1741 praesentes
618 1697 726 1728 literas
746 1701 777 1728 et
796 1696 827 1728 in
850 1695 894 1728 eis
912 1701 1061 1729 contenta

303 1761 549 1795 quaecumque,
573 1750 627 1783 ubi
649 1755 679 1782 et
698 1750 827 1793 quando
849 1760 931 1793 opus
955 1750 1060 1789 suerit,

303 1814 340 1837 ac
360 1804 486 1847 quoties
505 1814 603 1847 super
623 1804 695 1842 hoc,
708 1814 766 1846 pro
784 1807 873 1846 parte
894 1804 1061 1846 magistro-

303 1867 394 1897 rum,
418 1861 685 1900 praeceptorum,
713 1855 852 1888 militum
874 1861 904 1887 et
924 1857 1060 1888 fratrum

301 1906 559 1948 praedictorum,
587 1906 727 1949 desuper
747 1905 866 1937 suerint
896 1905 1058 1948 requisiti,

301 1955 490 1988 solemniter
514 1955 732 1999 publicantes,
763 1954 873 1998 eisque
904 1954 936 1986 in
967 1965 1059 1997 prae-

301 2004 405 2037 missis
431 2004 569 2038 efficacis
588 2003 784 2037 detensionis
804 2002 964 2047 praesidio
985 2003 1060 2035 assi-

301 2058 439 2093 stentes,
470 2053 586 2086 saciant
611 2052 802 2085 auctoritate
832 2057 939 2085 nostra
965 2062 1058 2095 prae-

301 2108 406 2135 sentes
424 2102 531 2135 literas
548 2108 577 2135 et
593 2102 625 2134 in
642 2102 687 2134 eis
703 2107 852 2134 contenta
870 2101 1059 2134 huiusmodi

301 2151 438 2184 tirmiter
453 2151 624 2191 observari,
647 2162 683 2184 ac
700 2151 856 2193 singulos.
874 2161 955 2193 quos
972 2150 1058 2193 ipsae

300 2205 486 2243 praesentes
513 2200 623 2233 literae
645 2204 864 2235 concernunt,
887 2199 949 2231 illis
971 2199 1058 2242 pavi-

300 2249 360 2282 lice
376 2249 528 2291 gaudere,
540 2259 605 2281 non
619 2249 841 2292 permittentes
855 2259 909 2280 eos
920 2248 1059 2290 desuper

300 2309 358 2341 per
379 2309 603 2341 quoscumque
631 2303 743 2331 contra
770 2297 989 2341 praesentium
1011 2302 1057 2330 te—

300 2358 412 2379 norem
438 2347 683 2389 quomodolibet
710 2346 850 2379 indebite
880 2346 1053 2378 molestari.

299 2394 558 2428 Contradictores
593 2395 752 2438 quoslibet
777 2401 804 2428 et
836 2395 973 2427 rebelles
1000 2406 1058 2439 per

299 2455 452 2477 censuras
473 2449 503 2477 et
524 2455 643 2488 poenas
659 2444 902 2483 ecclesiasticas,
917 2445 1055 2487 appella-

298 2493 385 2526 tione
396 2493 584 2537 postposita‚
596 2494 844 2537 compescendo,
857 2504 892 2525 ac
904 2503 1056 2525 censuras·

298 2546 328 2574 et
349 2553 468 2585 poenas
489 2542 572 2585 ipsas
597 2542 692 2574 etiam
714 2542 833 2575 iteratis
853 2542 977 2575 vicibus
1001 2553 1054 2584 ag—

297 2592 470 2633 gravando,
493 2591 638 2623 invocato
660 2590 754 2623 etiam
771 2591 811 2623 ad
832 2592 906 2630 lioc,
929 2591 952 2623 si
974 2602 1056 2634 opus

296 2639 405 2681 fuerit,
429 2639 547 2673 auxilio
567 2639 690 2672 brachii
714 2639 897 2673 ¹saecularis.

1142 310 1156 353 ξ
1173 310 1226 342 21⁴1.
1239 309 1308 342 Non
1325 308 1526 342 obstantibus
1542 310 1725 353 praemissis
1752 322 1789 344 ac
1806 313 1858 356 pie

1101 363 1275 396 memoriae
1292 363 1446 396 Bonisacii
1466 363 1572 407 Papae
1592 364 1705 404 octavi,
1724 366 1858 407 praede-

1100 416 1235 449 cessoris
1255 416 1369 455 nostri,
1388 428 1451 460 qua
1467 421 1597 449 cavetur
1618 427 1658 450 ne
1683 417 1756 461 quis
1772 423 1859 451 extra

1101 480 1191 501 suam
1204 469 1362 502 civitatem
1380 470 1427 503 vel
1443 470 1629 510 dioecesim,
1644 470 1705 502 nisi
1717 470 1748 503 in
1766 471 1860 504 certis

1102 522 1239 562 casibus,
1255 528 1284 555 et
1295 522 1326 554 in
1338 522 1400 555 illis
1410 524 1494 555 ultra
1506 534 1603 556 unam
1615 523 1752 556 diaetam
1763 535 1780 556 a
1796 525 1860 557 fine

1103 586 1178 608 suae
1200 576 1365 616 dioecesis,
1386 577 1425 608 ad
1446 576 1602 609 iudicium
1623 582 1786 617 evocetur,
1805 589 1860 610 seu

1104 638 1142 660 ne
1159 628 1282 661 iudices
1302 640 1319 661 a
1340 629 1420 662 Sede
1438 629 1600 672 praedicta
1615 630 1758 674 deputati
1775 636 1860 663 extra

1103 680 1261 713 civitatem
1283 682 1330 714 vel
1351 681 1543 723 dioecesim,
1567 682 1599 715 in
1620 683 1738 726 quibus
1758 683 1861 727 depu-

1104 734 1158 766 tati
1171 735 1302 775 suerint,
1317 740 1428 768 contra
1444 746 1668 779 quoscumque
1686 737 1861 780 procedere

1103 793 1158 820 aut
1185 788 1238 820 alii
1264 789 1311 821 vel
1341 788 1410 821 aliis
1439 789 1522 822 vices
1552 800 1626 822 suas
1659 790 1861 823 committere

1105 846 1323 882 praesumant,
1343 846 1371 873 et
1393 842 1430 873 de
1452 841 1578 875 duabus
1598 842 1710 875 diaetis
1730 842 1762 875 in
1785 853 1862 875 con-

1104 893 1178 926 cilio
1198 894 1341 936 generali
1363 894 1465 935 edita,
1495 895 1671 927 dummodo
1693 896 1777 928 ultra
1797 900 1861 928 tres

1103 946 1223 979 diaetas
1243 947 1359 989 aliquis·
1377 947 1566 980 auctoritate
1584 948 1802 991 praesentium
1822 948 1861 981 ad

1105 999 1261 1032 iudicium
1282 1010 1347 1032 non
1369 1000 1534 1039 trahatur,
1558 1006 1587 1033 et
1607 1001 1772 1043 quibusvis
1792 1001 1862 1033 aliis

1104 1053 1287 1095 apostolicis
1307 1064 1342 1086 ac
1359 1053 1391 1086 in
1412 1054 1663 1096 provincialibus
1679 1059 1709 1087 et
1729 1055 1863 1098 synoda-

1105 1105 1188 1138 libus
1204 1106 1350 1138 conciliis
1372 1106 1475 1146 editis,
1497 1107 1702 1148 generalibus
1719 1107 1767 1140 vel
1787 1118 1861 1151 spe-

1104 1157 1241 1191 cialibus
1275 1157 1559 1191 constitutionibus
1591 1164 1619 1191 et
1649 1159 1860 1192 ordinationi-

1104 1210 1182 1243 bus:
1205 1221 1333 1243 necnon
1354 1211 1391 1243 de
1412 1210 1575 1244 Calatrava
1592 1216 1622 1244 et
1638 1211 1676 1244 de
1692 1212 1862 1245 Alcantara

1105 1263 1292 1296 militiarum
1313 1275 1349 1296 ac
1370 1263 1589 1297 Cisterciensis
1614 1263 1742 1297 Ordinis
1767 1275 1862 1309 prae-

1104 1316 1279 1357 dictorum,
1302 1317 1497 1357 iuramento,
1512 1317 1758 1350 confirmatione
1784 1328 1861 1360 apo-

1105 1369 1216 1402 stolica
1235 1371 1283 1402 vel
1304 1370 1414 1414 quavis
1434 1370 1585 1403 firmitate
1606 1370 1668 1403 alia
1692 1370 1861 1410 roboratis,

1105 1422 1229 1455 statutis
1249 1428 1279 1455 et
1300 1423 1602 1463 consuetudinibuS,
1622 1423 1859 1463 stabilimentis,

1104 1475 1361 1516 diffinitionibus,
1385 1476 1497 1509 usibus
1522 1482 1551 1509 et
1577 1476 1713 1509 naturis:
1735 1487 1863 1510 necnon

1104 1528 1268 1570 quibusvis
1284 1529 1458 1573 privilegiis
1475 1534 1503 1562 et
1517 1529 1648 1562 indultis
1663 1529 1859 1573 apostolicis,

1106 1581 1178 1621 illis,
1197 1581 1256 1613 sub
1272 1581 1533 1625 quibuscumque
1556 1582 1721 1616 tenoribus
1744 1588 1774 1615 et
1797 1583 1861 1616 sor-

1104 1632 1177 1671 mis,
1199 1644 1235 1665 ac
1257 1644 1331 1665 cum
1361 1633 1527 1676 quibusvis
1561 1634 1656 1666 etiam
1691 1634 1860 1676 derogato-

1105 1686 1226 1718 riarum
1255 1686 1466 1729 derogatoriis
1499 1686 1635 1730 aliisque
1670 1687 1860 1720 efficaciori-

1104 1740 1163 1772 bus
1189 1745 1219 1772 et
1239 1740 1374 1773 insolitis
1397 1740 1550 1773 clausulis
1577 1751 1704 1773 necnon
1734 1740 1861 1773 irritan—

1105 1793 1189 1825 tibus
1205 1799 1235 1826 et
1250 1793 1319 1826 aliis
1336 1794 1482 1834 decretis,
1500 1794 1594 1827 etiam
1609 1800 1699 1827 motu
1716 1795 1858 1839 proprio,

1103 1851 1133 1878 ct
1153 1857 1189 1879 ex
1210 1853 1296 1879 certa
1321 1847 1463 1887 scientia,
1485 1859 1522 1880 ac
1542 1847 1807 1880 consistorialiter
1830 1853 1861 1880 et

1103 1910 1139 1931 ex
1159 1899 1326 1942 quibusvis
1347 1900 1471 1940 causis,
1495 1912 1530 1933 ac
1551 1900 1662 1943 quavis
1682 1900 1777 1932 etiam
1798 1900 1859 1932 im-

1105 1953 1216 1996 periali
1236 1954 1283 1986 vel
1300 1954 1386 1996 regia
1403 1953 1672 1991 emisideratione,
1691 1954 1786 1986 etiam
1803 1953 1858 1987 ite-

1103 2006 1178 2038 ratis
1194 2006 1328 2045 vicibus,
1352 2007 1525 2045 concessis,
1548 2006 1733 2049 approbatis
1754 2011 1784 2039 et
1809 2006 1859 2039 in-

1104 2060 1240 2093 novatis:
1272 2060 1391 2103 quibus
1421 2059 1590 2099 omnibus,
1614 2060 1711 2093 etiam
1739 2060 1775 2100 si,
1800 2071 1859 2104 pro

1103 2113 1233 2146 illorum
1250 2112 1421 2145 sufficienti
1438 2112 1656 2155 derogatione,
1678 2113 1716 2146 de
1729 2113 1791 2145 illis
1807 2124 1859 2146 eo—

1102 2177 1240 2209 rumque
1273 2167 1345 2199 totis
1372 2167 1540 2199 tenoribus
1570 2167 1734 2210 specialis,
1758 2167 1860 2211 speci-

1102 2221 1180 2257 tiea,
1217 2220 1380 2253 individua
1405 2226 1433 2253 et
1467 2231 1616 2263 expressa
1648 2220 1768 2253 mentio
1801 2231 1855 2253 seu

1101 2274 1230 2316 quaevis
1245 2274 1307 2306 alia
1322 2274 1483 2317 expressio
1500 2274 1648 2307 habenda
1671 2279 1726 2307 aut
1750 2274 1856 2318 aliqua

1100 2327 1161 2359 alia
1182 2327 1338 2370 exquisita
1364 2328 1466 2359 forma
1486 2328 1525 2359 ad
1545 2327 1606 2360 hoc
1627 2327 1781 2360 servanda
1809 2328 1856 2361 so-

1101 2386 1158 2419 ret,
1183 2386 1309 2414 tenores
1331 2380 1528 2421 huiusmodi,
1547 2391 1582 2413 ac
1601 2380 1626 2413 si
1643 2381 1681 2414 de
1699 2381 1796 2414 verbo
1817 2381 1855 2413 ad

1101 2434 1245 2473 verbum,
1268 2434 1348 2466 1111111
1369 2434 1497 2478 penitus
1518 2435 1635 2468 omisso
1653 2446 1690 2467 ac
1706 2436 1808 2468 forma
1824 2434 1853 2467 111

1100 2488 1161 2519 illis
1177 2487 1292 2520 tradita
1313 2488 1489 2528 observata,
1503 2488 1612 2521 inserti
1629 2489 1745 2527 forent,
1765 2498 1855 2531 prae-

1099 2539 1242 2572 sentibus
1262 2551 1320 2583 pro
1341 2541 1499 2584 expressis
1515 2541 1681 2579 habentes,
1700 2540 1762 2573 illis
1777 2540 1854 2573 alias

1100 2589 1130 2620 in
1147 2600 1204 2621 suo
1220 2589 1337 2622 robore
1354 2590 1584 2633 permansuris,
1604 2591 1662 2623 liac
1678 2590 1743 2623 vice
1764 2589 1855 2621 dum—

1100 2643 1178 2671 taxat
1207 2639 1390 2682 specialiter
1419 2645 1447 2673 et
1473 2650 1620 2685 expresse
1645 2640 1851 2684 derogamus,

1875 257 1925 283 An.
1944 255 1971 282 C.
1993 254 2064 283 mtto

1874 317 2006 338 Obstantium
2027 317 2062 338 de-

1874 354 1911 374 rog
1920 350 1963 369 atu.
