2227 3001
190 273 241 301 An.
260 272 288 299 C.
305 271 372 299 15ὴο

232 697 322 724 liuignia
338 703 374 718 sua

192 732 222 751 eis
238 730 310 754 donau

204 1235 301 1256 Noui-ios
325 1240 374 1256 ere-

192 1268 239 1288 ·ndi
254 1266 374 1287 facultatem

192 1299 233 1324 dat,

225 1989 377 2014 Bastsrdosqw:

196 2020 322 2046 legitimandi
333 2036 339 2043 ,

431 262 495 297 ⁶288

387 338 458 360 vere
474 332 504 360 et
518 336 581 360 non
598 326 679 365 ficte,
696 324 852 370 procreati
865 330 894 357 et
905 323 1002 366 geniti
1018 325 1131 363 forent,

387 380 605 415 concedimus.
624 381 667 413 Ac
688 389 800 412 eorum
826 377 970 421 singulis,
1002 377 1133 410 sublatis

386 434 549 478 quibusvis
560 432 730 467 obstaculis
740 437 769 464 et
785 431 1031 475 impedimentis,
1044 441 1133 463 veros

387 488 509 521 nobiles
529 498 608 527 esse,
628 492 657 520 et
676 486 714 519 de
734 485 833 518 nobili
849 496 885 518 ex
901 485 985 518 dicto
1002 495 1131 529 genere,

387 554 424 575 ex
457 547 594 585 utroque
627 544 758 583 parente
791 543 976 582 procreatos
1010 536 1133 571 censeri

387 596 502 628 debere.
518 593 720 627 decernimus
740 597 770 625 et
788 592 999 625 declaramus.

431 649 445 691 ξ
465 648 494 680 ⁹2.
518 648 552 680 Et
575 647 606 679 in
627 646 752 689 signum
769 646 901 678 honoris
919 651 945 678 et
963 644 1135 678 nobilitatis

389 700 586 740 huiusmodi,
608 700 653 733 eis
673 705 700 733 et
722 710 835 733 eorum
856 699 996 736 cuilibet,
1010 710 1068 743 pro
1090 699 1135 730 in-

388 754 496 798 signiis
516 759 545 787 et
564 753 672 793 armis,
688 753 805 797 quibus
825 753 883 796 ipsi
904 758 935 785 et
954 752 993 785 ab
1014 752 1058 784 eis
1078 752 1132 784 de-

387 808 574 841 scendentes
603 811 633 839 et
656 806 862 839 ascendentes
891 805 936 838 uti
962 805 1082 849 possint
1105 805 1135 837 in

388 863 550 900 decorem,
568 866 690 905 partem
712 860 923 902 insigniorum
937 864 1133 899 nostrorum,

388 915 414 949 si
430 915 474 948 eis
490 915 535 948 uti
550 914 721 953 voluerint,
744 914 837 947 etiam
859 924 933 946 cum
949 914 997 946 vel
1017 913 1135 956 absque

392 969 488 1002 armis
509 968 585 1009 suis,
608 968 632 1001 si
657 968 710 1000 illa
736 967 909 1000 habuerint.
933 968 981 1000 vel
1006 967 1068 999 illis
1088 966 1136 998 usi

388 1023 518 1063 fuerint,
554 1028 607 1055 aut
639 1021 704 1055 sine
738 1021 834 1065 ipsis,
868 1025 963 1065 prout
991 1020 1136 1053 duxerint

388 1076 604 1109 ordinandum
633 1086 687 1108 seu
717 1075 912 1118 eligendum,
940 1074 1138 1117 assignamus

389 1134 420 1163 et
440 1134 597 1173 perpetuo
617 1129 818 1162 decoramus.

434 1184 448 1227 ἓ
468 1182 498 1216 3.
514 1183 550 1216 Et
565 1183 609 1216 eis
624 1183 705 1222 illos,
717 1193 797 1226 quos
826 1182 980 1221 moribus,
997 1180 1137 1218 scientia,

390 1241 491 1270 aetate
521 1236 655 1280 aliisque
688 1235 848 1279 requisitis
868 1234 1075 1278 qualitatibus
1100 1234 1138 1266 ad

391 1289 533 1323 officium
545 1288 770 1322 tabellionatus
781 1288 996 1321 exercendum
1008 1288 1139 1320 idoneos

391 1353 459 1376 esse
488 1342 677 1386 repererint,
708 1342 748 1374 ad
778 1341 877 1374 instar
903 1341 1040 1373 aliorum
1065 1339 1139 1373 dicti

391 1395 500 1429 Palatii
530 1395 696 1435 comitum,
719 1394 838 1437 ubique
868 1394 1026 1433 locorum,
1054 1398 1140 1426 extra

390 1455 497 1483 tamen
526 1460 636 1482 muros
662 1449 770 1489 Urbis,
803 1459 859 1481 seu
884 1449 991 1481 locum
1016 1448 1048 1480 in
1076 1458 1139 1490 quo

391 1505 566 1537 Romanam
604 1503 732 1536 Curiam
770 1502 910 1535 residere
949 1501 1137 1544 contigerit,

392 1557 548 1597 notarios,
579 1556 766 1589 tabelliones
787 1556 934 1599 publicos
962 1567 998 1588 ac
1019 1555 1140 1589 iudices

392 1611 569 1645 ordinarios
599 1611 747 1654 (recepto
776 1610 868 1654 prius
896 1610 935 1642 ab
965 1610 1025 1647 eis,
1055 1610 1140 1642 iuxta

392 1666 526 1697 formam
543 1663 764 1708 praesentibus
779 1663 973 1703 adnotatam,
988 1663 1080 1695 solito
1095 1663 1140 1695 iu-

392 1718 556 1760 ramento)
583 1716 731 1757 creandi,
761 1716 936 1760 deputandi
964 1722 994 1749 et
1023 1715 1140 1748 consti-

392 1771 514 1811 tuendi,
542 1781 579 1804 ac
602 1771 641 1803 de
661 1770 838 1803 notariatus
862 1776 890 1803 et
918 1770 1142 1804 tabellionatus

391 1836 429 1858 ac
445 1824 602 1858 iudicatus
611 1824 723 1857 officiis
739 1824 926 1857 huiusmodi
938 1834 1140 1867 perpennam

393 1884 423 1911 et
443 1879 601 1912 catamare
621 1878 669 1921 (ut
689 1877 788 1910 moris
808 1878 866 1921 est)
886 1877 1085 1911 investiendi.

437 1934 452 1976 g
471 1933 502 1966 4.
525 1933 655 1966 Necnon
680 1941 903 1976 quoscumque
924 1931 1062 1975 spurios,
1085 1942 1141 1964 ua-

394 1988 524 2027 turales‚
555 1986 731 2026 bastardos‚
759 1996 939 2025 mansereS,
966 1986 1082 2019 nothos
1114 1990 1141 2018 et

395 2043 602 2081 incestuosos,
623 2040 801 2084 copulative
817 2040 864 2072 vel
884 2039 1085 2077 disiunctive,
1107 2051 1143 2072 ex

395 2105 601 2139 quocumque
626 2094 748 2133 illicito,
784 2093 877 2126 etiam
899 2093 1066 2137 sacrilego,
1095 2094 1142 2126 vel

395 2149 544 2182 damnato
575 2148 661 2181 coitu
691 2159 750 2191 pro
776 2153 921 2191 tempore
959 2153 1143 2191 procreatos

395 2214 451 2236 seu
467 2202 600 2245 genitos,
618 2202 792 2235 viventibus
808 2213 864 2234 seu
880 2201 1015 2234 mortuis
1030 2212 1142 2234 eorum

396 2256 593 2300 parentibus,
620 2255 816 2298 legitimandi
833 2260 863 2288 et
887 2254 1087 2296 habilitandi,
1115 2261 1142 2288 et

396 2310 435 2342 ad
455 2309 665 2342 haereditates
685 2314 715 2341 et
734 2309 827 2344 bona,
849 2313 945 2352 prout
972 2308 1142 2351 collegium

396 2363 526 2396 archivii
556 2363 657 2395 dietae
677 2363 838 2396 Romanae
864 2362 978 2395 Curiae
1004 2363 1051 2395 vel
1077 2362 1145 2395 eius

397 2416 560 2457 officiales,
596 2416 681 2449 iuxta
701 2417 885 2449 facultatem
912 2416 957 2449 eis
990 2427 1048 2460 per
1074 2416 1144 2460 piae

398 2470 572 2504 memoriae
598 2470 714 2504 lulium
739 2470 857 2514 Papam
878 2470 914 2510 II,
938 2470 1031 2503 etiam
1052 2480 1145 2514 prae-

397 2521 597 2554 decessorem
617 2524 774 2559 nostrum,
797 2530 991 2560 concessam,
1006 2520 1054 2553 vel
1070 2519 1146 2552 alias

398 2569 457 2613 ipsi
477 2568 608 2602 comites
634 2568 768 2601 Palatini
794 2568 832 2601 de
852 2568 923 2601 iure
942 2569 989 2601 vel
1010 2578 1145 2601 consue-

398 2618 509 2652 tudine
535 2617 712 2661 legitimare
733 2622 763 2650 et
782 2617 950 2650 habilitare
973 2617 1146 2662 respective

398 2673 543 2714 possunt,
570 2666 767 2712 legitimandi
793 2672 823 2700 et
848 2666 1033 2700 habilitandi
1060 2667 1147 2700 etad

979 269 1156 294 BL'LLARIL'M
1179 269 1327 293 nonaum

1175 323 1277 356 ostii-ia
1306 323 1492 363 saecularia,
1523 323 1652 367 publica
1682 328 1712 355 et
1731 322 1862 367 privata,
1883 331 1921 354 ac

1174 377 1313 410 honores
1338 381 1368 409 et
1387 376 1471 409 bona
1489 387 1714 421 quaecumque
1734 374 1920 409 restituendi

1176 435 1205 463 et
1225 430 1451 473 reintegrandi.

1219 484 1233 526 ξ
1253 484 1284 516 5.
1311 483 1439 515 Necnon
1460 493 1681 527 quoscumque
1701 482 1844 523 idoneos,
1866 482 1917 515 ad-

1176 536 1291 569 iunctis
1316 537 1347 568 in
1375 537 1436 569 hoc
1465 536 1523 569 sibi
1550 537 1768 570 assistentibus
1797 536 1922 569 duobus

1176 596 1227 623 aut
1258 590 1358 622 tribus
1387 589 1545 632 magistris
1573 601 1629 623 seu
1657 590 1842 622 doctoribus
1870 594 1921 622 aut

1177 643 1345 676 licentiatis
1361 643 1393 676 in
1414 643 1575 683 facultate,
1589 644 1621 676 in
1636 654 1699 686 qua
1716 643 1923 686 promovendi

1177 703 1283 736 erunt,
1318 708 1399 740 quos
1427 697 1466 729 ad
1486 697 1550 729 hoc
1583 697 1731 730 duxerint
1750 697 1923 740 eligendos,

1178 762 1290 784 eorum
1300 750 1378 784 votis
1390 751 1511 790 iuratis,
1521 751 1552 783 in
1562 756 1700 795 utroque
1708 751 1756 784 vel
1765 751 1900 784 alterum
1911 750 1923 774 ¹

1179 805 1297 837 iurium
1326 810 1356 837 et
1384 805 1545 847 theologia
1576 816 1613 837 ac
1644 804 1775 844 artibus,
1796 805 1835 837 ad
1855 805 1922 838 bac-

1178 858 1379 891 calaureatus
1391 863 1418 890 et
1442 857 1662 891 licentiaturae
1688 869 1723 890 ac
1744 857 1927 891 doctoratus

1179 916 1206 944 et
1229 911 1401 954 magisterii
1422 911 1539 953 gradus
1555 910 1727 954 respective
1747 909 1867 953 ubique
1882 911 1929 944 lo-

1179 956 1306 999 corum
1322 965 1550 1009 promovendi,
1575 963 1684 1008 eisque
1705 965 1750 997 sic
1774 965 1929 1008 promotis

1179 1018 1317 1061 legendi,
1336 1018 1530 1061 disputandi,
1549 1017 1780 1060 interpretandi
1795 1028 1831 1050 ac
1851 1018 1929 1050 alios

1180 1077 1278 1110 aetus,
1299 1072 1337 1104 ad
1352 1081 1504 1115 personas
1524 1070 1557 1103 in
1570 1070 1757 1103 huiusmodi
1777 1070 1929 1113 gradibus

1181 1125 1367 1159 constitutas
1387 1124 1630 1168 quomodolibet
1652 1124 1860 1168 pertinentes,
1887 1125 1931 1157 fa-

1181 1178 1296 1219 ciendi,
1310 1184 1340 1211 et
1355 1178 1499 1222 ipsorum
1515 1177 1674 1221 graduum
1690 1177 1781 1210 solita
1795 1176 1931 1221 insignia

1181 1238 1210 1265 et
1236 1232 1458 1265 auctoritatem
1484 1231 1680 1265 conferendi.
1711 1232 1755 1264 Ac
1784 1230 1829 1264 sic
1855 1241 1930 1275 pro-

1182 1286 1257 1319 moti
1274 1286 1361 1329 quod
1377 1285 1527 1319 omnibus
1547 1290 1577 1319 et
1596 1285 1729 1328 singulis
1745 1284 1928 1329 privilegiis,

1182 1340 1449 1379 immunitatibus,
1481 1339 1717 1379 nobilitatibus,
1750 1339 1930 1373 concessio-

1183 1393 1288 1433 nibus,
1319 1393 1509 1433 honoribus,
1543 1392 1757 1432 libertatibus,
1780 1392 1931 1437 praeemi-

1182 1447 1298 1479 nentiis
1325 1452 1356 1479 ct
1390 1446 1636 1490 praerogativis,
1672 1445 1790 1489 quibus
1819 1445 1872 1479 alii
1900 1445 1932 1478 in

1182 1499 1388 1540 Bononiensi,
1417 1499 1598 1539 Parisiensi,
1625 1498 1824 1539 Lovaniensi,
1853 1499 1933 1532 Tho-

1183 1553 1291 1585 losana
1315 1564 1352 1585 ac
1377 1552 1540 1596 quibusvis
1560 1551 1629 1585 aliis
1656 1551 1931 1592 Universitatibus,

1183 1607 1345 1649 inquibus
1355 1606 1502 1640 Studium
1516 1607 1664 1649 generale
1678 1606 1769 1649 viget,
1783 1606 1933 1650 promoti,

1183 1661 1277 1694 etiam
1304 1661 1335 1693 in
1356 1660 1556 1693 assecutione
1576 1660 1811 1694 beneficiorum
1832 1660 1934 1694 eccle-

1184 1715 1384 1748 siasticorum
1395 1719 1541 1755 utuntur,
1555 1714 1723 1757 potiuntur
1737 1719 1767 1747 et
1781 1714 1932 1757 gaudent,

1183 1779 1219 1801 ac
1247 1768 1305 1806 uti,
1338 1767 1433 1812 potiri
1467 1773 1497 1800 et
1525 1768 1665 1811 gaudere
1693 1766 1936 1811 quomodolibet

1184 1826 1335 1865 poterunt
1364 1821 1396 1853 in
1425 1822 1584 1861 futurum,
1612 1831 1677 1853 non
1701 1821 1806 1853 solum
1831 1821 1871 1854 ad
1890 1821 1935 1864 ip-

1184 1882 1292 1904 sorum
1315 1871 1425 1911 instar,
1449 1871 1503 1903 sed
1524 1869 1742 1914 pariformiter
1766 1875 1796 1903 et
1815 1870 1935 1914 absque

1185 1920 1249 1953 ulla
1269 1919 1460 1959 differentia,
1479 1919 1612 1963 perinde
1631 1930 1668 1952 ac
1688 1919 1713 1952 si
1732 1929 1805 1952 vere
1825 1924 1856 1952 et
1870 1930 1935 1953 non

1185 1974 1257 2006 ficte
1279 1973 1309 2006 in
1329 1973 1436 2016 aliqua
1457 1984 1493 2006 ex
1514 1973 1633 2006 eisdem
1658 1972 1933 2013 Universitatibus,

1186 2022 1289 2065 rigore
1310 2022 1464 2055 examinis
1483 2022 1708 2065 praecedente,
1731 2032 1768 2055 ac
1788 2021 1859 2054 aliis
1884 2032 1935 2055 so-

1186 2072 1403 2105 lemnitatibus
1433 2072 1549 2104 servari
1571 2071 1671 2104 solitis
1692 2071 1879 2111 observatis,
1906 2077 1936 2104 et.

1185 2121 1262 2153 alias
1294 2121 1379 2153 iuxta
1406 2121 1541 2154 formam
1575 2126 1771 2153 statutorum
1795 2131 1832 2153 ac
1857 2131 1935 2154 con-

1187 2170 1393 2203 suetudinum
1410 2170 1553 2214 ipsarum
1569 2169 1817 2202 Universitatum
1828 2179 1865 2202 ac
1874 2168 1937 2213 pri-

1186 2220 1374 2263 vilegiorum
1391 2219 1452 2252 illis
1464 2230 1693 2252 concessorum
1705 2218 1845 2263 promoti
1861 2217 1936 2251 suis-

1187 2274 1267 2309 sent,
1280 2268 1338 2309 uti,
1361 2267 1457 2312 potiri
1477 2273 1505 2301 et
1524 2268 1663 2310 gaudere
1680 2267 1805 2301 valeant
1825 2277 1936 2301 conce-

1188 2318 1291 2358 dendi,
1310 2319 1436 2361 plenam
1458 2322 1488 2350 et
1507 2317 1641 2351 liberam
1657 2316 1839 2351 facultatem
1861 2327 1937 2350 con-

1188 2368 1344 2401 cedimus

1232 2417 1246 2460 ξ
1265 2416 1295 2450 6.
1324 2416 1491 2449 Praeterea
1521 2415 1641 2449 eisdem
1662 2414 1887 2449 referendariis
1907 2421 1938 2448 et

1188 2465 1257 2497 aliis
1278 2464 1488 2508 infrascriptis
1507 2475 1542 2498 ac
1564 2476 1677 2498 eorum
1699 2464 1843 2508 singulis,
1865 2475 1935 2498 mo-

1189 2515 1336 2554 nasteria,
1371 2525 1511 2557 quorum
1546 2514 1676 2547 abbates
1704 2525 1763 2557 pro
1791 2519 1935 2558 tempore

1189 2564 1357 2596 existentes
1391 2564 1484 2596 mitra
1524 2569 1551 2597 et
1593 2564 1663 2597 aliis
1700 2563 1937 2607 pontificalibus

1189 2612 1344 2655 insigniis,
1363 2624 1399 2645 ex
1421 2613 1586 2657 privilegio
1601 2613 1776 2657 apostolico
1795 2614 1842 2646 vel
1859 2613 1936 2646 alias

1226 2676 1236 2702 1
1260 2676 1352 2702 Altero
1368 2675 1483 2702 Cherub.
1500 2675 1539 2710 (n.
1560 2675 1610 2711 T.)-

1934 269 1984 296 An.
2001 268 2030 296 C·
2048 268 2117 295 15Βο

1949 495 2074 516 noctur-indi
2093 500 2119 515 ο-

1937 527 2014 546 namin
2030 529 2119 553 utroque

1937 559 1981 578 ture
1997 560 2047 582 ιιι,

1977 2438 2044 2463 uim,
2057 2438 2134 2460 annulo

1952 2468 1972 2486 et
1998 2464 2071 2486 baculo
2097 2472 2136 2492 pa-

1951 2493 2024 2513 storali
2034 2493 2106 2513 utendi
2115 2495 2136 2513 et

1951 2519 2067 2539 solemnem
2095 2519 2135 2539 be—

1950 2546 2065 2566 nedictiou.
2082 2545 2136 2566 dan-

1951 2573 1969 2593 di
2014 2572 2135 2593 facultatem

1951 2600 2030 2620 eisdem
2041 2599 2136 2620 reteren-

1950 2627 2014 2648 dariis
2028 2626 2134 2648 coneedit-
