2227 3001
111 286 117 293 .
137 265 167 293 C.
182 266 249 293 {533⁶}

73 1507 184 1529 Decretum
198 1509 246 1529 irri-

114 2045 245 2067 Executores

61 2076 122 2098 istius
145 2078 247 2098 constitu-

61 2108 130 2130 tionis.

925 266 1028 289 wtlt's
1047 265 1080 289 111
1101 266 1148 289 Pr.

309 317 376 361 34.
401 318 445 350 Ac
473 317 697 361 praesentibus
724 328 759 350 ex
787 318 899 362 quavis
925 330 999 351 etsta
1004 332 1018 351 -ι

65 376 124 397 clau
127 375 249 428 f-iaeprae-
264 366 311 399 vel
342 366 532 406 occasione,
556 366 649 398 etiam
686 377 743 409 per
770 377 829 400 nos
854 372 883 400 et
905 368 1018 400 Sedem

65 413 190 430 terniue.

265 415 473 458 praedictam,
490 414 522 447 in
541 426 659 458 genere
675 416 746 448 v'el
740 427 771 448 m
788 416 906 460 speeie,
924 417 1019 450 etiam

263 474 322 507 per
333 463 578 496 constitutiones
588 464 781 507 apostolicas
792 476 847 498 seu
859 465 1020 498 Cancella-

263 512 330 545 riae
349 512 553 557 Apostolicae
581 514 709 555 regulas
730 514 847 554 editas,
865 526 900 547 ac
922 526 1018 558 quas-

263 571 404 605 cumque
424 562 502 594 alias
523 562 631 594 literas
652 564 854 606 apostolicas,
872 564 968 596 etiam
987 564 1017 596 in

263 609 367 643 forma
386 609 510 650 brevis,
533 617 564 643 et
584 612 670 654 quod
697 617 825 645 tenores
846 618 875 645 et
896 614 1019 646 sormae

261 658 391 692 illarum
412 660 593 692 habeantur
610 671 669 704 pro
685 660 855 705 expressis,
869 672 925 694 seu
941 661 1019 695 alias

262 709 424 742 clausulas
458 715 488 742 et
513 709 640 742 decreta
670 721 897 754 quaecumque
926 710 958 743 in
987 722 1019 744 se

262 758 473 798 continentes,
492 758 587 791 etiam
605 759 807 799 officialibus,
831 760 974 802 collegiis
989 766 1017 793 et

261 807 409 850 personis
429 808 580 851 praefatis
600 818 659 852 pro
676 814 822 852 tempore
840 819 1018 849 concessas,

261 855 357 889 etiam
379 857 486 900 vigore
508 856 682 902 implicitae
699 858 916 901 derogationis
933 858 1017 891 latis-

262 904 341 939 sime
362 907 592 947 extendendae,
606 907 637 940 in
655 907 947 951 supplicationibus
966 909 1018 942 de-

261 964 361 998 super
371 966 432 999 pro
444 961 589 1000 tempore
605 956 736 999 signatis
747 957 914 1000 appositae,
927 956 1017 990 dero-

259 1003 341 1046 gari,
364 1014 419 1037 seu
441 1004 511 1038 illas
532 1005 687 1045 revocari,
711 1005 840 1045 cassari,
864 1006 1016 1050 suspendi

258 1107 433 1143 revocatas,
445 1114 616 1146 suspensas
627 1103 674 1136 vel
684 1103 842 1141 alteratas,
852 1108 880 1135 et
893 1104 1018 1146 quoties

259 1149 313 1183 illa
333 1151 546 1191 emanabant,
567 1151 660 1184 toties
685 1151 812 1184 easdem
833 1158 1018 1196 praesentes

259 1198 298 1231 ab
319 1199 382 1232 illis
402 1205 550 1245 exceptas
570 1206 601 1233 et
620 1201 708 1234 vobis
729 1211 909 1241 concessas,
928 1212 965 1235 ae
985 1202 1017 1234 in

259 1247 431 1291 pristinum
453 1255 483 1282 et
503 1260 597 1290 eum,
620 1250 653 1282 in
681 1260 746 1292 quo
772 1260 860 1283 nune
888 1256 917 1284 et
944 1256 1017 1284 ante
1038 1253 1039 1271 ³

258 1297 478 1331 revocationes
498 1303 527 1331 et
555 1299 801 1343 suspensionem
828 1299 1017 1333 huiusmodi

259 1352 361 1387 erant,
383 1352 500 1380 statum
530 1348 693 1381 restitutas
713 1353 742 1381 et
764 1348 921 1393 repositas
949 1360 1017 1383 esse

259 1400 289 1428 et
309 1396 446 1430 censeri.

303 1445 368 1489 §5.
399 1445 517 1489 Sicque
551 1457 609 1490 per
642 1457 866 1490 quoscumque
898 1447 1018 1481 iudices

258 1499 290 1528 et
317 1495 567 1535 commissarios,
597 1496 708 1538 quavis
728 1496 918 1530 auctoritate
943 1497 1017 1530 sun-

259 1549 381 1587 gentes,
403 1544 499 1578 etiam
521 1556 693 1578 causarum
714 1545 826 1578 Palatii
843 1547 1016 1589 Apostolici

259 1592 425 1626 auditores
445 1599 476 1626 et
501 1594 646 1627 eiusdem
672 1594 836 1627 Romanae
856 1595 1018 1628 Ecclesiae

261 1641 453 1682 cardinales,
475 1642 599 1675 sublata
620 1643 665 1676 eis
691 1648 719 1675 et
750 1654 864 1676 eorum
886 1644 1019 1677 cuilibet

260 1690 371 1733 quavis
394 1691 487 1724 aliter
520 1691 683 1724 iudicandi
719 1698 749 1725 et
784 1692 1018 1735 interpretandi

260 1739 410 1773 facultate
431 1746 461 1773 et
480 1741 684 1781 auctoritate,
707 1740 843 1774 iudicari
869 1747 898 1775 et
919 1742 1018 1775 inter-

260 1789 380 1832 pretari
400 1789 530 1830 debere;
548 1801 584 1823 ac
605 1802 641 1823 ex
657 1801 756 1830 nunc,
772 1790 796 1823 si
813 1802 906 1824 secus
921 1803 1020 1835 super

258 1837 309 1871 his
319 1848 336 1870 a
351 1849 529 1882 quoquam,
543 1840 654 1883 quavis
665 1839 867 1880 auctoritate,
880 1841 1019 1874 scienter

258 1888 306 1920 vel
318 1887 516 1930 ignoranter,
529 1888 701 1931 contigerit
718 1888 878 1929 attentari,
890 1889 1018 1922 irritum

259 1941 290 1968 ct
309 1936 404 1970 inane
426 1937 644 1970 decernimus.

303 1986 369 2029 ξὸ.
393 1987 430 2019 Et
456 1986 670 2019 nihilomiuus
704 1987 883 2019 camerario
910 1993 1018 2020 nostro

260 2040 291 2068 et
309 2034 425 2069 Curiae
450 2047 624 2070 causarum
646 2036 799 2069 Gamerae
816 2037 1018 2080 Apostolicae

259 2085 402 2125 generati
418 2086 557 2119 auditori
575 2097 634 2129 pro
646 2091 793 2129 tempore
810 2085 1019 2119 existentibus

262 2145 320 2177 per
338 2141 524 2178 praesentes
552 2136 744 2168 mandamus
772 2140 932 2178 quatenus
958 2135 1018 2179 ipsi

259 2184 307 2216 vel
328 2184 408 2217 alter
437 2195 549 2218 eorum
584 2189 770 2228 praesentes
803 2184 911 2217 literas
936 2189 965 2217 et
986 2184 1017 2217 in

261 2232 306 2265 eis
338 2238 487 2266 contenta
517 2244 762 2277 quaecumque,
788 2233 859 2273 ubi,
887 2235 1018 2277 quando

261 2287 292 2314 et
310 2282 437 2325 quoties
453 2293 534 2325 opus
550 2283 657 2322 suerit,
676 2293 711 2315 ac
729 2293 788 2326 pro
804 2288 894 2326 parte
914 2288 1017 2316 vestra

262 2331 400 2375 desuper
426 2331 571 2375 requisiti
597 2332 729 2371 suerint,
752 2332 942 2365 solemniter
962 2344 1018 2375 pu-

260 2380 437 2419 blicantes,
461 2380 577 2413 faciant
598 2381 670 2414 illas
695 2387 724 2414 et
746 2381 779 2414 in
799 2381 845 2414 eis
866 2387 1018 2414 contenta

261 2440 488 2474 quaecumque
518 2430 640 2473 integre
665 2436 695 2464 et
722 2430 950 2464 inviolabiliter
978 2432 1039 2477 abv

261 2479 413 2512 omnibus
429 2479 603 2521 observari3
616 2491 682 2513 non
698 2481 919 2524 permittentes
928 2481 1018 2523 quie—

262 2539 358 2571 quam
394 2539 453 2578 per
485 2539 711 2573 quoscumque
744 2530 776 2562 in
818 2529 1014 2562 contrarium

262 2574 423 2606 attentari.
447 2573 707 2607 Contiadictoles
732 2575 891 2618 quoslibit
914 2580 942 2607 et
965 2585 1015 2607 te·
1037 2590 1038 2594 ¹

1705 255 1767 287 455

1065 329 1202 360 poenas,
1227 317 1442 362 appellatione
1470 317 1658 361 postposita,
1681 327 1812 360 compe-

1063 368 1199 407 condo,
1228 379 1265 401 ae
1286 367 1435 410 legitimis
1462 376 1560 410 super
1583 366 1633 398 his
1658 365 1814 398 habendis

1063 417 1193 449 erratis
1209 417 1426 461 processibus,
1450 415 1624 448 sententias
1644 420 1673 448 et
1694 425 1814 458 poenas

1062 467 1240 509 praefatas,
1275 466 1369 499 etiam
1403 465 1524 498 iteratis
1550 464 1672 497 vicibus
1700 474 1813 507 aggra-

1061 515 1176 553 vando,
1212 515 1357 548 invocato
1388 514 1483 547 etiam
1513 513 1551 547 ad
1576 514 1658 553 hoc,
1680 513 1704 545 si
1734 524 1815 556 opus

1063 563 1174 603 l'ue1it‚
1198 565 1316 597 auxilio
1336 563 1460 596 brachii
1481 563 1665 596 saecularis.

1106 614 1119 653 ,ξ
1141 613 1171 645 7
1194 613 1263 646 Non
1280 614 1357 646 obst·
1352 613 1479 646 tutibus
1495 612 1634 657 praemis
1622 611 1679 645 sis
1694 623 1730 644 ac
1746 612 1817 656 qui·
1829 631 1889 653 mnu
1894 631 1939 651 ,ιη
1956 631 2014 651 dm

1061 661 1168 695 busxis
1194 662 1476 703 constitutionibus
1503 667 1532 695 et
1559 661 1817 695 ordinationibus
1831 666 1889 689 ‘³¹⁰
1893 663 1912 682 ¹
1901 668 1933 682 ⁹·

1061 712 1264 754 apostolicis,
1288 722 1415 745 necnon
1442 711 1567 745 statutis
1594 716 1625 745 et
1644 717 1816 745 consuetu·

1062 760 1190 793 (linibus
1208 788 1215 801 ,
1239 761 1421 794 iuramento
1436 787 1443 800 ‚
1466 760 1713 794 confirmatione
1741 772 1817 806 apo-

1062 809 1173 842 stolica
1194 810 1241 843 vel
1257 810 1369 854 quavis
1388 809 1540 842 firmitate
1560 808 1621 842 alia
1641 809 1814 850 roboratis,

1061 858 1234 903 privilegiis
1253 870 1396 903 quoque,
1419 858 1551 892 indultis
1571 865 1601 892 et
1621 859 1723 892 literis
1742 870 1818 904 apo-

1061 908 1180 941 stolicis
1197 909 1368 952 praedietis
1383 914 1414 942 et
1429 908 1595 952 quibusvis
1610 908 1692 948 aliis,
1712 909 1818 942 cuius-

1061 968 1202 1001 cumque
1223 958 1384 1001 dignitatis
1410 963 1439 991 et
1468 957 1729 1001 praeeminentiae
1755 958 1817 991 exi-

1038 1048 1039 1051 *
1060 1007 1226 1047 stentibns,
1243 1013 1273 1040 et
1289 1018 1507 1051 quacumque,
1521 1006 1615 1040 etiam
1627 1006 1815 1051 episcopali,

259 1051 356 1085 autin
369 1053 480 1096 aliquo
495 1054 625 1087 alterari
642 1053 775 1086 minime
791 1065 897 1096 posse,
912 1065 1018 1098 neque
1038 1075 1039 1095 ;

1059 1055 1329 1099 archiepiscopali
1356 1061 1411 1089 aut
1437 1055 1498 1088 alia
1525 1055 1641 1088 maiori
1665 1055 1818 1098 dignitate

1037 1098 1039 1138 ⁴,
1061 1103 1271 1146 fulgentibus,
1294 1105 1327 1137 in
1351 1104 1551 1138 contrarium
1572 1105 1818 1148 quomodolibet

1038 1186 1039 1195 ἵ
1061 1153 1233 1193 concessis,
1257 1153 1377 1197 quibus
1397 1153 1561 1194 omnibus,
1579 1154 1675 1187 etiam
1697 1153 1734 1195 si,
1757 1165 1818 1199 pro

1060 1201 1191 1234 illorum
1221 1202 1393 1236 sufficienti
1427 1203 1636 1245 derogatione
1649 1229 1656 1242 ‚
1683 1203 1722 1236 de
1754 1203 1818 1236 illis

1060 1261 1241 1295 eorumque
1261 1251 1335 1284 totis
1362 1251 1531 1285 tenoribus
1551 1250 1699 1295 specialis
1712 1278 1719 1291 ‚
1743 1262 1817 1295 spe-

1061 1299 1163 1342 cifica,
1183 1311 1344 1345 expressa,
1361 1301 1525 1334 individua
1546 1312 1582 1334 ac
1602 1301 1640 1334 de
1667 1301 1763 1334 verbo
1778 1301 1816 1333 ad

1060 1350 1212 1391 verbum,
1236 1361 1301 1384 non
1321 1356 1430 1384 autem
1464 1360 1522 1394 per
1542 1350 1705 1383 clausulas
1724 1360 1819 1392 gene-

1060 1400 1143 1432 rales
1154 1399 1238 1433 idem
1255 1400 1478 1444 importantes,
1490 1398 1610 1432 mentio
1621 1410 1678 1432 seu
1689 1398 1819 1443 quaevis

1060 1449 1121 1481 alia
1142 1449 1305 1493 expressio
1326 1449 1485 1489 habenda,
1507 1453 1563 1482 aut
1581 1448 1690 1492 aliqua
1709 1448 1818 1492 exqui-

1038 1521 1039 1529 ,
1060 1497 1118 1530 sita
1140 1498 1242 1530 forma
1262 1498 1301 1531 ad
1321 1498 1383 1531 hoe
1404 1498 1558 1531 servanda
1579 1498 1672 1537 soret,
1690 1502 1819 1531 tenores

1060 1546 1260 1585 huiusmodi,
1283 1558 1319 1581 ac
1340 1548 1365 1580 si
1385 1548 1424 1581 de
1444 1548 1541 1581 verbo
1562 1547 1601 1580 ad
1616 1546 1750 1580 verbum
1771 1547 1818 1579 in-

1061 1603 1258 1636 sererentur,
1282 1597 1507 1641 praesentibus
1532 1607 1592 1641 pro
1621 1596 1819 1630 sufficienter

1061 1646 1218 1689 expressis
1239 1647 1412 1686 habentes,
1435 1645 1497 1679 illis
1524 1645 1604 1678 alias
1631 1644 1664 1678 in
1689 1655 1747 1678 suo
1768 1655 1819 1678 ro-

1061 1690 1138 1723 bore
1151 1691 1384 1734 permansuris,
1402 1691 1462 1724 hac
1477 1691 1546 1723 vice
1562 1690 1737 1730 dumtaxat,
1749 1700 1818 1733 spe-

1061 1735 1186 1768 cialite1
1201 1742 1231 1768 et
1247 1746 1393 1779 expresse
1414 1736 1620 1778 derogamus,
1639 1735 1818 1778 ceterisque

1062 1780 1232 1814 contiariis
1252 1782 1526 1825 quibuscumque.

1105 1825 1219 1858 Datum
1239 1825 1360 1858 Romae
1390 1825 1476 1869 apud
1497 1825 1650 1858 Sanctum
1671 1824 1815 1863 Petrum,

1061 1870 1120 1903 sul)
1149 1872 1270 1904 annulo
1304 1870 1354 1903 Pis
1357 1876 1491 1910 camus,
1514 1870 1565 1903 die
1585 1879 1616 1902 vl
1641 1868 1815 1902 sebiuarii.

1061 1916 1234 1949 millesimo
1255 1915 1514 1960 quingentesimo
1548 1903 1817 1964 quinquagesimo

1061 1961 1216 2001 secundo,
1240 1960 1446 2005 pontificatus
1467 1960 1566 1993 nostri
1587 1969 1672 1992 anno
1692 1968 1726 1992 11.

1130 2015 1188 2043 ttai.
1206 2015 1251 2043 (lie
1269 2015 1286 2043 6
1304 2015 1376 2043 l‘eln'.
1396 2015 1487 2050 1552,
1508 2014 1604 2052 pontif
1629 2023 1704 2042 auno
1722 2022 1751 2042 11.

1060 2188 1188 2220 Erectio
1196 2186 1218 2219 S
1223 2187 1306 2219 mcliv·
1313 2186 1474 2229 generalis
1483 2186 1519 2218 in
1526 2186 1641 2228 oppido
1650 2185 1817 2228 Dilinyae,

1105 2232 1313 2282 tzqqzastanae
1328 2231 1477 2264 dioecesis
1492 2231 1527 2262 in
1541 2229 1732 2269 Alamania,
1746 2239 1817 2262 cum

1102 2287 1142 2319 pt
1146 2277 1175 2308 ir
1180 2276 1323 2319 ileyz'istt
1337 2275 1547 2317 facultatibus
1562 2275 1605 2307 ad
1619 2275 1727 2307 mstar
1740 2273 1816 2307 Um·-

1106 2321 1268 2353 n'ersetutzs
1293 2320 1493 2353 Parisienszs
1512 2323 1541 2352 et
1561 2319 1705 2352 alimum
1720 2318 1745 2349 1.

1154 2379 1251 2407 Paulus
1267 2379 1408 2414 episcopus
1423 2385 1520 2407 servus
1536 2385 1676 2407 servorum
1695 2377 1750 2409 Dei,

1237 2430 1269 2457 ad
1289 2429 1416 2457 futuram
1433 2430 1474 2458 rei
1492 2429 1662 2457 memoriam.

1103 2479 1262 2522 Copiosus
1294 2478 1327 2511 in
1362 2477 1582 2511 misericordia
1602 2477 1769 2517 Dominus,
1784 2482 1813 2510 et

1060 2528 1091 2561 in
1113 2528 1238 2561 cunctis
1258 2528 1418 2572 gloriosus
1437 2527 1604 2572 operibuS,
1624 2538 1641 2559 a
1661 2537 1727 2570 quo
1747 2537 1814 2559 om-

1099 2584 1105 2608 l
1124 2583 1159 2608 Ex
1179 2582 1233 2616 Rea„
1226 2591 1263 2609 es
1252 2587 1285 2608 t.
1301 2591 1325 2608 m
1345 2582 1453 2608 Arcuit.
1468 2581 1551 2609 Vatic.
1570 2595 1597 2600 —-
1613 2581 1814 2612 Ditinq1,t;er-

261 2618 374 2657 belles,
392 2629 451 2667 per
472 2618 657 2658 sententias,
681 2629 799 2652 censu1
800 2630 834 2652 as
854 2630 891 2651 ae
919 2619 1014 2652 etiam
1036 2645 1038 2650 .
1060 2628 1143 2654 mam
1155 2629 1301 2660 mizmqm,
1319 2626 1393 2659 uibs,
1410 2627 1434 2653 in
1452 2635 1504 2662 qua
1517 2626 1586 2653 Otho
1602 2634 1658 2652 eius
1674 2625 1814 2660 episcopus

264 2662 478 2708 pecuniarias
502 2668 532 2695 et
557 2663 594 2696 de
626 2645 744 2707 quibus
771 2664 816 2696 eis
835 2663 1013 2702 w'debitur,
1036 2661 1039 2695 l
1058 2672 1182 2700 Studium
1201 2673 1250 2698 iam
1268 2680 1336 2699 anuo
1356 2679 1462 2699 unxtix
1479 2670 1636 2698 sundaxeiai
1655 2670 1692 2702 (n
1708 2669 1758 2701 τ..)

1837 270 1879 293 xa.
1902 265 2011 292 ‹21552

1855 2489 1986 2512 procamium.
