2227 3001
112 263 208 299 Ammo.
231 265 297 292 1555

101 905 222 933 Principum
233 906 288 928 ehi-i-

103 941 130 958 ει.
146 937 288 959 eonfoedera-

102 969 173 990 tiones
188 972 209 990 et
218 969 287 996 obliga

100 1001 172 1021 tiones
200 1003 287 1021 contra-

101 1033 147 1051 ctas
165 1036 213 1051 cum
227 1030 287 1052 flen-

102 1062 149 1083 rico
173 1062 242 1083 nullas
265 1066 285 1084 et

98 1092 202 1114 invalidas
214 1094 286 1114 deela-

103 1127 143 1147 ran

954 261 1070 284 rn'Ltfis
1094 261 1127 283 ΙΙΙ
1153 261 1198 284 ΓΡ.

309 315 476 356 indirecte,
504 318 632 347 teneant
648 313 692 346 rel
708 317 883 356 receptent:
906 318 959 345 aut
978 312 1062 345 dicto

310 367 447 401 Henrico
468 367 534 410 regi
558 378 612 400 seu
634 366 720 399 illius
740 365 971 409 complicilms,
995 366 1063 398 sau-

308 421 431 454 toribus
444 447 451 459 ,
481 419 747 459 adbaerentilnts,
771 419 1012 452 consultoribus
1032 424 1058 451 et

307 474 497 517 sequacibus
511 473 681 517 praedietis
697 473 884 511 csnisilimn,
904 473 1058 506 auxilium

305 529 351 560 vel
368 529 507 560 l'avorem
525 527 764 570 quonnjnlolibet
786 539 820 558 ex
837 527 947 569 quavis
964 538 1059 559 causa

304 581 474 624 velquovis
484 580 626 624 quaesito
644 581 750 613 colore
769 580 831 612 sire
844 579 983 620 incenio,
1002 593 1059 624 pu—

303 634 386 667 blice
405 635 452 667 vel
469 635 607 674 occulte,
626 634 745 667 directe
767 635 812 667 rel
829 634 994 674 indirecte,
1015 640 1058 666 ta-

303 687 364 721 cite
373 688 421 721 vel
433 699 592 732 expresse,
603 699 660 732 per
676 700 707 721 se
719 688 765 721 vel
777 688 874 721 alium
892 699 947 720 seu
964 688 1054 728 alios,

303 742 334 774 in
350 741 524 785 praemissis
533 742 581 775 vel
593 743 701 786 aliquo
720 742 960 786 praemissorum
973 753 1055 785 prax-

303 800 385 827 stent
402 806 459 828 seu
482 795 639 839 praestari
660 795 778 828 saciant
798 794 1051 838 quomodolibet.

346 848 360 891 g
381 848 432 882 ¹15.
457 849 641 886 Praeterea,
664 848 702 880 ad
736 848 857 880 dietum
879 848 1051 880 llenricuni

302 912 411 944 regem
432 901 556 935 facilius
576 902 614 934 ad
636 901 820 939 sanitatem,
843 907 869 933 et
893 902 1053 944 praefatae

302 954 393 987 Sedis
422 954 637 987 obedientiam
669 955 908 994 reducendum,
941 965 1053 987 omnes

301 1013 331 1040 et
361 1007 504 1051 singulos
534 1007 725 1040 christianos
760 1007 940 1051 principes,
971 1019 1051 1050 qua—

301 1067 454 1100 cumque,
466 1057 561 1090 etiam
571 1056 729 1099 imperiali
738 1062 768 1089 et
778 1056 888 1099 regali,
900 1056 1051 1097 dieuitate

301 1105 478 1148 fulgentes,
507 1117 564 1149 per
588 1106 708 1138 viscera
737 1105 975 1138 misericordizw
997 1106 1049 1139 Dei

299 1155 399 1187 nostri
419 1155 530 1197 (cuius
549 1165 645 1187 eausa
666 1154 787 1196 agitur)
815 1155 984 1186 hortamur
1020 1160 1049 1187 et

299 1202 330 1235 in
350 1204 487 1237 Domino
507 1203 723 1246 requirimus,
755 1203 800 1236 eis
825 1203 1046 1244 nihilomiuus,

297 1252 352 1295 qui
372 1252 567 1297 imperatore
588 1259 618 1285 et
637 1263 712 1295 rege
733 1252 901 1286 inferiores
916 1253 1046 1293 suerint,
1068 1254 1070 1264 ¹

296 1312 389 1345 quos,
419 1308 551 1346 propter
576 1303 796 1335 excellentiam
830 1303 1003 1343 dignitatis,
1031 1307 1069 1337 a'

297 1351 441 1384 censuris
464 1351 652 1396 excipimus,
666 1351 724 1384 sub
745 1351 1049 1385 exconnnunieatio-

295 1399 346 1432 nis
360 1411 465 1444 poena
481 1401 668 1434 mandantes
678 1411 717 1433 ne
728 1401 866 1433 llenrico
880 1401 946 1443 regi
966 1402 1048 1434 eius-

295 1459 358 1491 que
379 1449 603 1493 complicibus,
626 1449 821 1489 fautoribus,
845 1450 1048 1483 atllnterenti-

294 1496 366 1538 bus,
389 1498 629 1531 consultoribus
650 1503 680 1531 et.
706 1499 900 1542 sequacibus
920 1500 967 1531 vel
993 1511 1047 1533 eo-

294 1556 367 1579 rum
392 1546 501 1587 alicui,
525 1558 583 1590 per
610 1558 641 1579 se
664 1547 711 1579 rel
738 1547 836 1579 alium
864 1558 918 1579 seu
948 1547 1045 1588 alios,

294 1595 422 1639 publice
442 1597 490 1629 vel
510 1597 648 1636 occulte,
672 1595 793 1628 directe
813 1597 860 1628 vel
878 1597 1045 1637 indirecte,

295 1645 387 1678 tacite
407 1646 455 1678 vel
481 1656 648 1688 expresse,
676 1645 770 1677 etiam
796 1645 855 1677 sub
883 1651 1048 1689 praetextu

294 1695 616 1727 confoederationum
637 1700 691 1727 aut
712 1694 945 1735 obligationum
970 1703 1048 1738 qua-

294 1743 631 1787 rumcumque,etiam
655 1743 837 1784 iuramento
860 1749 915 1776 aut
938 1745 1048 1787 quatis

293 1791 355 1825 alia
379 1792 529 1826 firmitate
550 1792 774 1825 roboratarum
796 1798 825 1825 ct
846 1793 976 1836 saepius
996 1804 1048 1835 ge-

294 1840 501 1882 minatarum,
523 1853 541 1874 a
557 1841 675 1884 quibus
690 1841 823 1885 quidem
843 1841 1047 1884 obligationi—

294 1890 353 1923 bus
383 1897 413 1923 et
448 1890 636 1924 iuramentis
671 1890 821 1923 omnibus
850 1902 908 1923 nos
936 1902 989 1924 eos
1019 1897 1049 1925 et.

293 1950 405 1972 eorum
417 1939 571 1983 sin-gulos,
589 1939 709 1973 eisdem
725 1939 913 1972 auctoritate
930 1945 957 1972 et
975 1952 1047 1973 sen-

262 2005 263 2008 =
294 1988 391 2021 tentia
402 1988 413 2011 ¹
426 2000 462 2022 ac
474 1988 638 2032 potestatis
650 1987 863 2031 plenitudine,
877 1999 934 2032 per
954 2000 1046 2032 prae-

294 2042 398 2071 sentes
409 2039 615 2079 absolvimus,
629 2038 777 2081 ipsasque
795 2038 1049 2072 confoederatio-

294 2097 350 2119 nes
366 2092 396 2119 et
406 2087 627 2130 obligationes,
642 2093 705 2119 tam
723 2087 819 2119 factas
835 2097 931 2129 quam
950 2087 980 2119 in
995 2099 1049 2131 po-

294 2141 414 2168 sterum
432 2136 603 2175 saciendas,
616 2146 695 2179 quas
712 2140 818 2167 tamen
830 2136 874 2177 (in
890 2142 1047 2178 (mantum

296 2185 512 2219 llenritusrex
521 2192 551 2218 et
566 2184 751 2229 complices,
765 2185 917 2224 fautores,
930 2185 1047 2218 adhae-

297 2239 417 2275 rentes,
439 2235 639 2267 consultores
670 2239 701 2266 et
726 2244 879 2277 sequaces
903 2234 1047 2276 praulicti

296 2281 380 2314 circa
418 2283 591 2326 praemissa
624 2283 671 2315 vel
708 2293 820 2315 eorum
853 2283 982 2325 aliquod
1016 2294 1047 2316 se

295 2336 414 2364 directe
434 2332 482 2364 vel
505 2332 660 2365 indirecte
680 2332 787 2365 iuvare
808 2336 965 2375 possent),
989 2333 1048 2365 suh

297 2379 408 2413 eadem
436 2391 551 2424 poena,
582 2381 650 2414 sieri
672 2381 894 2424 prohibemus,
926 2382 1049 2414 nullius

298 2429 423 2463 roboris
448 2431 495 2463 vel
522 2430 687 2470 momenti,
717 2431 898 2473 nullasque,
929 2430 1045 2471 irritas,

298 2491 414 2519 cassas,
437 2480 565 2521 inanes,
587 2491 624 2514 ac
650 2491 708 2524 pro
736 2480 861 2513 inseetis
885 2481 1048 2514 habendas

299 2531 366 2563 sore
393 2529 597 2562 decernimus
626 2535 656 2562 et
691 2530 913 2569 declaramus,
941 2529 1047 2562 consi-

335 2599 344 2623 ¹
368 2596 544 2624 Cherubinius
572 2600 597 2623 et
626 2595 656 2623 P.
684 2596 831 2623 Matthaeus
858 2599 964 2623 scientia
991 2596 1048 2623 loco

296 2645 427 2669 sententia
442 2641 540 2676 legunt.
562 2640 599 2675 (n.
622 2641 670 2676 τ.).

376 2686 453 2719 Bult.
477 2685 554 2718 Rom.
574 2685 628 2715 Vol.
651 2685 692 2716 VJ.
891 2684 929 2716 26

1746 251 1803 285 ⁶201

1106 312 1183 345 lium
1196 339 1203 353 ,
1222 312 1375 345 auxilium
1394 313 1440 345 vel
1457 313 1596 345 savorem
1613 313 1853 355 quomodolibet

1106 371 1282 408 praestent:
1295 365 1487 410 quinimmo,
1501 365 1591 409 siqui
1604 366 1665 398 illis
1676 372 1728 398 aut
1741 377 1851 398 eorum

1104 418 1200 451 alicui
1219 420 1257 451 ad
1271 430 1419 463 praesens
1431 419 1671 462 qnommlolibet
1689 419 1850 452 assistant.

1103 472 1140 504 ab
1157 472 1232 514 ipsis
1252 473 1384 504 omnino
1406 477 1435 504 et
1457 483 1530 504 cum
1553 473 1669 504 etl'cctu
1690 473 1850 505 recedant.

1102 525 1190 564 Quod
1207 525 1230 557 si
1248 536 1310 557 non
1324 526 1467 565 fecerint,
1486 530 1655 567 postquam
1669 531 1851 567 praesentes

1104 578 1282 620 publicatae
1299 584 1325 610 et
1349 578 1528 610 executioni
1550 578 1759 610 demandatae
1779 579 1848 610 suc-

1102 631 1174 666 rint,
1195 637 1220 663 ct
1245 632 1318 663 dicti
1341 630 1467 663 termini
1489 630 1567 674 lapsi
1589 631 1718 667 suerint,
1737 641 1849 664 omnes

1100 689 1129 716 et
1150 683 1290 726 singulas
1318 683 1473 721 civitates,
1503 689 1614 721 terras,
1637 684 1774 727 oppida,
1797 695 1849 716 ca-

1098 742 1174 775 stra,
1197 736 1286 768 viltas
1308 742 1337 769 et
1358 737 1418 769 alia
1437 737 1507 769 loca
1524 737 1568 769 cis
1589 737 1734 769 subiecta
1754 737 1849 770 simili

1098 789 1314 822 ecclesiastico
1340 790 1508 823 interdicto
1533 790 1767 834 supponimus3
1794 802 1848 823 vo-

1098 843 1197 875 lentes
1210 842 1313 886 ipsum
1333 843 1551 883 interdictui‘u,
1570 844 1672 877 donec
1685 843 1743 888 ipsi
1762 844 1848 888 priu-

1096 897 1212 940 cipesa
1229 897 1374 936 consilio,
1393 897 1510 930 auxilio
1532 903 1561 930 et
1585 897 1690 930 favore
1707 898 1845 931 ilenrico

1095 950 1160 993 regi
1191 956 1217 982 et
1246 950 1478 993 complicibus,
1509 951 1699 990 fautoribus,
1728 951 1845 984 adhae-

1094 1003 1249 1043 rentibus,
1262 1003 1501 1036 consultoribus
1511 1009 1538 1036 et
1552 1004 1745 1047 sequacibus
1756 1016 1845 1048 prae—

1094 1056 1184 1089 dietis
1206 1058 1376 1099 prestando
1393 1056 1582 1097 destiterint,
1606 1058 1793 1100 perdurare.

1136 1111 1150 1153 ξ
1171 1110 1222 1143 te.
1242 1111 1388 1153 Insuper,
1413 1116 1474 1142 tam
1490 1110 1652 1154 principes
1664 1111 1844 1153 praedictos

1092 1174 1188 1206 quam
1217 1174 1440 1206 quoscumque
1467 1164 1568 1203 alios,
1599 1163 1693 1196 etiam
1721 1165 1759 1197 ad
1788 1164 1842 1197 sti-

1092 1216 1206 1258 pendia
1218 1227 1501 1259 quorumcumque
1518 1215 1774 1250 christifidelium
1786 1218 1844 1250 mi-

1092 1269 1238 1309 litantes,
1262 1275 1292 1302 et
1308 1270 1386 1303 alias
1416 1281 1639 1314 quascumque
1667 1282 1840 1314 personas,

1091 1330 1152 1356 tam
1175 1335 1232 1367 per
1252 1335 1339 1357 mare
1364 1335 1460 1368 quam
1492 1335 1550 1367 per
1576 1329 1677 1357 terras
1707 1325 1843 1368 armige-

1090 1388 1142 1410 ros
1180 1378 1334 1410 habentes
1348 1405 1355 1418 ,
1378 1378 1525 1411 similiter
1551 1379 1721 1411 hortamur
1741 1384 1772 1411 et
1792 1390 1845 1412 re-

1090 1430 1261 1473 quirimus,
1283 1436 1312 1464 et
1345 1431 1555 1464 nihilominus
1590 1431 1635 1464 eis
1663 1432 1693 1464 in
1728 1432 1843 1465 virtute

1090 1490 1217 1517 sanctae
1244 1485 1444 1517 obedientiae
1470 1486 1658 1527 mandantes
1685 1492 1844 1528 quatenus

1090 1544 1202 1571 eontra
1226 1539 1402 1571 Henrieum
1423 1549 1545 1581 regem,
1569 1539 1757 1583 complices,
1776 1541 1843 1573 sau-

1090 1592 1423 1632 tores,adhaerentes,
1437 1594 1639 1626 consultores
1649 1598 1676 1626 et
1689 1604 1842 1636 sequaces

1090 1645 1287 1690 praedictos,
1319 1647 1395 1678 dum
1422 1646 1452 1678 in
1477 1647 1642 1679 erroribus
1671 1647 1842 1690 praedictis

1089 1711 1126 1732 ac
1141 1700 1292 1732 adversus
1314 1700 1427 1732 Sedem
1446 1700 1640 1743 praedictam
1666 1701 1841 1734 rebellione

1090 1752 1337 1796 permanserint,
1356 1752 1454 1785 armis
1470 1753 1649 1796 insurgant,
1663 1765 1782 1797 eosque
1811 1760 1841 1787 et

1090 1817 1202 1839 eorum
1233 1807 1376 1849 singulos
1392 1813 1640 1850 persequantur,
1659 1819 1696 1840 ac
1712 1809 1749 1840 ad
1767 1808 1840 1840 uni-

1090 1865 1184 1893 tatem
1204 1860 1363 1900 Ecclesiae
1373 1860 1626 1893 etobedicntiam
1639 1861 1740 1893 dictae
1753 1861 1842 1894 Sedis

1090 1913 1194 1946 redire
1216 1918 1330 1956 cogant
1350 1918 1380 1946 et
1395 1914 1609 1956 compellant:
1628 1918 1656 1946 et
1683 1919 1745 1946 tam
1767 1925 1838 1953 eos,

1090 1977 1186 2010 quam
1212 1966 1357 2010 ipsorum
1389 1966 1531 1999 subditos
1557 1973 1587 1999 et
1613 1967 1782 2005 vassallos,
1805 1979 1841 2000 ac

1090 2019 1269 2059 civitatum,
1292 2025 1465 2060 terrarum,
1494 2026 1686 2059 castrorum,
1705 2021 1840 2064 oppido-

1090 2085 1175 2115 rum,
1191 2073 1339 2106 villarum
1356 2079 1382 2106 et
1402 2074 1548 2106 locorum
1565 2084 1699 2107 suorum
1720 2073 1842 2108 incolas

1090 2133 1120 2160 et
1140 2126 1345 2167 habitatores,
1364 2126 1506 2170 aliasque
1527 2138 1639 2160 omnes
1655 2132 1685 2160 et
1701 2127 1842 2171 singulas

1090 2191 1264 2224 personas,
1299 2180 1490 2224 supradictis
1520 2181 1676 2213 mandatis
1702 2181 1839 2221 nostris,

1091 2239 1124 2266 ut
1140 2235 1331 2277 praefertur,
1350 2244 1414 2266 non
1430 2234 1701 2277 obtemperantes,
1715 2240 1743 2267 et
1760 2246 1842 2278 quae

1090 2288 1270 2331 praefatum
1298 2287 1474 2320 Ilenricum
1509 2298 1636 2329 regem,
1673 2294 1840 2331 postquam

1090 2352 1243 2374 censuras
1263 2346 1294 2373 et
1312 2352 1432 2385 poenas
1448 2340 1628 2384 praedictas
1649 2341 1837 2381 incurrerit,

1092 2390 1124 2422 in
1134 2390 1301 2422 dominum
1314 2390 1569 2433 quomodolibet,
1587 2390 1681 2423 etiam
1694 2391 1732 2423 de
1744 2391 1838 2428 sacto,

1090 2439 1345 2482 recognoverint,
1362 2439 1411 2472 vel
1427 2439 1455 2472 ei
1476 2438 1588 2481 quovis
1604 2439 1699 2472 modo
1716 2439 1839 2472 obtem-

1090 2499 1204 2531 perare
1228 2487 1523 2532 praesumpserint,
1545 2493 1600 2520 aut
1629 2488 1683 2530 qui
1709 2498 1782 2521 eum
1803 2498 1840 2520 ac.

1090 2537 1277 2581 complices,
1296 2538 1448 2576 fautores,
1468 2537 1690 2575 adhaerentes,
1708 2537 1839 2570 consul-

1090 2591 1186 2626 tores,
1209 2597 1418 2632 sequaces'ac
1437 2586 1518 2619 alios
1531 2597 1595 2618 non
1617 2586 1840 2629 obtemperan-

1065 2642 1072 2676 t
1091 2641 1136 2669 tes
1153 2636 1333 2680 praedictos
1355 2647 1393 2669 ex
1413 2646 1511 2678 regno
1528 2641 1558 2669 et
1577 2635 1727 2668 dominiis
1748 2646 1839 2679 prae-

1869 263 1917 286 ΛΗ.
1937 260 1955 284 C
1987 260 2053 287 ¹553

1872 1127 2006 1157 Principibus
2022 1134 2043 1151 et

1858 1159 1905 1179 abts
1922 1162 2003 1180 mandat
2021 1164 2043 1180 nt

1858 1194 1931 1210 contra
1966 1191 2043 1211 ilenri-

1858 1227 1902 1241 (Ἱππ
1919 1225 1938 1240 e·
1957 1223 2040 1247 numpti-

1858 1258 1894 1271 res
1918 1259 1972 1272 arnis
2005 1259 2042 1273 ea-

1858 1284 1923 1309 [saith
