2227 3001
162 252 211 281 An.
229 251 257 281 C.
279 250 345 281 15110

161 1477 230 1499 Caroli
247 1476 264 1497 V
285 1484 348 1503 super

163 1509 203 1529 hoc
228 1509 334 1529 instantia.

191 1906 314 1927 concesno.

1014 249 1131 273 PAULisss
1150 249 1184 272 111
1205 249 1252 272 ΡΡ.

359 304 477 348 perint,
500 303 597 336 etiam
614 301 751 344 coniuge
767 302 950 346 superstite,
975 302 1007 334 in
1028 301 1114 334 illius

359 358 472 391 fratres
487 363 518 390 et
527 357 654 398 milites,
663 356 751 389 iuxta
767 356 933 400 privilegia
944 355 989 388 ilii
1002 355 1112 389 adieta
1134 374 1135 380 1

360 412 440 445 Sede
460 422 624 451 concessa,
647 421 730 454 quae
750 410 782 443 in
801 410 893 443 viridi
914 410 1113 443 observantia

360 465 491 497 suerunt
511 469 541 497 et
561 463 710 503 existunt,
729 463 934 507 recipiuntur
949 469 979 496 et
999 463 1113 496 admit-

360 522 485 557 tuntur,
508 517 699 550 contrahere
720 522 860 560 possent,
885 517 1028 559 profecto
1046 517 1114 560 plu-

360 580 424 610 res,
447 570 542 602 etiarn
555 569 663 613 magni
678 569 804 602 nobiles
824 569 984 602 dictorum
1002 580 1115 612 regno·
1135 574 1137 591 ⁴=

361 633 446 663 rum,
460 623 491 656 in
512 623 630 666 quibus
647 622 791 666 ipsarum
803 624 841 656 de
854 623 1017 656 Calatrava
1033 628 1063 655 et
1078 623 1115 655 de
1136 638 1138 652 1

359 676 528 709 Alcantara
551 675 739 709 militiarum
760 676 1001 720 praeceptoriae
1020 680 1115 718 atque

359 730 429 762 loca
450 740 508 772 pro
534 729 648 762 maiori
669 734 759 773 parte
784 728 974 768 consistunt,
1002 729 1041 760 ad
1066 728 1115 760 in-

358 782 570 825 grediendum
605 783 733 816 easdem
759 783 796 815 de
827 783 989 816 Calatrava
1021 787 1051 814 et
1079 782 1116 813 de

358 836 527 869 Aloantara
548 836 678 869 militias
705 842 735 868 et
763 836 987 879 exponendum
1015 846 1047 867 se
1080 846 1115 867 ar

359 899 473 922 eorum
493 889 660 922 facultates
684 900 742 932 pro
764 888 977 921 debellatione
1003 887 1117 920 inlide-

360 941 440 975 lium
474 942 640 975 christiani
664 942 804 975 nominis
836 940 1043 973 inimieorum
1071 941 1116 972 sa-

361 995 455 1028 cilius
475 995 700 1035 invitarentur,
712 1006 749 1028 ae
766 994 885 1027 eisdem
902 994 941 1026 de
957 993 1118 1026 Calatrava

361 1053 391 1080 et
411 1048 449 1081 de
469 1049 640 1081 Alcantara
661 1047 796 1087 militiis,
819 1047 913 1080 etiam
935 1047 975 1079 ad
1000 1047 1118 1079 exalta-

361 1101 482 1134 tionem
512 1101 706 1134 christianae
735 1100 911 1143 religionis,
940 1099 1117 1143 plurimum

361 1154 564 1194 incrementi,
588 1153 734 1186 utilitatis
749 1158 779 1186 et
795 1152 970 1192 commodi,
994 1162 1119 1184 necnon

361 1208 552 1241 eorumdem
578 1211 830 1251 praeceptorum
858 1211 889 1238 et
914 1204 1053 1238 militum
1084 1216 1119 1237 ae

361 1262 509 1300 fratrum,
533 1260 588 1303 qui
608 1259 734 1292 facilius
756 1258 942 1302 pudicitiam
965 1259 1119 1300 coniuga-

360 1314 437 1353 lem,
461 1324 557 1357 quam
580 1318 773 1357 perpetuam
795 1311 1027 1345 continentiam
1053 1322 1119 1343 ser-

361 1371 483 1406 varent,
507 1366 592 1399 salus
609 1365 792 1398 animarum
814 1364 1006 1407 proveniret.

406 1420 465 1463 §2
484 1419 586 1458 Quare
597 1418 759 1463 praefatus
774 1417 918 1455 Carolus,
936 1417 1120 1460 imperator,

364 1484 419 1506 rex
439 1479 470 1506 et
489 1473 744 1510 administrator,
767 1471 860 1504 nobis
879 1481 986 1513 nuper
1005 1469 1120 1513 exponi

364 1526 438 1560 fecit
458 1533 504 1567 ut,
528 1538 586 1570 pro
606 1526 767 1559 dictarum
788 1525 825 1557 de
851 1524 1013 1557 Calatrara
1034 1529 1064 1556 et
1084 1524 1121 1556 de

363 1581 534 1614 Alcantara
555 1580 743 1613 militiarum
769 1577 1022 1617 conservatione,
1051 1588 1122 1620 pro-

363 1645 458 1678 spero
488 1639 571 1667 statu
596 1639 627 1667 et
653 1633 845 1672 directione,
872 1643 908 1664 ac
930 1631 1121 1664 christianae
1142 1646 1143 1652 1

364 1688 529 1731 religionis
548 1693 735 1731 augmento,
754 1697 852 1730 super
867 1686 917 1717 his
937 1690 1121 1728 opportune

364 1742 532 1785 providere
553 1742 590 1774 de
608 1741 801 1784 benignitate
818 1739 993 1783 apostoliea
1009 1738 1117 1781 digna-

364 1805 486 1827 remur.

407 1848 422 1890 ξ,
442 1847 472 1881 3.
496 1848 558 1881 Nos
579 1846 688 1890 igitur,
711 1846 767 1889 qui
788 1845 977 1879 earumdem
1004 1845 1041 1877 de
1067 1845 1121 1877 Ca-

365 1902 482 1934 latrava
507 1907 536 1934 et
566 1902 603 1934 de
628 1902 798 1933 Aleantara
820 1899 1011 1932 militiarum
1037 1904 1065 1931 et
1088 1898 1121 1929 il-

364 1955 468 1987 larum
486 1965 698 1998 personarum
716 1953 879 1986 salubrem
899 1954 1080 1995 profectum
1093 1957 1118 1983 et

364 2007 490 2040 felicem
507 2018 693 2040 successum
711 2005 846 2040 sinceris
866 2011 1056 2048 exoptamus
1076 2004 1120 2037 af-

364 2060 511 2101 fectibus,
541 2060 728 2093 huiusmodi
759 2058 1051 2102 supplicationibus
1077 2058 1121 2090 in-

365 2113 487 2153 clinati,
499 2113 689 2146 auctoritate
706 2112 896 2156 apostoliea,
910 2117 1019 2144 tenore
1032 2122 1122 2154 prav-

364 2167 515 2207 sentium,
531 2172 687 2210 perpetuo
703 2165 873 2198 statuimus
889 2169 919 2197 et
934 2164 1122 2197 ordinamus

364 2220 450 2264 quod
485 2231 597 2253 omnes
622 2226 652 2252 et
672 2219 789 2262 singuli
818 2219 870 2251 alii
898 2218 1121 2251 christifideles

365 2279 549 2317 praesentes
568 2279 599 2306 et
618 2273 730 2313 futuri,
749 2283 830 2316 quos
851 2273 889 2305 de
914 2277 1021 2304 vetero
1047 2282 1121 2314 per-

365 2327 469 2371 petuis
489 2327 605 2360 futuris
629 2326 831 2370 temporibus
851 2326 889 2358 de
910 2325 1072 2358 Calatrava
1092 2330 1122 2357 et

365 2382 403 2415 de
424 2382 593 2414 Alcantara
614 2381 742 2413 militias
763 2379 950 2413 huiusmodi
967 2379 1120 2412 eanoniee

365 2434 488 2477 ingredi
509 2434 689 2478 eontigerit,
704 2434 799 2467 etiam
817 2434 946 2466 illarum
963 2432 1118 2475 magistri,

368 2484 399 2516 in
414 2484 555 2526 regulari
575 2495 634 2527 per
649 2495 714 2523 eos,
729 2484 815 2516 iuxta
830 2483 961 2516 illorum
978 2481 1120 2514 instituta

367 2538 397 2565 et
428 2532 641 2565 stabilimenta
668 2531 829 2574 praedicta
848 2557 855 2571 ,
883 2541 941 2574 pro
976 2536 1120 2574 tempore

367 2580 541 2614 emittenda
557 2580 764 2624 professione,
775 2580 812 2612 ad
822 2579 1033 2612 emittendum
1050 2590 1121 2622 pro—

367 2628 537 2664 fessionem
559 2628 620 2662 reti
637 2634 810 2674 perpetuae
828 2627 978 2662 eastitatis
993 2633 1023 2661 et
1043 2638 1120 2662 con-
1138 2657 1144 2674 ¹

1803 233 1866 268 299

1155 300 1308 334 tinentiae
1335 298 1522 332 huiusmodi
1556 297 1689 330 minime
1723 302 1910 336 teneantur,

1156 366 1215 388 nee
1235 355 1274 387 ad
1305 354 1336 387 id
1364 353 1451 386 inviti
1472 362 1604 396 quoquo
1631 351 1726 384 modo
1755 351 1912 383 coarctari

1156 408 1300 452 possint,
1323 407 1389 447 sed,
1412 406 1711 445 illiusloco,votum
1734 405 1913 448 coniugalis

1157 462 1321 502 eastitatis,
1334 461 1419 493 iuxta
1430 460 1575 493 instituta
1584 465 1615 492 et
1624 459 1840 492 stabilimenta
1853 459 1913 491 mi-

1158 515 1241 547 litiae
1263 514 1370 548 Sancti
1390 513 1497 547 Iacobi
1518 513 1688 556 praefatae,
1706 512 1852 546 emittere
1862 513 1914 546 de-

1157 568 1272 607 beant,
1292 567 1399 607 etiam,
1415 567 1547 610 perinde
1568 577 1604 599 ac
1625 565 1650 598 si
1671 565 1702 598 id
1723 565 1768 598 eis
1787 576 1845 609 per
1865 566 1914 598 in-

1158 621 1267 653 stituta
1288 626 1316 653 et
1338 620 1552 653 stabilimenta
1573 619 1611 652 de
1631 619 1800 651 Alcantara
1821 624 1852 651 et
1876 619 1915 651 de

1157 674 1320 706 Calatrava
1354 673 1544 705 militiarum
1578 672 1765 705 huiusmodi
1804 672 1915 716 prohi-

1158 726 1261 759 bitum
1274 737 1338 758 non
1351 731 1442 762 esset,
1455 724 1699 758 matrimonium
1709 725 1914 763 contrahere,

1158 784 1188 811 et
1209 779 1241 811 in
1258 780 1324 818 illo,
1349 785 1517 822 postquam
1536 784 1737 811 contractum
1754 778 1861 818 fuerit,
1885 778 1918 811 in

1159 832 1250 865 dietis
1271 833 1309 864 de
1329 832 1491 865 Calatrava
1507 837 1537 864 et
1552 831 1590 864 de
1607 832 1777 864 Alcantara
1797 831 1918 864 militiis

1159 895 1345 924 renianere3
1368 890 1398 917 et
1414 884 1439 916 si
1455 883 1554 927 aliqui
1571 883 1692 923 fideles,
1711 884 1806 916 etiam
1823 894 1917 928 prae-

1927 244 1978 270 An.
1996 242 2025 269 C.
2045 240 2110 270 15110

1138 928 1139 952 ³
1159 943 1264 970 sentes
1284 942 1314 970 et
1340 937 1451 977 futuri,
1475 937 1637 980 coniugati
1663 936 1800 977 fuerint,
1822 937 1917 970 etiarn

1160 991 1297 1032 coniuge
1315 991 1496 1033 superstite,
1515 994 1610 1033 prout
1628 989 1744 1022 milites
1760 995 1790 1022 et
1806 990 1919 1022 fratres

1138 1065 1140 1072 .
1160 1042 1292 1075 militiae
1314 1043 1419 1075 Sancti
1445 1042 1550 1075 Iacobi
1571 1042 1758 1074 huiusmodi
1784 1047 1920 1086 possunt

1161 1101 1191 1128 et
1211 1101 1460 1135 consueverunt,
1483 1095 1577 1128 etiam
1599 1095 1623 1128 si
1645 1095 1734 1139 prius
1751 1095 1918 1128 matrimo-

1162 1148 1252 1181 nium
1274 1149 1503 1189 contraxerint,
1526 1154 1579 1181 aut
1601 1149 1696 1182 etiam
1714 1149 1777 1181 iam
1794 1154 1919 1182 contra-

1162 1208 1250 1235 ctum
1272 1202 1323 1242 sit,
1345 1202 1488 1245 aliquam
1509 1213 1545 1234 ex
1567 1202 1687 1235 eisdem
1704 1202 1742 1234 de
1758 1201 1920 1235 Calatrax'a

1162 1262 1193 1288 et
1213 1256 1251 1288 de
1271 1256 1441 1288 Aleantara
1461 1255 1584 1287 militiis·
1604 1255 1728 1297 ingredi
1745 1261 1775 1288 et
1796 1255 1919 1299 profes-

1163 1308 1285 1341 sionem
1296 1308 1358 1341 voti
1371 1308 1549 1351 coniugalis
1561 1308 1723 1348 castitatis,
1738 1308 1825 1348 alias,
1835 1308 1921 1340 iuxta

1163 1373 1277 1395 eorum
1304 1361 1446 1394 instituta
1467 1367 1498 1394 et
1518 1361 1733 1394 stabilimenta
1748 1360 1921 1404 praedicta,

1163 1415 1309 1448 emittere
1334 1415 1513 1455 voluerint,
1541 1415 1638 1447 etiam
1667 1415 1691 1447 si
1720 1425 1756 1447 ex
1785 1414 1922 1456 coniuge

1163 1475 1256 1502 antea
1273 1474 1421 1513 suscepta
1438 1470 1562 1513 prolem
1579 1473 1656 1501 tune
1673 1468 1850 1511 legitimam
1867 1478 1922 1500 su·-

1164 1522 1323 1566 sceperint
1339 1551 1346 1564 ,
1370 1522 1401 1554 in
1423 1523 1536 1554 fratres
1556 1527 1584 1554 et
1606 1521 1724 1553 milites
1748 1521 1922 1557 dictarum,

1164 1577 1202 1609 de
1228 1576 1391 1609 Calatrax‘a
1417 1581 1447 1608 et
1472 1576 1510 1608 de
1535 1576 1706 1608 Aleantara
1734 1575 1922 1607 militiarum

1164 1630 1254 1667 alias,
1278 1630 1364 1662 iuxta
1384 1634 1500 1662 statuta
1529 1634 1559 1661 et
1586 1628 1801 1661 stabilimenta
1835 1627 1920 1660 mili-

1164 1683 1281 1716 tiarum
1302 1681 1503 1722 huiusmodi,
1522 1681 1622 1725 recipi
1644 1687 1671 1713 et
1694 1680 1817 1713 admitti
1838 1681 1923 1713 acin

1164 1736 1209 1769 eis
1230 1736 1383 1769 continuo
1406 1745 1608 1778 permanere.

1208 1793 1222 1833 ς’
1238 1789 1268 1821 4.
1288 1789 1416 1832 Ipsique
1434 1788 1588 1831 magistri,
1603 1792 1842 1830 praeceptores,
1863 1787 1921 1818 mi-
1961 1797 1976 1818 11
1993 1805 2025 1824 qm
2046 1803 2123 1817 mim<

1165 1843 1235 1875 lites
1262 1849 1290 1875 et
1319 1842 1432 1874 fratres
1467 1840 1583 1881 futuri,
1621 1841 1716 1873 etiam
1752 1845 1920 1884 postquam
1938 1829 2126 1882 dlulmmmmffsss

1165 1896 1421 1935 matrimonium,
1458 1896 1545 1927 iuxta
1578 1893 1719 1926 instituta
1755 1899 1786 1926 et
1805 1893 1923 1926 stabili·
1939 1892 2123 1941 ssfff⁵t¹‘'¹'·³⁰⁴¹¹''·¹‘

1165 1954 1272 1981 menta
1298 1948 1431 1980 militiae
1458 1947 1566 1981 Sancti
1598 1947 1704 1979 laeobi
1733 1947 1771 1979 de
1804 1926 1997 1992 Spathagraii}k
2022 1923 2125 1987 dffff‘ss'.

1164 2003 1362 2047 praedictae,
1394 2001 1630 2038 contraxerint,
1662 2005 1697 2032 ut
1721 2002 1920 2042 praefertur,
1937 1989 2123 2040 ‡ss{'‘¹,¹²,'',5,‘‡}}j,[

1164 2056 1315 2089 omnibus
1340 2061 1368 2088 et
1391 2055 1526 2097 singulis
1551 2053 1744 2098 lin‘ix*ilegiis,
1772 2047 2122 2099 innnuni-E[¹5³J11'12‘‡‘¹¹23'‘5l.nw

1164 2110 1301 2150 tatibus,
1324 2109 1595 2152 exemptionibus,
1619 2107 1743 2149 gratiis,
1766 2106 1923 2139 libertati·
1938 2115 1982 2130 ¹¹¹ss¹
2005 2109 2101 2131 fruuntur

1163 2165 1241 2203 bus,
1276 2162 1516 2206 prxaerativis,
1544 2161 1706 2194 lai-oribus
1735 2165 1765 2193 et
1791 2160 1924 2192 indultis

1164 2217 1225 2257 eis,
1258 2223 1432 2259 antequam
1463 2215 1707 2248 nnitrimonium
1736 2213 1923 2246 huiusmodi

1163 2271 1404 2310 contraherent,
1416 2269 1539 2302 ratione
1558 2269 1642 2301 illius
1659 2279 1696 2301 ex
1708 2268 1745 2301 de
1761 2267 1923 2301 Calatrava

1163 2329 1215 2356 aut
1233 2323 1271 2356 de
1288 2324 1457 2356 Alb-antara
1474 2322 1596 2355 militiis
1611 2321 1811 2361 huiusmodi,
1824 2332 1921 2364 quam

1163 2376 1299 2420 professi
1324 2376 1454 2417 fuerint,
1478 2375 1722 2419 quomodolibet
1747 2373 1919 2412 concessis,

1164 2436 1190 2462 et
1214 2430 1333 2474 quibus
1353 2435 1426 2462 ante
1448 2434 1651 2462 contraetum
1676 2428 1920 2461 matrimonium

1163 2479 1365 2523 praedictum
1378 2478 1424 2512 'de
1446 2479 1516 2511 iure
1534 2479 1582 2511 vel
1598 2477 1832 2510 consuetudine
1849 2482 1919 2510 ute-

1162 2528 1291 2568 bantur,
1311 2528 1517 2571 potiehantur
1537 2533 1566 2560 et
1586 2527 1780 2570 gaudebant,
1803 2537 1839 2558 ac
1860 2525 1918 2565 uti,

1164 2577 1259 2619 potiri
1279 2582 1309 2610 et
1329 2577 1469 2619 gaudere
1487 2582 1646 2620 poterant,
1666 2575 1695 2607 in
1718 2574 1868 2607 omnibus
1890 2580 1921 2607 et

1162 2637 1221 2671 per
1245 2626 1373 2669 onmia,
1403 2626 1536 2671 perinde
1564 2637 1598 2660 ac
1626 2625 1650 2658 si
1676 2623 1918 2658 matrimonium

2092 2048 2124 2066 111-
