2227 3001
126 238 175 267 An.
194 239 222 267 C.
243 234 310 267 {5512

980 240 1099 263 PAULUS
1124 240 1156 264 111
1182 240 1228 264 PP-

323 292 454 336 ligiosis,
467 291 616 337 professis
628 295 658 325 et
669 301 733 325 non
744 291 907 336 professis,
920 303 1078 335 quorum-

326 357 466 390 cumque
483 346 639 380 Ordinum
661 351 691 378 et
711 356 917 390 quacumque
935 347 1020 380 licita
1037 348 1080 380 fa-

324 400 442 433 cultate
455 427 462 440 ,
486 404 517 433 et
537 410 610 433 cum
632 399 853 433 saecularibus
877 401 1002 434 clericis
1022 412 1078 434 seu

323 453 528 497 presbyteris,
551 453 606 496 qui
623 453 773 496 graduari
794 453 907 493 velint,
931 454 1026 486 etiam
1047 454 1078 485 in

323 516 529 549 quacumque
550 505 779 546 Universitate,
798 506 893 539 etiam
915 507 1001 550 leges
1021 518 1078 540 au-

322 559 391 591 dire
412 559 522 603 eisque
544 559 691 599 studere,
718 571 755 593 ac
776 560 807 592 in
829 560 904 603 ipsis
929 560 1079 602 graduari

323 622 426 655 usque
446 613 485 645 ad
506 612 692 645 doctoratus
712 613 849 655 gradum
870 613 1023 646 inclusive
1040 614 1080 646 si-

323 664 442 698 militer
452 666 605 699 valerent.
621 666 657 698 Et
673 677 747 699 cum
768 666 888 699 eisdem
908 666 1076 709 religiosis,

322 717 390 761 qui,
413 718 525 752 relicto
546 718 721 762 Religionis
741 719 864 759 habitu,
887 730 946 763 per
966 731 1079 753 saecu-

322 771 390 804 lum
410 777 572 815 vagantes,
595 773 773 817 apostasiae
794 779 902 805 notam
925 784 981 806 seu
998 773 1078 806 irre-

321 825 525 867 gularitatem
541 825 767 865 contraxerint,
785 831 815 858 et
826 826 953 865 deinde,
967 826 1078 869 poeni-

321 877 419 911 tentia
435 878 536 920 ducti,
555 879 593 912 ad
611 890 666 912 cor
682 878 847 919 redierint,
863 880 991 922 quando
1006 879 1078 911 inde.

320 930 535 965 verisimiliter
550 933 738 965 scandalum
751 932 912 975 expectari
924 943 988 965 non
1004 943 1079 976 pos-

320 988 387 1023 set;
419 989 449 1017 et
477 996 551 1017 eum
581 985 649 1026 his,
673 985 728 1029 qui
754 985 792 1017 de
823 984 940 1017 Ordine
961 996 1019 1019 suo
1040 986 1079 1017 ad

319 1037 419 1070 alium
454 1038 606 1071 Ordinem
647 1049 758 1082 parem
796 1039 845 1071 vel
883 1038 1077 1071 strictiorem

319 1091 485 1123 transferri
519 1096 694 1134 cuperent3
731 1101 859 1124 necnon
894 1102 969 1123 cum
1003 1091 1080 1135 ipsis

319 1152 355 1175 ac
385 1143 480 1176 etiam
508 1144 769 1187 quibuscumque
791 1143 1001 1184 monialibus,
1021 1155 1078 1177 cu-

318 1194 415 1229 iusvis
444 1197 606 1240 qualitatis
626 1202 657 1229 et
676 1196 803 1230 Ordinis
824 1197 1007 1237 existerent,
1031 1203 1075 1238 ut,

317 1249 357 1281 dc
377 1250 584 1293 superiorum
606 1261 741 1283 suorum
759 1250 889 1283 licentia
910 1255 940 1283 et
957 1261 993 1283 ea
1016 1250 1077 1283 du-

317 1307 418 1342 rante,
431 1303 625 1337 monasteria
646 1304 732 1337 exire
753 1309 784 1337 et
799 1314 873 1336 cum
890 1304 1079 1347 parentibus

317 1359 348 1388 et
368 1355 437 1389 aliis
457 1357 683 1390 ecclesiasticis
708 1358 856 1400 personis
882 1368 938 1390 seu
965 1368 1078 1390 saecu-

317 1408 438 1442 laribus
458 1410 653 1449 conversari3
691 1415 721 1443 et
755 1411 937 1455 corporalia
962 1415 992 1443 et
1018 1410 1078 1443 alia

317 1463 471 1496 ecclesiae
491 1469 692 1504 ornamenta,
711 1464 888 1497 dummodo
910 1475 968 1507 per
988 1475 1078 1507 pres-

318 1515 465 1559 byterum
482 1517 600 1559 primo,
617 1518 665 1549 vel
682 1528 740 1561 per
755 1528 807 1549 eas
829 1528 902 1549 cum
916 1516 1077 1549 chii'othe-

319 1569 364 1601 cis
384 1569 606 1609 abluerentur,
634 1570 766 1603 abluere
788 1575 818 1602 et
838 1570 1006 1609 mundare,
1030 1575 1078 1602 to-

320 1621 378 1655 ties
397 1623 524 1666 quoties
545 1633 626 1666 opus
646 1624 740 1663 foret,
754 1622 916 1656 licentiam
934 1627 961 1655 ct
979 1623 1077 1655 facul-

319 1680 416 1709 tatem
437 1677 628 1710 concedere.
652 1677 808 1719 Quodque
833 1687 908 1715 eos,
931 1676 985 1719 qui
1008 1687 1077 1709 mo-

321 1729 433 1770 niales,
448 1730 543 1763 etiam
564 1731 692 1768 velatas,
712 1735 918 1769 commatres,
936 1740 1075 1769 sorores,

321 1784 577 1827 consanguineas
611 1784 801 1824 carnaliter,
838 1783 1013 1816 damnabili
1049 1788 1076 1816 et

321 1836 504 1870 incestuoso
536 1838 621 1871 coitu
648 1837 881 1881 cognovissent,
905 1842 961 1869 aut
989 1836 1076 1868 aliud

319 1890 551 1935 quodcumque
573 1891 701 1924 carnale
726 1890 865 1930 crimen,
889 1889 1077 1923 cuiuscum-

319 1953 382 1985 que
420 1943 582 1986 qualitatis
616 1943 782 1984 existeret,
820 1942 1074 1981 commisissent,

319 1995 496 2036 absolverc;
518 2007 555 2030 ac
572 2007 638 2037 eos,
656 1996 710 2040 qui
729 1996 760 2028 in
777 2001 905 2039 quarto,
918 1996 966 2028 vel
983 1995 1076 2028 tertio

320 2053 350 2080 et
382 2054 497 2092 quarto
512 2076 519 2090 ‚
547 2049 571 2082 si
605 2054 713 2082 tamen
748 2049 786 2082 ab
822 2049 936 2082 eodem
972 2048 1076 2092 stipite

319 2102 510 2145 penderent,
529 2108 557 2136 et
579 2114 643 2136 non
662 2103 750 2143 alias,
764 2103 924 2135 affinitatis
939 2103 987 2135 vel
1003 2113 1077 2135 con-

319 2155 540 2198 sanguinitatis
559 2156 712 2200 gradibus
733 2156 868 2189 invicem
889 2155 1073 2196 coniuncti,

319 2220 356 2242 ac
376 2220 584 2254 quocumque
601 2205 832 2254 impedimento
855 2209 1004 2253 publicae
1020 2210 1076 2242 ho-

320 2262 450 2295 nestatis
471 2262 620 2305 iustitiae,
639 2269 867 2308 praeterquam
888 2263 972 2295 inter
991 2264 1075 2296 leva-

319 2322 388 2349 tum
410 2322 440 2349 et
455 2317 628 2358 levantem,
652 2317 747 2350 etiam
769 2317 959 2360 cognatione
981 2316 1075 2360 spiri-

321 2369 399 2402 tuali
419 2370 550 2411 detenti,
569 2376 599 2403 et
615 2371 709 2405 etiam
727 2372 848 2404 carnali
869 2371 987 2414 copula
1003 2370 1076 2402 sub-

321 2428 430 2456 secuta
451 2424 692 2462 contraxissent.
716 2436 752 2458 ac
773 2425 868 2457 etiam
889 2423 944 2467 qui
965 2423 1076 2455 huius-

320 2471 408 2505 modi
429 2472 653 2513 matrimoniis,
676 2473 771 2506 etiam
793 2472 1012 2511 clandestinis,
1031 2471 1077 2503 in-

321 2521 545 2562 tervenissent,
575 2532 630 2554 seu
659 2527 844 2565 praesentes
877 2526 907 2553 ct
941 2530 1076 2553 consen-

320 2569 434 2603 tientes
454 2570 606 2611 fuissent,
630 2582 647 2603 a
668 2571 812 2604 censuris
833 2576 1005 2615 propterea
1026 2569 1076 2601 in-

1123 292 1295 326 contractis
1315 290 1528 325 matrimoniis
1549 302 1730 331 remanere,
1753 298 1783 325 et
1805 304 1879 326 cum

1121 347 1186 386 his,
1209 347 1263 390 qui
1285 346 1316 379 in
1338 345 1464 378 casibus
1491 344 1663 388 praedictis
1689 346 1878 379 contrahere

1100 409 1101 419 ¹
1121 400 1314 440 voluissent,
1339 404 1373 432 ut
1394 397 1636 431 matrimonium
1670 398 1709 430 ad
1743 398 1879 431 invicem

1122 453 1314 487 contrahere
1336 457 1482 496 possent,
1510 450 1694 494 dispensare
1725 452 1876 484 valerent.

1121 507 1337 539 Decernentes
1368 504 1543 548 praemissa
1563 504 1681 543 omnia,
1708 515 1766 547 per
1786 515 1879 537 eum-

1122 560 1194 591 dem
1217 557 1475 591 commissarium
1496 557 1539 590 sic
1560 557 1717 597 facienda,
1741 557 1772 590 in
1790 563 1880 590 utro-

1121 623 1183 655 que
1205 613 1274 644 foro
1295 611 1400 643 valere
1415 637 1422 650 ,
1444 610 1608 654 quibusvis
1634 610 1803 644 contrariis
1824 621 1879 643 ne-

1122 674 1286 707 quaquam
1303 663 1514 696 obstantibus.

1166 718 1181 760 ξ
1201 718 1254 750 42.
1278 717 1358 750 Cum
1380 727 1438 749 nos
1455 728 1512 760 per
1532 716 1610 749 alias
1630 721 1756 749 nostras
1772 716 1880 749 literas

1122 771 1268 803 similiter
1288 775 1420 813 accepto
1443 782 1500 813 per
1524 781 1582 803 nos
1615 770 1702 813 quod
1731 770 1879 803 nonnulli

1122 824 1329 867 hospitalium
1345 850 1352 863 ,
1376 824 1470 856 etiam
1492 823 1592 856 nostri
1614 823 1720 856 Sancti
1742 823 1880 867 Spiritus

1122 877 1255 920 praefati
1277 883 1305 909 et
1325 876 1432 909 Sancti
1449 876 1575 909 loannis
1591 877 1825 919 Lateranensis,
1843 888 1879 910 ac

1122 929 1228 962 Sancti
1262 929 1368 962 iacobi
1397 929 1628 961 lncurabilium
1665 929 1703 962 de
1735 929 1819 962 Urbe
1850 936 1878 962 et

1122 981 1394 1015 monasteriorum
1433 980 1540 1014 Sancti
1578 981 1754 1014 Sebastiani
1793 987 1879 1014 extra

1122 1046 1232 1069 muros
1266 1035 1369 1068 dictae
1404 1034 1515 1074 Urbis,
1553 1045 1590 1067 ac
1625 1034 1731 1067 Sancti
1752 1035 1879 1068 Antonii

1121 1088 1327 1128 Viennensis,
1350 1088 1569 1121 Cisterciensis
1590 1093 1620 1120 et
1641 1088 1747 1121 Sancti
1768 1089 1878 1131 Augu-

1121 1141 1195 1174 stini
1214 1141 1383 1181 Ordinum,
1406 1152 1443 1174 ac
1463 1140 1617 1174 Mercedis
1639 1140 1879 1184 Redemptionis

1122 1195 1340 1237 captivorum,
1364 1193 1460 1226 etiam
1487 1193 1594 1227 Sancti
1625 1193 1747 1233 Helmi,
1771 1194 1879 1226 Sancti

1121 1246 1228 1287 Bovis,
1251 1246 1359 1279 Sancti
1379 1246 1549 1286 Bernardi,
1574 1245 1680 1279 Sancti
1701 1246 1877 1286 Leonardi,

1121 1300 1256 1333 Sanctae
1272 1300 1424 1338 Marthae,
1439 1299 1573 1332 Sanctae
1590 1298 1779 1331 Catherinae
1795 1300 1881 1332 Mon-

1120 1353 1159 1385 tis
1179 1353 1286 1397 Syuai,
1319 1353 1426 1386 Sancti
1457 1352 1514 1384 Viti
1545 1357 1575 1384 et
1600 1352 1734 1385 Sanctae
1761 1352 1878 1384 Mariae

1121 1407 1204 1439 della
1220 1407 1381 1440 Heremita
1394 1410 1582 1449 quaestores
1605 1411 1635 1438 et
1653 1405 1877 1445 commissarii,

1121 1470 1185 1492 non
1215 1460 1359 1492 obstante
1390 1459 1602 1502 suspensione
1638 1458 1878 1501 privilegiorum

1121 1524 1218 1556 super
1243 1513 1384 1555 quaestis
1410 1512 1564 1545 faciendis
1599 1517 1629 1544 et
1663 1511 1879 1544 confratribus

1121 1565 1340 1599 describendis
1373 1570 1404 1598 et
1436 1564 1642 1607 indulgentiis
1675 1564 1879 1608 publicandis

1121 1630 1370 1657 concessorum,
1402 1630 1438 1652 ac.
1464 1617 1694 1662 suppressione
1716 1618 1878 1662 cappella-

1121 1685 1193 1706 rum
1223 1674 1282 1706 sub
1308 1672 1508 1706 invocatione
1542 1671 1649 1705 Sancti
1680 1671 1875 1711 Sebastiam,

1120 1738 1156 1759 ac
1173 1726 1375 1759 revocatione
1401 1725 1717 1765 commissariorum,
1740 1725 1878 1757 nuncio-

1120 1791 1192 1812 rum
1214 1786 1244 1813 et
1264 1785 1485 1822 quaestorum,
1504 1779 1610 1821 vigore
1636 1778 1877 1822 privilegiorum

1120 1833 1360 1875 praedictorum
1388 1832 1649 1872 constitutorum,
1672 1842 1707 1863 ac
1737 1831 1878 1874 prohibi-

1120 1885 1205 1918 tione
1226 1885 1364 1918 faciendi
1384 1890 1544 1928 quaestas,
1563 1890 1593 1917 ct
1614 1884 1829 1927 indulgentias
1849 1890 1879 1917 ct

1119 1938 1196 1971 alias
1216 1939 1333 1982 gratias
1353 1938 1552 1983 publicandi,
1571 1949 1606 1971 ac
1628 1938 1805 1970 confratres
1826 1938 1879 1970 de—

1119 1993 1280 2025 scribendi
1301 1998 1331 2025 et
1352 1991 1598 2026 confessionalia
1620 1990 1830 2031 concedendi,
1849 1997 1879 2024 et

1119 2045 1151 2078 in
1172 2045 1267 2079 certis
1287 2045 1414 2078 casibus
1435 2043 1727 2077 matrimonialibus
1747 2043 1878 2087 dispen-

1119 2099 1225 2139 sandi,
1249 2104 1397 2142 quaestas
1417 2099 1522 2130 facere
1556 2102 1587 2129 et
1619 2097 1681 2129 alia
1715 2096 1877 2140 praedicta

1119 2163 1268 2185 exercere
1294 2152 1425 2185 minime
1452 2151 1654 2184 erubescant.
1685 2150 1722 2182 Et
1748 2161 1875 2183 succes-

1119 2207 1193 2246 sive,
1217 2206 1311 2239 etiam
1330 2217 1394 2239 non
1416 2206 1560 2238 obstante
1582 2204 1643 2237 alia
1661 2203 1876 2248 prohibitione

1119 2272 1134 2293 a
1156 2260 1248 2293 nobis
1268 2261 1409 2303 desuper
1428 2266 1568 2297 narrata,
1595 2257 1745 2292 nonnulli
1780 2258 1875 2291 etiam

1119 2320 1306 2357 quaestores
1327 2318 1355 2346 et
1377 2311 1602 2352 commissarii,
1623 2316 1686 2344 tam
1704 2311 1875 2354 praedictis

1119 2378 1215 2410 quam
1245 2367 1315 2400 aliis
1334 2368 1441 2400 forsan
1463 2365 1659 2404 nominibus,
1679 2364 1786 2406 vigore
1809 2364 1875 2408 pri—

1118 2421 1308 2464 vilegiorum
1338 2420 1579 2465 praedictorum
1611 2424 1638 2451 et
1665 2420 1771 2451 forsan
1796 2418 1875 2450 alio-

1119 2482 1204 2511 rum,
1228 2471 1324 2503 etiam
1344 2482 1362 2503 a
1382 2470 1486 2509 nobis,
1511 2469 1582 2501 licet
1600 2473 1710 2501 contra
1732 2472 1874 2499 mentem

1119 2525 1271 2559 nostram,
1293 2524 1538 2558 emanatorum,
1562 2523 1624 2550 tam
1655 2522 1803 2560 quaestas
1829 2516 1874 2548 fa-

1120 2579 1193 2602 cere
1214 2579 1311 2614 quam
1333 2567 1547 2611 indulgentias
1572 2572 1601 2599 et
1626 2566 1703 2606 alia,
1726 2571 1757 2597 ut
1781 2575 1874 2609 prae-

321 2618 424 2656 cursis
456 2619 641 2661 absolvere,
664 2631 700 2653 ac
735 2631 809 2653 cum
845 2620 889 2652 eis
920 2625 950 2652 ut
979 2619 1009 2652 in
1032 2619 1076 2652 sit·
1096 2635 1102 2670 1
1121 2619 1234 2658 fertur,
1261 2617 1421 2662 prohibita
1450 2615 1616 2662 publicare.
1638 2621 1666 2649 et
1697 2626 1871 2662 exercerc,

1898 241 1948 266 An.
1971 241 1998 267 C.
2014 241 2080 267 12>th

1922 731 1959 753 Hie
1982 731 2079 751 Panum

1895 763 1986 788 COIlegiO
2016 763 2079 782 [abri-

1895 800 1932 814 cac
1949 794 2004 813 dedit
2022 797 2079 819 poti*-

1895 828 1970 844 statem
2000 830 2078 849 ptus-e<

1895 855 1956 875 deudi
2005 857 2079 874 contra

1895 891 2038 912 quoscumque
2056 892 2079 903 a-

1895 916 1934 936 hos
1946 919 2078 942 quine—turma,

1903 947 2071 973 comprehenso„

1894 977 1931 998 sub
1948 979 1993 998 eius
2010 982 2068 997 ςιιιιει

1895 1010 1951 1029 edita
1967 1010 1999 1029 die
2014 1014 2032 1029 n
2047 1015 2081 1028 au-

1894 1041 1947 1065 gusti
2006 1046 2077 1063 musti,

1894 1077 1920 1097 qu
1936 1077 1953 1090 ni
1962 1070 2001 1093 hfc,
2011 1073 2038 1090 uti
2048 1077 2080 1090 su·

1894 1101 2002 1127 minuam,
2021 1107 2080 1127 prae·

1895 1134 1985 1157 ternum
