2227 3001
47 230 96 257 An.
115 229 144 256 C.
162 228 228 255 ¹559

74 1026 207 1047 Prooemium.

65 1451 140 1472 Paulus
155 1450 184 1472 ΙΙΙ
199 1452 234 1471 im-

51 1484 121 1512 posuit
166 1483 238 1504 subsi-

51 1516 106 1536 dium
121 1514 235 1534 triennale.

51 1546 92 1567 Sed
143 1546 237 1571 plumbus

53 1578 151 1604 personis
163 1583 237 1597 exem-

53 1609 137 1635 ptinues
165 1611 185 1628 et
211 1607 238 1627 ti-

53 1639 147 1659 hermes
186 1644 240 1658 cou-

54 1675 128 1691 cessae
145 1668 237 1689 luerunt.

894 224 1010 248 murs

289 280 404 314 Datum
423 279 542 313 Romae
562 278 648 322 apud
673 278 824 311 Sanctum
844 276 974 310 Petrum
988 302 995 315 ,

244 345 329 368 anno
362 332 593 368 lucarnationis
617 331 798 365 dominicae
829 329 997 362 millesimo

244 387 504 432 quingentesimo
521 386 789 430 quinquagesimo
802 395 900 424 nono,
912 394 929 415 v
942 384 997 415 ka-

244 442 355 475 lendas
365 440 484 479 martii,
502 440 709 484 pontificatus
729 439 828 471 nostri
850 449 933 470 anno
954 448 996 470 iv.

265 499 326 528 ltat.
346 499 392 529 die
407 498 446 528 025
462 498 603 528 februarii
627 498 709 533 1559,
732 496 833 536 pontis.
851 505 926 525 anno
944 503 978 524 iv.

246 706 415 739 Revocatio
447 715 718 748 quarumcumque
761 704 999 747 erempte'oimm

290 769 507 792 concessarum
531 770 549 790 α
574 758 732 790 solutione
746 757 882 789 subsidii
903 757 1001 789 Irien-

291 812 377 845 mtlz's
393 812 427 844 in
447 811 543 844 Statu
563 811 788 844 Ecclesiastico
808 810 955 853 impositi
976 809 997 841 ¹.

291 893 390 922 Paulus
405 894 475 927 Papa
494 892 536 924 tv.
555 892 588 919 ad
601 891 726 920 futuram
739 891 780 919 rei
794 890 962 918 memoriam.

291 964 463 1008 Cupientes
497 962 698 996 indemnitati
732 962 884 995 Gamerae
923 962 1003 1005 Apo-

247 1016 390 1057 stolicae,
426 1027 521 1061 quae,
558 1022 591 1049 ut
624 1017 776 1050 omnibus
808 1021 921 1048 notum
943 1020 1000 1055 est,

247 1071 349 1104 multo
376 1081 470 1104 aerae
490 1071 595 1104 alieno
615 1076 743 1113 gravata
763 1069 878 1111 existit,
905 1080 1004 1112 quan-

247 1129 316 1157 tum
337 1136 412 1158 cum
431 1125 496 1158 Deo
512 1135 697 1168 possumus,
721 1124 903 1162 consulere,
921 1134 1004 1167 quae

248 1178 281 1210 in
301 1178 370 1212 eius
394 1189 565 1222 gravamen
592 1188 757 1211 emanasse
785 1177 1005 1221 comperimus

249 1231 287 1265 de
313 1232 418 1266 medio
439 1233 551 1265 tollere
572 1242 737 1271 curamus,
763 1236 797 1263 ut
818 1230 930 1264 exinde
955 1242 1006 1263 su-

250 1296 318 1327 um,
341 1292 436 1330 prout
458 1286 576 1319 decens
595 1290 641 1318 est
662 1290 691 1318 et
710 1285 903 1324 honestum,
931 1295 1005 1317 con-

251 1340 342 1384 sequi
364 1340 475 1384 possit.

295 1394 310 1436 §
330 1393 361 1426 1.
395 1393 506 1437 Nuper
530 1403 604 1426 sane
626 1392 719 1425 nobis
749 1391 888 1425 innotuit
905 1392 1004 1435 quod,

251 1447 326 1480 lieet
341 1447 419 1480 alias
439 1447 542 1480 felicis
562 1445 794 1480 recordationis
814 1445 933 1478 Paulus
953 1445 1008 1477 Pa-

252 1511 294 1544 pa
320 1501 372 1540 ΙΙΙ,
403 1501 633 1544 praedecessor
665 1506 786 1539 noster,
813 1500 851 1532 de
871 1500 1007 1532 fratrum

254 1564 406 1594 suorum,
441 1555 479 1587 de
509 1566 574 1598 quo
603 1565 741 1588 numero
761 1559 838 1586 tunc
859 1564 1005 1589 eramus.

255 1608 405 1649 consilio,
437 1609 562 1641 cunctis
589 1607 849 1652 impositionibus
870 1612 1009 1640 extraor-

255 1661 387 1695 dinariis
411 1662 559 1699 sublatis,
582 1672 684 1694 unum
706 1661 884 1704 unicuique
910 1661 1009 1693 subsi-

255 1716 344 1749 dium
364 1721 586 1749 trecentorum
608 1715 743 1748 millium
764 1720 930 1747 scutorum
953 1725 1010 1757 per

255 1774 353 1802 totam
374 1769 528 1802 ditionem
558 1768 808 1802 ecclesiasticam
830 1778 889 1812 pro
914 1767 1009 1800 trien-

254 1823 309 1856 nio
321 1823 507 1856 solvendum
522 1828 549 1855 et
564 1822 754 1865 exigendum
766 1820 967 1864 imposuerit,
980 1827 1005 1853 et

256 1877 419 1920 impositio
435 1876 622 1909 huiusmodi
643 1876 682 1909 de
703 1875 842 1908 triennio
864 1875 895 1906 in
914 1875 1009 1907 trien-

255 1930 346 1962 nium
367 1930 545 1963 successive
558 1935 731 1973 prorogata
747 1935 774 1961 et
795 1939 922 1972 seraper
937 1940 1009 1960 exa-

256 1990 303 2018 cta
332 1984 406 2023 suit,
434 1983 645 2016 nihilominus
668 1982 789 2015 exactio
810 1982 1007 2015 huiusmodi.

257 2039 464 2072 causantibus
484 2037 615 2071 diversis
635 2036 889 2080 exceptionibus,
912 2036 1009 2068 liber-

256 2092 374 2125 tatibus
395 2097 425 2125 et
459 2090 718 2124 immunitatibus
741 2101 759 2122 a
778 2089 937 2121 solutione
962 2089 1010 2131 ip-

257 2147 323 2179 sius
348 2146 490 2182 subsidii,
518 2145 649 2178 diversis
670 2143 957 2177 communitatibus
982 2148 1008 2175 ct

258 2199 519 2233 universitatibus
533 2211 570 2232 ac
586 2197 836 2242 particulariljms
853 2196 1009 2240 sansonis,

258 2264 386 2287 necnon
403 2253 593 2291 civitatibus
616 2251 721 2291 terris,
744 2250 872 2294 oppidis
884 2256 911 2283 et
934 2249 1013 2282 locis

260 2308 361 2342 nostri
379 2307 485 2340 Status
501 2304 716 2339 Ecclesiastici
737 2303 897 2337 concessis
918 2308 945 2335 ct
968 2304 1012 2335 sa-

261 2362 330 2402 ctis,
354 2361 553 2394 diversarum
570 2359 756 2403 portionum
775 2357 918 2390 eiusdem
937 2357 1012 2389 sub-

261 2415 333 2449 sidii
357 2413 586 2448 donationibus
605 2423 661 2445 seu
682 2410 938 2449 remissionibus,
966 2409 1013 2441 vix

262 2468 301 2501 ad
321 2467 491 2501 dimidium
521 2477 666 2499 summae
693 2469 912 2498 trecentorum
942 2463 1014 2495 mil-

262 2521 343 2554 lium
355 2526 522 2554 scutorum
530 2518 716 2552 huiusmodi
728 2517 880 2557 ascendit,
899 2528 934 2550 ex
951 2527 1014 2559 quo

300 2588 384 2615 ¹Hoc
400 2586 548 2614 subsidium
575 2585 701 2621 imposuit
726 2585 822 2612 Paulus
848 2584 883 2611 ΙΙΙ
908 2592 968 2619 sup.
991 2583 1015 2609 iu

263 2634 320 2662 eius
336 2633 524 2660 constitutione
544 2639 620 2664 nix,
643 2633 748 2663 Decem,
767 2638 826 2666 pag.
848 2631 908 2657 565.

1686 216 1749 249 557

1039 274 1140 308 eidem
1161 272 1331 312 Gamerae,
1354 284 1437 318 quae
1458 273 1587 308 aliunde
1610 286 1673 310 non
1697 279 1792 312 babet

1040 328 1124 360 unde
1143 338 1241 360 onera
1268 327 1311 360 illi
1338 327 1370 360 in
1394 328 1461 361 dies
1482 327 1701 364 incumbentia
1727 334 1793 365 sus-

1040 381 1123 413 serre
1145 381 1255 424 possit,
1280 386 1307 414 et
1326 381 1411 414 illius
1424 381 1650 419 creditoribus,
1669 384 1724 427 qui
1737 395 1794 418 sua

1040 434 1159 467 credita
1190 435 1228 467 ab
1263 435 1330 479 ipsa
1368 446 1563 480 recuperare
1602 444 1767 480 nequeunt
1785 467 1792 476 ,

1041 489 1216 521 maximum
1238 490 1382 523 succedit
1403 490 1644 524 detrimentum.

1084 542 1144 585 52.
1168 542 1371 587 Quapropter
1392 545 1576 588 praemissis
1605 556 1792 588 occurrere,

1041 601 1071 628 et
1089 601 1122 628 ut
1144 601 1208 628 tam
1228 596 1361 630 Camera
1381 608 1477 640 quam
1507 598 1682 632 creditores
1705 611 1796 643 prae-

1041 648 1094 680 fati
1140 649 1227 691 quod
1266 660 1359 682 suum
1390 655 1435 682 est
1475 652 1627 694 consequi
1658 653 1796 696 possint,

1042 702 1208 744 providere
1234 704 1388 742 volentes,
1421 704 1511 737 motu
1537 706 1670 749 proprio
1700 713 1730 739 et
1760 718 1797 740 ex

1042 760 1128 787 certa
1148 755 1281 788 scientia
1301 767 1337 790 ac
1361 757 1400 790 <le
1416 759 1610 802 apostolicae
1635 761 1798 803 potestatis

1042 809 1256 851 plenitudine,
1279 821 1391 844 omnes
1411 817 1443 844 et
1463 812 1605 855 singulas
1621 814 1798 858 exemptio-

1043 872 1109 903 nes,
1132 863 1294 897 libertates
1315 870 1343 897 et
1365 865 1584 898 immunitates
1604 878 1621 899 a
1640 868 1799 902 solutione

1043 917 1176 949 subsidii
1198 918 1396 958 huiusmodi,
1410 920 1576 963 quibusvis
1588 923 1800 956 communita-

1043 968 1145 1009 tibus,
1182 970 1441 1004 universitatibus
1483 984 1518 1006 ac
1548 973 1800 1017 particularibus

1044 1023 1200 1065 personis,
1238 1025 1474 1070 cuiuscumque
1509 1032 1626 1068 status,
1662 1029 1798 1071 gradus,

1044 1075 1178 1117 ordinis,
1206 1078 1416 1118 conditionis,
1449 1080 1611 1123 dignitatis
1640 1086 1669 1113 et
1700 1092 1801 1126 praee-

1044 1129 1219 1164 minentiae
1230 1133 1450 1174 existentibus,
1464 1145 1589 1168 necnon
1607 1134 1798 1175 civitatibus,

1045 1184 1148 1221 terris,
1174 1187 1302 1230 oppidis
1332 1194 1361 1220 et
1386 1188 1466 1221 locis
1490 1189 1565 1221 dicti
1588 1189 1710 1225 Status.
1743 1190 1802 1222 sub

1045 1243 1267 1278 quocumque,
1291 1235 1386 1268 etiam
1407 1237 1560 1277 comitali,
1579 1238 1802 1278 marchionali,

1046 1280 1192 1316 baronali
1212 1285 1260 1317 vel
1291 1285 1398 1318 ducali
1429 1293 1480 1319 aut
1503 1286 1615 1330 quovis
1635 1287 1715 1328 alio,
1740 1294 1803 1320 tam

1047 1334 1161 1367 maiori
1182 1345 1280 1377 quam
1301 1334 1457 1375 inferiori,
1479 1335 1584 1375 titulo,
1606 1336 1654 1369 vel
1675 1347 1733 1380 per
1749 1337 1805 1369 ati-

1047 1394 1143 1426 qucm
1175 1389 1302 1416 sanctae
1322 1384 1486 1418 Romanae
1512 1385 1673 1418 Ecclesiae
1699 1385 1804 1418 cardi-

1048 1433 1153 1465 nalem
1175 1439 1330 1475 regantur
1349 1439 1377 1466 et
1398 1434 1633 1476 gubernentur,
1656 1435 1714 1467 sub
1735 1436 1804 1479 qui-

1048 1480 1251 1525 buscumque
1272 1482 1440 1515 tenoribus
1464 1488 1493 1516 et
1520 1483 1644 1524 form1s‚
1672 1495 1709 1517 ac
1729 1494 1803 1516 cum

1049 1531 1223 1573 quibusvis,
1251 1532 1345 1564 etiam
1367 1533 1644 1576 derogatoriarum
1668 1533 1803 1575 deroga-

1050 1579 1151 1615 toriis,
1183 1580 1318 1624 aliisque
1339 1581 1574 1614 efficacioribus
1606 1587 1635 1614 et
1668 1581 1804 1614 insolitis

1050 1629 1222 1666 clausulis,
1245 1640 1371 1663 necnon
1389 1630 1591 1663 irritantilms
1611 1635 1641 1663 et
1661 1630 1730 1663 aliis
1753 1630 1804 1663 de-

1050 1677 1155 1717 cretis,
1171 1678 1229 1711 sub
1245 1690 1452 1723 quocumque
1469 1679 1475 1706 1
1490 1708 1495 1719 ‚
1515 1679 1608 1712 etiam
1631 1679 1803 1719 comitum,

1051 1727 1293 1765 marchionmn,
1316 1728 1436 1761 ducum
1459 1734 1486 1760 ct
1508 1729 1696 1771 quorumvis
1724 1730 1803 1762 alio-

1050 1786 1121 1808 rum
1145 1777 1330 1821 principum
1362 1789 1418 1810 seu
1445 1778 1539 1810 etiam
1565 1778 1667 1822 ipsius
1686 1778 1804 1811 Roma-

1051 1835 1109 1858 nae
1131 1826 1290 1860 Ecclesiae
1308 1827 1521 1860 cardinalium
1538 1826 1656 1860 intuitu
1680 1832 1710 1859 et
1731 1838 1806 1860 con-

1052 1875 1270 1917 templatione,
1298 1886 1356 1919 per
1389 1887 1611 1920 quoscumque
1644 1876 1806 1910 Romanos

1050 1923 1221 1957 Pontifices
1255 1925 1519 1968 praedecessores
1540 1930 1666 1958 nostros
1686 1936 1723 1958 ac
1748 1936 1806 1959 nos

1051 1978 1078 2004 et
1097 1972 1211 2006 Sedem
1228 1974 1457 2018 Apostolicam,
1473 1974 1567 2008 etiam
1585 1980 1687 2012 motu,
1701 1975 1805 2008 scien-

1051 2021 1093 2054 tia
1128 2029 1155 2054 et
1195 2023 1361 2066 potestatIs
1404 2024 1604 2067 plenitudine
1646 2024 1806 2057 similibus

1051 2077 1104 2104 aut
1136 2074 1213 2107 alias
1242 2073 1487 2116 quomodolibet
1516 2083 1684 2106 concessas
1705 2078 1733 2105 et
1764 2073 1807 2105 sa-

1052 2128 1128 2161 etas,
1152 2123 1339 2166 quarmuvis
1358 2122 1459 2166 ipsius
1473 2122 1607 2155 subsidii
1620 2122 1806 2166 portionum

1053 2173 1241 2205 donationes
1266 2184 1322 2205 seu
1343 2171 1549 2205 remissiones
1564 2171 1612 2204 vel
1632 2171 1711 2204 alias
1734 2181 1806 2214 gra-

1054 2222 1123 2263 tias,
1149 2234 1183 2255 ac
1202 2233 1426 2266 quascumque
1446 2221 1633 2265 superinde,
1662 2226 1726 2253 tam
1748 2220 1808 2253 sub

1055 2272 1188 2315 plumbo
1209 2283 1306 2315 quam
1327 2272 1360 2304 in
1384 2272 1488 2305 forma
1507 2271 1624 2310 brevis,
1648 2271 1808 2304 consectas

1055 2320 1178 2361 literas,
1202 2331 1314 2353 carum
1334 2326 1474 2361 tenores,
1497 2331 1533 2354 ac
1554 2320 1579 2352 si
1599 2320 1638 2353 de
1657 2320 1753 2352 verbo
1770 2320 1808 2352 ad

1054 2370 1188 2403 verbum
1200 2370 1434 2410 insererentur,
1449 2369 1671 2414 praesentibus
1683 2380 1742 2413 pro
1758 2380 1808 2402 ex-

1056 2420 1173 2462 pressis
1183 2419 1349 2459 habentes,
1363 2419 1539 2463 apostolica
1551 2418 1752 2458 auctoritate,
1765 2423 1808 2450 te-

1058 2479 1135 2501 nore
1154 2468 1385 2513 praesentium,
1405 2479 1607 2507 revocamus,
1632 2477 1805 2506 cassamus,

1035 223 1065 247 IV
1089 223 1136 245 ΓΡ.

1095 2537 1102 2561 t
1124 2535 1240 2562 Cherub.
1258 2535 1364 2571 supplet
1381 2536 1535 2571 sequentia:
1560 2521 1637 2560 tituto
1657 2536 1696 2560 rel
1712 2535 1808 2565 colore,

1058 2589 1088 2606 eir
1099 2583 1241 2613 quibusvis,
1259 2585 1499 2615 qrcunlumcumwte
1511 2581 1703 2613 {immitissimis
1714 2580 1809 2610 causis,

1058 2629 1081 2652 et
1099 2628 1252 2658 quorumvis
1268 2630 1316 2652 etc.
1338 2626 1375 2663 (n.
1397 2626 1448 2660 τ.).

1811 218 1849 244 An
1879 218 1907 244 C.
1927 218 1990 245 1559

1824 550 1863 571 Eas
1882 554 1995 577 propterea

1810 583 1844 602 hic
1852 582 1948 602 Pontifex
1959 588 1996 602 re-

1810 617 1872 633 voc-il
1884 621 1888 637 ς
