2227 3001
61 269 111 297 An.
128 268 156 295 C.
177 267 245 295 lb'lt‘j

84 2290 192 2312 clausulae
205 2297 254 2311 con-

71 2323 180 2343 trariorum
194 2323 255 2342 dero-

72 2355 165 2379 gatoriae
189 2360 255 2381 appo-

72 2388 155 2406 nuutut.

910 267 1025 292 mum's
1051 267 1083 291 m
1109 268 1155 291 PP.
1702 258 1758 291 tot

258 320 577 366 archiepiscoporum
600 325 628 351 ct
645 320 871 365 episcoporum
894 322 1012 355 usticia-

258 375 341 409 libus
361 381 391 408 et
410 374 535 407 vicariis
555 375 759 417 generalibus
779 375 913 408 ubilibet
934 387 1011 409 con—

258 428 386 468 stitutis,
404 438 463 472 per
482 427 657 472 apostolica
681 427 800 471 scripta
822 429 1013 461 mandamus

257 486 416 526 quatenus
437 481 496 525 ipsi
517 491 554 514 ac
574 480 709 524 quilibet
734 492 865 522 eorum,
897 493 955 525 per
981 492 1012 514 se

257 536 304 569 vel
325 535 423 568 alium
450 545 504 567 seu
529 534 621 574 alios,
648 540 832 578 praesentes
851 535 959 568 literas
984 541 1009 568 et

258 590 290 622 in
300 589 345 622 eis
355 594 503 622 contenta
517 588 714 628 huiusmodi,
724 589 799 621 ubi¹
815 600 897 633 opus
907 589 1012 626 suerit,

257 654 294 676 ac
321 642 447 688 quoties
470 653 528 686 pro
548 647 636 686 parte
663 642 822 676 dictorum
851 643 1012 677 sociorum

257 697 305 730 vel
321 696 460 730 alicuius
488 707 602 729 eorum
636 696 756 729 suerint
784 696 941 740 requisiti,
961 708 1012 730 so-

257 749 409 784 lemniter
423 749 637 794 publicantes,
656 750 842 794 eisdemque
858 750 953 783 sociis
982 751 1012 782 iu

258 804 442 849 praemissis
471 804 611 837 efficacis
637 803 832 837 defensionis
852 804 1013 848 praesidio

258 858 462 899 assistentes,
490 857 626 898 saciant,
663 857 852 890 auctoritate
885 862 1011 895 nostra,

259 912 388 946 eosdem
418 911 523 945 socios
550 911 652 944 literis
676 916 704 944 et
734 911 765 943 in
792 911 836 944 eis
857 911 1015 944 contentis

258 966 443 999 huiusmodi
464 965 598 1009 pacifice
617 965 771 1008 gaudere;
794 976 858 997 non
885 965 1015 1008 permit-

257 1025 360 1054 tentes
379 1030 434 1053 eos
450 1024 502 1052 aut
520 1030 634 1052 eorum
650 1019 791 1062 aliquem
812 1029 909 1062 super
924 1029 1015 1063 prae-

259 1074 364 1107 missis
383 1079 438 1106 aut
468 1072 632 1117 quibusvis
652 1071 722 1105 aliis
746 1072 843 1105 rebus
861 1077 892 1104 et
912 1073 1015 1105 causis

259 1138 317 1172 per
337 1127 483 1161 locorum
502 1126 683 1160 ordinarios
713 1130 768 1158 aut
792 1136 1015 1169 quoscumque

259 1181 339 1215 alios
350 1180 595 1226 quomodolibet
610 1179 749 1212 indebite
770 1179 948 1220 molestari,
962 1181 1015 1213 sed
1036 1213 1039 1222 ,

259 1246 314 1269 eos
322 1240 433 1269 contra
442 1244 677 1279 quoscumque⁷
692 1233 928 1277 cuiuscumque
944 1244 1017 1267 con-

259 1289 389 1323 ditionis
408 1290 455 1321 vel
472 1287 633 1332 qualitatis
649 1286 827 1324 existentes,
844 1292 871 1320 et
894 1287 1015 1331 quavis,

261 1343 355 1376 etiarn
372 1341 593 1387 patriarchali,
611 1340 936 1385 archiepiscopalivel
953 1341 1017 1385 epi-

261 1397 382 1442 scopali
402 1402 457 1429 aut
477 1396 641 1429 mundana
664 1394 816 1438 dignitate
845 1406 881 1427 ac
911 1406 1017 1428 exem-

261 1451 370 1495 ptione
392 1452 562 1493 fungentes
582 1455 613 1482 ct
626 1449 778 1488 munitos,
803 1449 834 1481 in
855 1448 1019 1491 quibusvis

262 1507 366 1540 causis
376 1505 514 1539 iustitiae
538 1504 814 1548 complementum
837 1503 1019 1536 ministran-

262 1566 320 1601 tes,
337 1560 381 1600 id,
401 1559 488 1603 quod
509 1570 566 1602 per
586 1569 640 1591 eos
661 1557 845 1590 ordinatum
863 1557 969 1598 suerit,
982 1558 1019 1590 ad

263 1613 485 1648 executionem
507 1612 645 1645 debitam
668 1611 801 1655 perduci
824 1611 952 1651 saciant⁷
981 1612 1019 1644 il-

263 1669 387 1712 losque,
410 1678 491 1711 quos
512 1676 665 1699 censuras
684 1666 730 1699 vel
753 1675 873 1708 poenas
895 1666 1020 1708 praedi-

264 1727 330 1755 ctas
350 1720 524 1754 incurrisse
547 1719 736 1759 constiterit,
759 1718 1020 1752 excommunica-

265 1781 312 1809 tos
332 1787 369 1808 ac
389 1774 578 1808 interdictos
598 1774 775 1811 declarent,
798 1784 835 1805 ac
851 1773 968 1806 faciant
993 1778 1020 1805 et

267 1827 416 1860 mandent
435 1825 563 1868 publice
581 1824 741 1861 nuneiari,
760 1833 795 1855 ac
812 1822 851 1855 ab
872 1822 1023 1855 omnibus

265 1876 383 1910 arctius
399 1875 524 1913 evitari,
544 1879 585 1911 et,
604 1873 753 1916 legitimis
778 1883 876 1916 super
896 1873 946 1905 liis
966 1873 1022 1905 ha-

265 1926 337 1959 bitis
358 1930 385 1958 et
408 1924 564 1957 habendis
590 1922 795 1966 processibus
820 1922 963 1958 servatis,
984 1922 1022 1954 il-

266 1976 332 2015 los,
356 1974 483 2017 quotics
509 1984 592 2018 opus
613 1972 724 2013 suerit,
755 1971 877 2004 iteratis
900 1971 1025 2003 vicibus

265 2034 439 2067 aggravare
466 2027 654 2066 procurent,
679 2020 944 2060 contradictores,
966 2032 1023 2053 au-

267 2073 413 2106 ctoritate
433 2076 561 2110 nostra,
590 2070 807 2114 appellatione
834 2070 1022 2113 postposita,

268 2121 525 2166 compescendo,
549 2120 694 2153 invocato
721 2119 816 2151 etiam
838 2119 876 2151 ad
900 2120 974 2160 hoc,
1002 2119 1025 2151 si

267 2182 349 2215 opus
367 2170 477 2209 suerit,
500 2169 618 2203 auxilio
636 2169 760 2202 brachii
782 2168 967 2202 saecularis.

313 2221 327 2265 ἓ
347 2220 400 2253 47.
429 2220 498 2253 Non
520 2218 723 2252 obstantibus
744 2218 1028 2251 constitutionibus

269 2275 300 2303 et
324 2269 594 2309 ordinationibus,
617 2280 653 2301 ac
678 2268 879 2309 iuramento,
908 2267 1027 2301 confir-

272 2319 414 2352 matione
426 2319 602 2362 apostolica
613 2319 660 2351 vel
677 2318 787 2362 quavis
803 2317 953 2350 firmitate
968 2317 1027 2351 alia

271 2368 430 2401 roboratis
446 2368 571 2400 statutis
590 2373 621 2400 et
637 2366 939 2406 consuetudinibus,
958 2377 1029 2399 nec-

273 2430 338 2452 non
360 2418 550 2462 privilegiis,
574 2417 705 2450 indultis
731 2422 761 2450 et
781 2417 881 2449 literis
901 2422 1030 2461 aposto-

274 2468 343 2501 licis
367 2468 475 2501 Sancti
496 2466 659 2500 Benedicti
683 2473 713 2500 et
740 2466 846 2500 Sancti
870 2466 1031 2499 Francisci

275 2528 312 2550 ac
332 2516 581 2550 Mendicantium
598 2522 628 2549 et
643 2516 713 2549 aliis
728 2515 901 2549 Ordinibus
922 2526 1032 2558 supra-

276 2565 387 2606 dictis,
418 2565 615 2608 illorumque
642 2565 792 2608 praelatis
817 2570 847 2597 et
872 2564 1030 2608 personis,

277 2615 373 2649 etiam
398 2625 496 2658 super
525 2625 589 2647 non
610 2614 891 2648 communicandis
910 2614 1031 2657 gratiis,

317 2679 325 2705 l
348 2678 394 2704 Ubi
409 2681 434 2704 et
453 2679 568 2710 quando,
587 2677 603 2703 l.
621 2684 644 2704 s.
665 2685 689 2704 c.
706 2677 811 2713 (n.·1·.).

359 2721 433 2757 Bull.
452 2721 533 2757 Rom.
555 2721 610 2752 Vol.
630 2721 673 2752 VI.
755 2722 790 2752 51

1055 321 1112 354 sibi
1134 321 1310 361 concessis,
1334 324 1363 353 et
1383 320 1460 353 alias
1484 320 1728 364 quomodolibet
1752 333 1809 365 per

1054 386 1112 407 nos
1132 381 1162 408 et
1178 376 1292 408 Scdem
1309 375 1483 419 praefatam
1502 374 1675 415 concessis,
1693 375 1808 408 contir-

1054 429 1146 461 matis
1167 440 1203 461 ac
1224 428 1318 462 etiam
1340 428 1461 461 iteratis
1489 427 1611 460 vicibus
1638 427 1807 468 innovatis,

1054 482 1149 514 etiam
1175 482 1264 514 Mari
1282 482 1412 524 Mamm,
1439 482 1536 514 Bulla
1561 481 1666 514 Aurea
1682 486 1713 514 et
1732 482 1810 514 alias

1054 535 1298 579 quomodolibet
1313 535 1520 580 nuncupatis,
1533 535 1663 578 quitum,
1680 535 1809 568 illorum

1055 595 1181 621 tenores
1203 589 1425 633 praesentibus
1450 599 1507 632 pro
1540 588 1737 621 sufficienter
1761 600 1811 622 ex-

1056 642 1172 685 pressis
1192 647 1220 675 et
1242 642 1368 675 insertis
1389 643 1563 682 habentes,
1594 642 1657 674 illis
1677 642 1754 675 alias
1779 643 1809 675 in

1034 723 1035 730 ,
1056 706 1113 728 suo
1134 695 1251 729 robore
1272 696 1504 740 permansuris,
1527 696 1587 728 hac
1602 696 1669 728 vice
1687 695 1810 740 specia-

1056 749 1128 782 liter
1157 754 1187 782 et.
1220 760 1367 793 expresse
1401 750 1607 792 derogamus,
1632 749 1811 793 ceterisque

1056 803 1227 836 contrariis
1243 802 1515 847 quibuscumque.
1543 802 1628 835 Nulli
1650 813 1726 845 ergo
1751 807 1808 836 etc.

1100 856 1212 890 Datum
1234 857 1353 889 Romae
1371 857 1456 901 apud
1478 857 1630 890 Sanctum
1656 857 1810 897 Marcum,

1056 921 1141 943 anno
1162 910 1395 943 lncarnationis
1430 910 1611 943 dominicae
1643 910 1813 943 millesimo

1055 964 1315 1008 quingentesimo
1333 964 1580 1008 quadragesimo
1606 975 1704 1004 nono,
1727 963 1814 997 deci-

1058 1018 1224 1062 moquinto
1255 1019 1408 1051 kalendas
1430 1018 1626 1058 novembris,
1649 1017 1815 1062 pontifica-

1057 1076 1108 1104 tus
1128 1071 1228 1104 nostri
1250 1082 1336 1104 anno
1357 1081 1407 1104 xv.

1083 1124 1143 1154 Dat.
1162 1125 1209 1154 dic
1229 1125 1265 1154 v18
1281 1125 1410 1155 octobris
1426 1125 1511 1162 1549,
1530 1125 1630 1164 pontif.
1651 1134 1727 1154 anno
1746 1133 1789 1154 xv.

1331 1245 1470 1295 lULlUS
1505 1246 1548 1294 ΙΙΙ

1316 1333 1409 1363 ΡΑΡΑ
1435 1333 1563 1363 CCXXItl

1250 1398 1348 1430 Almo
1370 1397 1505 1430 Domini
1528 1396 1628 1429 MDL.

1064 1459 1136 1524 Die
1172 1497 1223 1519 v1u
1264 1486 1417 1519 februarii
1452 1496 1515 1519 MDL
1549 1487 1671 1519 clectus
1707 1491 1753 1520 est
1788 1487 1820 1520 in

1062 1537 1243 1569 Romanum
1272 1535 1462 1568 Pontificem
1497 1536 1631 1568 loannes
1660 1536 1756 1569 Maria
1783 1537 1821 1568 de.

1062 1587 1177 1625 Monte,
1202 1585 1363 1625 arctinus,
1382 1589 1475 1617 antea
1493 1585 1681 1627 Sipontinus
1701 1585 1822 1619 archie-

1063 1636 1233 1679 piscopus,
1258 1646 1329 1667 mox
1351 1634 1381 1667 S.
1406 1634 1441 1666 R.
1466 1634 1500 1666 E.
1525 1634 1691 1678 presbyter
1717 1636 1821 1668 cardi-

1063 1684 1144 1716 nalis
1165 1686 1194 1715 S.
1216 1683 1322 1716 l'italis
1342 1683 1426 1715 tituli
1444 1683 1600 1723 l'estinae,
1616 1683 1671 1726 qui
1687 1683 1737 1716 die
1758 1694 1821 1717 xxu

1065 1733 1181 1766 mensis
1211 1733 1355 1766 ciusdem
1386 1732 1466 1764 sam-i
1496 1732 1621 1776 imperii
1643 1733 1822 1766 diademate

1064 1788 1238 1817 coronatus
1259 1788 1315 1814 est.
1340 1781 1424 1814 Sedit
1453 1781 1483 1813 iu
1511 1781 1700 1825 pontificatu
1722 1793 1823 1815 annos

1066 1844 1082 1865 v
1106 1862 1112 1873 ,
1132 1843 1275 1865 mensem
1304 1842 1425 1869 unum,
1453 1830 1520 1862 dies
1553 1841 1616 1870 xvi,
1644 1830 1823 1874 imperante

1065 1883 1180 1917 Gai-010
1206 1883 1246 1921 V,
1269 1886 1296 1913 et
1324 1886 1464 1924 quatuor
1497 1879 1612 1912 habitis
1646 1881 1824 1923 promotio-

1066 1933 1173 1971 nibus,
1187 1942 1225 1964 xx
1243 1930 1423 1963 cardinales
1439 1929 1567 1962 creavit.
1584 1928 1665 1962 Obiit
1682 1929 1732 1962 die
1748 1940 1823 1962 xxm

1066 1981 1171 2015 martii
1193 1991 1278 2013 anuo
1299 1990 1401 2015 MDLv,
1424 1984 1451 2011 et
1474 1979 1620 2022 sepultus
1640 1984 1685 2011 est
1706 1979 1745 2011 ad
1766 1979 1824 2011 Va-

1068 2032 1221 2065 ticanum.
1245 2028 1372 2062 Vacavit
1392 2028 1489 2061 Sedes
1510 2027 1577 2060 dies
1597 2037 1671 2059 xvn.

1070 2219 1115 2251 De
1134 2218 1327 2250 anctoritate
1356 2221 1385 2249 ec
1414 2219 1571 2259 potestate
1603 2215 1724 2247 summi
1752 2225 1827 2258 poe.-

1116 2271 1329 2307 uilentiariz',
1366 2281 1404 2302 ex
1429 2269 1555 2301 indulto
1588 2268 1678 2301 Sz'oelt'
1712 2267 1762 2300 IV
1800 2272 1828 2300 c!

1116 2325 1216 2357 Pauli
1240 2324 1296 2357 III
1315 2324 1340 2355 ¹.

1147 2387 1232 2417 tulius
1253 2387 1394 2423 episcopus
1417 2393 1513 2415 servus
1535 2393 1674 2415 servorum
1693 2385 1748 2417 Dei.

1208 2438 1242 2464 ad
1272 2438 1432 2473 perpetuam
1463 2437 1504 2464 rei
1523 2436 1692 2464 memoriam.

1119 2485 1242 2519 [lationi
1265 2485 1415 2528 congruit
1436 2491 1466 2518 et
1488 2485 1637 2518 convenit
1665 2483 1681 2507 2
1705 2489 1739 2515 ut.
1772 2494 1827 2520 ea,

1075 2547 1157 2580 quae
1178 2536 1216 2568 de
1237 2535 1371 2567 Romani
1393 2533 1558 2567 Pontificis
1578 2533 1679 2576 gratia
1704 2543 1831 2576 proces-

1112 2596 1121 2620 1
1144 2594 1180 2620 De
1197 2593 1244 2619 liae
1263 2592 1323 2619 vide
1341 2593 1364 2618 in
1382 2592 1573 2619 constitutione
1589 2597 1681 2617 xxviii
1698 2589 1764 2617 Sixti
1786 2589 1830 2621 tv,

1075 2635 1215 2668 Quoniam,
1230 2637 1294 2660 tom.
1306 2642 1334 2666 v,
1349 2642 1406 2669 pag.
1418 2634 1479 2661 ⁴292.
1519 2634 1535 2660 2
1553 2634 1678 2659 convente
1689 2633 1831 2664 honestati,

1076 2679 1192 2711 Cherub.
1208 2680 1246 2715 (a.
1264 2679 1314 2715 T.).

1825 288 1829 293 .
1867 288 1871 292 .
1890 266 1917 293 C.
1941 266 2007 293 ¹550

1873 2502 1998 2523 Exordium.
