<?xml version="1.0" encoding="UTF-8"?>
<!DOCTYPE html PUBLIC "-//W3C//DTD XHTML 1.0 Transitional//EN"
    "http://www.w3.org/TR/xhtml1/DTD/xhtml1-transitional.dtd">
<html xmlns="http://www.w3.org/1999/xhtml" xml:lang="en" lang="en">
 <head>
  <title>
</title>
<meta http-equiv="Content-Type" content="text/html;charset=utf-8" />
  <meta name='ocr-system' content='tesseract 3.04.00' />
  <meta name='ocr-capabilities' content='ocr_page ocr_carea ocr_par ocr_line ocrx_word'/>
</head>
<body>
  <div class='ocr_page' id='page_1' title='image "./bullarumdiplomat06cath_0504.png"; bbox 0 0 2227 3001; ppageno 0'>
   <div class='ocr_carea' id='block_1_1' title="bbox 233 216 419 295">
    <p class='ocr_par' dir='ltr' id='par_1_1' title="bbox 233 216 419 295">
     <span class='ocr_line' id='line_1_1' title="bbox 393 216 419 243; baseline 0 0"><span class='ocrx_word' id='word_1_1' title='bbox 393 216 419 243; x_wconf 65' lang='lat' dir='ltr'>Q</span> 
     </span>
     <span class='ocr_line' id='line_1_2' title="bbox 233 267 413 295; baseline -0.011 -1"><span class='ocrx_word' id='word_1_2' title='bbox 233 269 278 295; x_wconf 62' lang='lat' dir='ltr'>An.</span> <span class='ocrx_word' id='word_1_3' title='bbox 300 268 317 293; x_wconf 84' lang='lat' dir='ltr'>C</span> <span class='ocrx_word' id='word_1_4' title='bbox 349 267 413 294; x_wconf 45' lang='lat' dir='ltr'>luffa</span> 
     </span>
    </p>
   </div>
   <div class='ocr_carea' id='block_1_2' title="bbox 237 1781 424 1865">
    <p class='ocr_par' dir='ltr' id='par_1_2' title="bbox 237 1781 424 1865">
     <span class='ocr_line' id='line_1_3' title="bbox 250 1781 424 1804; baseline -0.011 0"><span class='ocrx_word' id='word_1_5' title='bbox 250 1781 335 1804; x_wconf 62' lang='lat' dir='ltr'>[illitu</span> <span class='ocrx_word' id='word_1_6' title='bbox 355 1786 424 1802; x_wconf 66' lang='lat' dir='ltr'>nov-&#39;ie</span> 
     </span>
     <span class='ocr_line' id='line_1_4' title="bbox 238 1813 422 1836; baseline -0.005 -3"><span class='ocrx_word' id='word_1_7' title='bbox 238 1813 299 1833; x_wconf 78' lang='lat' dir='ltr'>huius</span> <span class='ocrx_word' id='word_1_8' title='bbox 308 1813 422 1836; x_wconf 64' lang='lat' dir='ltr'>eri-&#39;endas</span> 
     </span>
     <span class='ocr_line' id='line_1_5' title="bbox 237 1842 395 1865; baseline 0 -1"><span class='ocrx_word' id='word_1_9' title='bbox 237 1842 395 1865; x_wconf 68' lang='lat' dir='ltr'>Universit-uis,</span> 
     </span>
    </p>
   </div>
   <div class='ocr_carea' id='block_1_3' title="bbox 429 257 1985 629">
    <p class='ocr_par' dir='ltr' id='par_1_3' title="bbox 429 257 1984 472">
     <span class='ocr_line' id='line_1_6' title="bbox 475 257 1381 292; baseline -0.01 0"><span class='ocrx_word' id='word_1_10' title='bbox 475 257 539 292; x_wconf 69' lang='lat'>456</span> <span class='ocrx_word' id='word_1_11' title='bbox 1030 261 1210 286; x_wconf 63' lang='lat' dir='ltr'>sst&#39;LLammt</span> <span class='ocrx_word' id='word_1_12' title='bbox 1231 261 1381 285; x_wconf 53' lang='lat' dir='ltr'>nouantur</span> 
     </span>
     <span class='ocr_line' id='line_1_7' title="bbox 430 311 1983 359; baseline -0.006 -6"><span class='ocrx_word' id='word_1_13' title='bbox 430 319 481 353; x_wconf 79' lang='lat' dir='ltr'>nia</span> <span class='ocrx_word' id='word_1_14' title='bbox 499 320 583 353; x_wconf 82' lang='lat' dir='ltr'>dona</span> <span class='ocrx_word' id='word_1_15' title='bbox 608 318 767 359; x_wconf 81' lang='lat' dir='ltr'>defluunt,</span> <span class='ocrx_word' id='word_1_16' title='bbox 785 317 824 350; x_wconf 88' lang='lat' dir='ltr'>ad</span> <span class='ocrx_word' id='word_1_17' title='bbox 841 317 901 350; x_wconf 76' lang='lat' dir='ltr'>hoc</span> <span class='ocrx_word' id='word_1_18' title='bbox 920 315 1107 356; x_wconf 82' lang='lat' dir='ltr'>nohis,licet</span> <span class='ocrx_word' id='word_1_19' title='bbox 1129 314 1188 347; x_wconf 82' lang='lat' dir='ltr'>im-</span> <span class='ocrx_word' id='word_1_20' title='bbox 1232 313 1346 357; x_wconf 76' lang='lat' dir='ltr'>vigenti</span> <span class='ocrx_word' id='word_1_21' title='bbox 1361 340 1369 353; x_wconf 84' lang='lat'>,</span> <span class='ocrx_word' id='word_1_22' title='bbox 1391 311 1526 346; x_wconf 88' lang='lat' dir='ltr'>ulterius</span> <span class='ocrx_word' id='word_1_23' title='bbox 1546 322 1586 345; x_wconf 90' lang='lat' dir='ltr'>ne</span> <span class='ocrx_word' id='word_1_24' title='bbox 1620 317 1763 357; x_wconf 76' lang='lat' dir='ltr'>serperet</span> <span class='ocrx_word' id='word_1_25' title='bbox 1787 321 1847 344; x_wconf 90' lang='lat' dir='ltr'>nec</span> <span class='ocrx_word' id='word_1_26' title='bbox 1866 320 1983 355; x_wconf 85' lang='lat' dir='ltr'>parurn</span> 
     </span>
     <span class='ocr_line' id='line_1_8' title="bbox 431 363 1984 417; baseline -0.006 -9"><span class='ocrx_word' id='word_1_27' title='bbox 431 374 565 415; x_wconf 88' lang='lat' dir='ltr'>meritis,</span> <span class='ocrx_word' id='word_1_28' title='bbox 576 384 652 407; x_wconf 90' lang='lat' dir='ltr'>suae</span> <span class='ocrx_word' id='word_1_29' title='bbox 666 382 805 417; x_wconf 79' lang='lat' dir='ltr'>sponsae</span> <span class='ocrx_word' id='word_1_30' title='bbox 820 369 1012 404; x_wconf 75' lang='lat' dir='ltr'>universalis</span> <span class='ocrx_word' id='word_1_31' title='bbox 1026 368 1188 402; x_wconf 75' lang='lat' dir='ltr'>Ecclesiae</span> <span class='ocrx_word' id='word_1_32' title='bbox 1233 372 1471 406; x_wconf 80' lang='lat' dir='ltr'>occurreretur,</span> <span class='ocrx_word' id='word_1_33' title='bbox 1488 371 1519 398; x_wconf 85' lang='lat' dir='ltr'>et</span> <span class='ocrx_word' id='word_1_34' title='bbox 1535 365 1614 399; x_wconf 86' lang='lat' dir='ltr'>fides</span> <span class='ocrx_word' id='word_1_35' title='bbox 1625 364 1802 399; x_wconf 77' lang='lat' dir='ltr'>orthodoxa</span> <span class='ocrx_word' id='word_1_36' title='bbox 1822 363 1901 397; x_wconf 89' lang='lat' dir='ltr'>inibi</span> <span class='ocrx_word' id='word_1_37' title='bbox 1917 374 1984 398; x_wconf 88' lang='lat' dir='ltr'>cre-</span> 
     </span>
     <span class='ocr_line' id='line_1_9' title="bbox 429 423 1936 472; baseline -0.008 -10"><span class='ocrx_word' id='word_1_38' title='bbox 429 428 574 472; x_wconf 72' lang='lat' dir='ltr'>regimen</span> <span class='ocrx_word' id='word_1_39' title='bbox 594 426 810 465; x_wconf 81' lang='lat' dir='ltr'>committere,</span> <span class='ocrx_word' id='word_1_40' title='bbox 837 430 867 458; x_wconf 86' lang='lat' dir='ltr'>et</span> <span class='ocrx_word' id='word_1_41' title='bbox 883 429 1010 457; x_wconf 87' lang='lat' dir='ltr'>nostrae</span> <span class='ocrx_word' id='word_1_42' title='bbox 1032 423 1189 456; x_wconf 86' lang='lat' dir='ltr'>debilitati</span> <span class='ocrx_word' id='word_1_43' title='bbox 1232 425 1335 454; x_wconf 83' lang='lat' dir='ltr'>sceret</span> <span class='ocrx_word' id='word_1_44' title='bbox 1355 425 1385 453; x_wconf 90' lang='lat' dir='ltr'>et</span> <span class='ocrx_word' id='word_1_45' title='bbox 1404 424 1578 462; x_wconf 79' lang='lat' dir='ltr'>augeretur</span> <span class='ocrx_word' id='word_1_46' title='bbox 1604 430 1642 452; x_wconf 87' lang='lat' dir='ltr'>ac</span> <span class='ocrx_word' id='word_1_47' title='bbox 1662 423 1936 452; x_wconf 86' lang='lat' dir='ltr'>manuteneretur.</span> 
     </span>
    </p>

    <p class='ocr_par' dir='ltr' id='par_1_4' title="bbox 429 471 1985 629">
     <span class='ocr_line' id='line_1_10' title="bbox 430 471 1985 525; baseline -0.007 -10"><span class='ocrx_word' id='word_1_48' title='bbox 430 482 543 525; x_wconf 81' lang='lat' dir='ltr'>iugum</span> <span class='ocrx_word' id='word_1_49' title='bbox 562 480 756 525; x_wconf 88' lang='lat' dir='ltr'>apostolicae</span> <span class='ocrx_word' id='word_1_50' title='bbox 773 477 940 512; x_wconf 84' lang='lat' dir='ltr'>servitutis</span> <span class='ocrx_word' id='word_1_51' title='bbox 955 478 1123 521; x_wconf 74' lang='lat' dir='ltr'>imponere</span> <span class='ocrx_word' id='word_1_52' title='bbox 1139 487 1191 510; x_wconf 71' lang='lat' dir='ltr'>vo·</span> <span class='ocrx_word' id='word_1_53' title='bbox 1277 475 1291 517; x_wconf 64' lang='grc' dir='ltr'><strong>ἓ</strong></span> <span class='ocrx_word' id='word_1_54' title='bbox 1312 473 1343 507; x_wconf 70' lang='grc' dir='ltr'>Ξ.</span> <span class='ocrx_word' id='word_1_55' title='bbox 1365 473 1469 512; x_wconf 78' lang='lat' dir='ltr'>Quare</span> <span class='ocrx_word' id='word_1_56' title='bbox 1504 473 1666 516; x_wconf 75' lang='lat' dir='ltr'>praefatus</span> <span class='ocrx_word' id='word_1_57' title='bbox 1697 471 1779 506; x_wconf 89' lang='lat' dir='ltr'>Otho</span> <span class='ocrx_word' id='word_1_58' title='bbox 1814 471 1985 505; x_wconf 89' lang='lat' dir='ltr'>cardinalis</span> 
     </span>
     <span class='ocr_line' id='line_1_11' title="bbox 429 524 1985 578; baseline -0.007 -9"><span class='ocrx_word' id='word_1_59' title='bbox 429 535 509 576; x_wconf 85' lang='lat' dir='ltr'>luit,</span> <span class='ocrx_word' id='word_1_60' title='bbox 531 541 566 568; x_wconf 92' lang='lat' dir='ltr'>ut</span> <span class='ocrx_word' id='word_1_61' title='bbox 586 540 757 577; x_wconf 75' lang='lat' dir='ltr'>tamquam</span> <span class='ocrx_word' id='word_1_62' title='bbox 786 533 825 566; x_wconf 82' lang='lat' dir='ltr'>de</span> <span class='ocrx_word' id='word_1_63' title='bbox 854 542 982 565; x_wconf 88' lang='lat' dir='ltr'>summo</span> <span class='ocrx_word' id='word_1_64' title='bbox 1008 531 1125 564; x_wconf 75' lang='lat' dir='ltr'>vertice</span> <span class='ocrx_word' id='word_1_65' title='bbox 1152 531 1190 564; x_wconf 85' lang='lat' dir='ltr'>ad</span> <span class='ocrx_word' id='word_1_66' title='bbox 1210 533 1214 578; x_wconf 70' lang='grc' dir='ltr'>Ι</span> <span class='ocrx_word' id='word_1_67' title='bbox 1233 526 1327 560; x_wconf 89' lang='lat' dir='ltr'>nobis</span> <span class='ocrx_word' id='word_1_68' title='bbox 1353 525 1520 559; x_wconf 88' lang='lat' dir='ltr'>humiliter</span> <span class='ocrx_word' id='word_1_69' title='bbox 1548 525 1738 570; x_wconf 76' lang='lat' dir='ltr'>supplicavit</span> <span class='ocrx_word' id='word_1_70' title='bbox 1770 530 1807 558; x_wconf 76' lang='lat' dir='ltr'>ut</span> <span class='ocrx_word' id='word_1_71' title='bbox 1839 524 1871 557; x_wconf 91' lang='lat' dir='ltr'>in</span> <span class='ocrx_word' id='word_1_72' title='bbox 1899 524 1985 558; x_wconf 88' lang='lat' dir='ltr'>dicto</span> 
     </span>
     <span class='ocr_line' id='line_1_12' title="bbox 431 577 1985 629; baseline -0.008 -6"><span class='ocrx_word' id='word_1_73' title='bbox 431 589 540 623; x_wconf 83' lang='lat' dir='ltr'>infima</span> <span class='ocrx_word' id='word_1_74' title='bbox 560 588 732 622; x_wconf 81' lang='lat' dir='ltr'>reflectens</span> <span class='ocrx_word' id='word_1_75' title='bbox 755 587 921 626; x_wconf 88' lang='lat' dir='ltr'>intuitum,</span> <span class='ocrx_word' id='word_1_76' title='bbox 944 585 1033 629; x_wconf 90' lang='lat' dir='ltr'>quid,</span> <span class='ocrx_word' id='word_1_77' title='bbox 1053 595 1112 628; x_wconf 87' lang='lat' dir='ltr'>pro</span> <span class='ocrx_word' id='word_1_78' title='bbox 1132 585 1192 617; x_wconf 82' lang='lat' dir='ltr'>liu-</span> <span class='ocrx_word' id='word_1_79' title='bbox 1233 580 1354 625; x_wconf 85' lang='lat' dir='ltr'>oppido</span> <span class='ocrx_word' id='word_1_80' title='bbox 1379 579 1623 613; x_wconf 68' lang='lat' dir='ltr'>[niversitatem</span> <span class='ocrx_word' id='word_1_81' title='bbox 1644 578 1746 612; x_wconf 88' lang='lat' dir='ltr'>Studii</span> <span class='ocrx_word' id='word_1_82' title='bbox 1774 579 1934 622; x_wconf 82' lang='lat' dir='ltr'>generalis</span> <span class='ocrx_word' id='word_1_83' title='bbox 1953 577 1985 611; x_wconf 91' lang='lat' dir='ltr'>in</span> 
     </span>
    </p>
   </div>
   <div class='ocr_carea' id='block_1_4' title="bbox 431 631 1986 679">
    <p class='ocr_par' dir='ltr' id='par_1_5' title="bbox 431 631 1986 679">
     <span class='ocr_line' id='line_1_13' title="bbox 431 631 1986 679; baseline -0.008 -3"><span class='ocrx_word' id='word_1_84' title='bbox 431 639 979 679; x_wconf 84' lang='lat' dir='ltr'>iusmodiillustrandaEcclesia,ad</span> <span class='ocrx_word' id='word_1_85' title='bbox 992 638 1065 671; x_wconf 81' lang='lat' dir='ltr'>fidei</span> <span class='ocrx_word' id='word_1_86' title='bbox 1082 638 1192 671; x_wconf 87' lang='lat' dir='ltr'>ortho-</span> <span class='ocrx_word' id='word_1_87' title='bbox 1235 634 1400 678; x_wconf 76' lang='lat' dir='ltr'>quibusvis</span> <span class='ocrx_word' id='word_1_88' title='bbox 1419 633 1607 666; x_wconf 80' lang='lat' dir='ltr'>liberalibus</span> <span class='ocrx_word' id='word_1_89' title='bbox 1635 632 1813 677; x_wconf 87' lang='lat' dir='ltr'>disciplinis</span> <span class='ocrx_word' id='word_1_90' title='bbox 1832 638 1862 666; x_wconf 89' lang='lat' dir='ltr'>et</span> <span class='ocrx_word' id='word_1_91' title='bbox 1891 631 1986 666; x_wconf 87' lang='lat' dir='ltr'>licitis</span> 
     </span>
    </p>
   </div>
   <div class='ocr_carea' id='block_1_5' title="bbox 2000 253 2183 282">
    <p class='ocr_par' dir='ltr' id='par_1_6' title="bbox 2000 253 2183 282">
     <span class='ocr_line' id='line_1_14' title="bbox 2000 253 2183 282; baseline -0.011 0"><span class='ocrx_word' id='word_1_92' title='bbox 2000 255 2047 282; x_wconf 74' lang='lat' dir='ltr'>Aa.</span> <span class='ocrx_word' id='word_1_93' title='bbox 2069 254 2098 282; x_wconf 88' lang='lat' dir='ltr'>C.</span> <span class='ocrx_word' id='word_1_94' title='bbox 2117 253 2183 281; x_wconf 63' lang='lat'>2552</span> 
     </span>
    </p>
   </div>
   <div class='ocr_carea' id='block_1_6' title="bbox 2001 475 2186 567">
    <p class='ocr_par' dir='ltr' id='par_1_7' title="bbox 2001 475 2186 567">
     <span class='ocr_line' id='line_1_15' title="bbox 2013 475 2186 498; baseline 0.006 -2"><span class='ocrx_word' id='word_1_95' title='bbox 2013 475 2130 498; x_wconf 65' lang='lat' dir='ltr'>C1sdinnlis</span> <span class='ocrx_word' id='word_1_96' title='bbox 2144 475 2186 497; x_wconf 72' lang='lat' dir='ltr'>Au-</span> 
     </span>
     <span class='ocr_line' id='line_1_16' title="bbox 2001 507 2185 534; baseline 0 -6"><span class='ocrx_word' id='word_1_97' title='bbox 2001 509 2082 534; x_wconf 62' lang='lat' dir='ltr'>gustini</span> <span class='ocrx_word' id='word_1_98' title='bbox 2099 507 2138 528; x_wconf 77' lang='lat' dir='ltr'>bn:</span> <span class='ocrx_word' id='word_1_99' title='bbox 2148 513 2185 528; x_wconf 78' lang='lat' dir='ltr'>sn-</span> 
     </span>
     <span class='ocr_line' id='line_1_17' title="bbox 2001 543 2184 567; baseline 0 -9"><span class='ocrx_word' id='word_1_100' title='bbox 2001 545 2038 567; x_wconf 70' lang='lat' dir='ltr'>per</span> <span class='ocrx_word' id='word_1_101' title='bbox 2061 545 2083 559; x_wconf 73' lang='lat' dir='ltr'>re</span> <span class='ocrx_word' id='word_1_102' title='bbox 2099 543 2184 566; x_wconf 67' lang='lat' dir='ltr'>preces.</span> 
     </span>
    </p>
   </div>
   <div class='ocr_carea' id='block_1_7' title="bbox 431 691 1195 1170">
    <p class='ocr_par' dir='ltr' id='par_1_8' title="bbox 431 691 1195 1170">
     <span class='ocr_line' id='line_1_18' title="bbox 431 691 1192 739; baseline -0.004 -12"><span class='ocrx_word' id='word_1_103' title='bbox 431 696 530 729; x_wconf 83' lang='lat' dir='ltr'>doxae</span> <span class='ocrx_word' id='word_1_104' title='bbox 541 694 809 739; x_wconf 75' lang='lat' dir='ltr'>propagationem</span> <span class='ocrx_word' id='word_1_105' title='bbox 828 693 984 731; x_wconf 80' lang='lat' dir='ltr'>conferat,</span> <span class='ocrx_word' id='word_1_106' title='bbox 999 691 1114 736; x_wconf 70' lang='lat' dir='ltr'>quidve</span> <span class='ocrx_word' id='word_1_107' title='bbox 1131 696 1192 724; x_wconf 90' lang='lat' dir='ltr'>sta-</span> 
     </span>
     <span class='ocr_line' id='line_1_19' title="bbox 432 744 1194 791; baseline -0.007 -9"><span class='ocrx_word' id='word_1_108' title='bbox 432 748 478 782; x_wconf 86' lang='lat' dir='ltr'>tui</span> <span class='ocrx_word' id='word_1_109' title='bbox 497 747 645 782; x_wconf 83' lang='lat' dir='ltr'>fidelium</span> <span class='ocrx_word' id='word_1_110' title='bbox 662 745 884 791; x_wconf 89' lang='lat' dir='ltr'>quorumlibet</span> <span class='ocrx_word' id='word_1_111' title='bbox 901 744 1077 785; x_wconf 75' lang='lat' dir='ltr'>conveniat,</span> <span class='ocrx_word' id='word_1_112' title='bbox 1093 750 1194 778; x_wconf 89' lang='lat' dir='ltr'>atten-</span> 
     </span>
     <span class='ocr_line' id='line_1_20' title="bbox 431 799 1191 846; baseline -0.004 -12"><span class='ocrx_word' id='word_1_113' title='bbox 431 803 494 836; x_wconf 86' lang='lat' dir='ltr'>tius</span> <span class='ocrx_word' id='word_1_114' title='bbox 509 801 759 846; x_wconf 76' lang='lat' dir='ltr'>prospiciamus,</span> <span class='ocrx_word' id='word_1_115' title='bbox 784 806 813 833; x_wconf 84' lang='lat' dir='ltr'>et</span> <span class='ocrx_word' id='word_1_116' title='bbox 834 805 869 833; x_wconf 89' lang='lat' dir='ltr'>ut</span> <span class='ocrx_word' id='word_1_117' title='bbox 891 799 1062 833; x_wconf 88' lang='lat' dir='ltr'>cuiuslibet</span> <span class='ocrx_word' id='word_1_118' title='bbox 1079 810 1096 832; x_wconf 88' lang='lat' dir='ltr'>a</span> <span class='ocrx_word' id='word_1_119' title='bbox 1112 799 1191 832; x_wconf 87' lang='lat' dir='ltr'>fide-</span> 
     </span>
     <span class='ocr_line' id='line_1_21' title="bbox 431 852 1191 900; baseline -0.005 -11"><span class='ocrx_word' id='word_1_120' title='bbox 431 856 516 890; x_wconf 88' lang='lat' dir='ltr'>libus</span> <span class='ocrx_word' id='word_1_121' title='bbox 537 854 616 900; x_wconf 87' lang='lat' dir='ltr'>ipsis</span> <span class='ocrx_word' id='word_1_122' title='bbox 630 853 807 899; x_wconf 82' lang='lat' dir='ltr'>profligatis</span> <span class='ocrx_word' id='word_1_123' title='bbox 822 852 1025 897; x_wconf 71' lang='lat' dir='ltr'>ignorantiae</span> <span class='ocrx_word' id='word_1_124' title='bbox 1039 852 1191 891; x_wconf 87' lang='lat' dir='ltr'>tenebris,</span> 
     </span>
     <span class='ocr_line' id='line_1_22' title="bbox 433 906 1192 954; baseline -0.005 -12"><span class='ocrx_word' id='word_1_125' title='bbox 433 910 478 944; x_wconf 89' lang='lat' dir='ltr'>illi</span> <span class='ocrx_word' id='word_1_126' title='bbox 500 920 560 954; x_wconf 91' lang='lat' dir='ltr'>per</span> <span class='ocrx_word' id='word_1_127' title='bbox 579 909 701 942; x_wconf 92' lang='lat' dir='ltr'>donum</span> <span class='ocrx_word' id='word_1_128' title='bbox 730 907 905 952; x_wconf 77' lang='lat' dir='ltr'>sapientiae</span> <span class='ocrx_word' id='word_1_129' title='bbox 933 906 966 939; x_wconf 94' lang='lat' dir='ltr'>in</span> <span class='ocrx_word' id='word_1_130' title='bbox 990 906 1040 939; x_wconf 73' lang='lat' dir='ltr'>via</span> <span class='ocrx_word' id='word_1_131' title='bbox 1059 906 1192 939; x_wconf 84' lang='lat' dir='ltr'>manda-</span> 
     </span>
     <span class='ocr_line' id='line_1_23' title="bbox 431 960 1194 1000; baseline -0.005 -4"><span class='ocrx_word' id='word_1_132' title='bbox 431 969 539 998; x_wconf 88' lang='lat' dir='ltr'>torum</span> <span class='ocrx_word' id='word_1_133' title='bbox 559 962 687 996; x_wconf 87' lang='lat' dir='ltr'>Domini</span> <span class='ocrx_word' id='word_1_134' title='bbox 715 961 897 995; x_wconf 75' lang='lat' dir='ltr'>conservari</span> <span class='ocrx_word' id='word_1_135' title='bbox 919 960 1070 1000; x_wconf 86' lang='lat' dir='ltr'>debeant,</span> <span class='ocrx_word' id='word_1_136' title='bbox 1093 965 1194 993; x_wconf 88' lang='lat' dir='ltr'>atten-</span> 
     </span>
     <span class='ocr_line' id='line_1_24' title="bbox 432 1013 1195 1059; baseline -0.007 -8"><span class='ocrx_word' id='word_1_137' title='bbox 432 1017 554 1056; x_wconf 79' lang='lat' dir='ltr'>dentes,</span> <span class='ocrx_word' id='word_1_138' title='bbox 579 1026 633 1050; x_wconf 90' lang='lat' dir='ltr'>eos</span> <span class='ocrx_word' id='word_1_139' title='bbox 648 1015 687 1049; x_wconf 91' lang='lat' dir='ltr'>ad</span> <span class='ocrx_word' id='word_1_140' title='bbox 703 1013 925 1059; x_wconf 89' lang='lat' dir='ltr'>quaerendum</span> <span class='ocrx_word' id='word_1_141' title='bbox 945 1013 1114 1047; x_wconf 87' lang='lat' dir='ltr'>literarum</span> <span class='ocrx_word' id='word_1_142' title='bbox 1131 1018 1195 1047; x_wconf 88' lang='lat' dir='ltr'>stu-</span> 
     </span>
     <span class='ocr_line' id='line_1_25' title="bbox 435 1067 1193 1115; baseline -0.005 -11"><span class='ocrx_word' id='word_1_143' title='bbox 435 1070 505 1111; x_wconf 86' lang='lat' dir='ltr'>dia,</span> <span class='ocrx_word' id='word_1_144' title='bbox 527 1080 586 1115; x_wconf 89' lang='lat' dir='ltr'>per</span> <span class='ocrx_word' id='word_1_145' title='bbox 612 1080 696 1114; x_wconf 86' lang='lat' dir='ltr'>quae</span> <span class='ocrx_word' id='word_1_146' title='bbox 728 1067 895 1101; x_wconf 88' lang='lat' dir='ltr'>militantis</span> <span class='ocrx_word' id='word_1_147' title='bbox 935 1067 1090 1101; x_wconf 88' lang='lat' dir='ltr'>ecclesiae</span> <span class='ocrx_word' id='word_1_148' title='bbox 1129 1078 1193 1100; x_wconf 87' lang='lat' dir='ltr'>res-</span> 
     </span>
     <span class='ocr_line' id='line_1_26' title="bbox 434 1121 1195 1170; baseline -0.007 -12"><span class='ocrx_word' id='word_1_149' title='bbox 434 1124 565 1170; x_wconf 86' lang='lat' dir='ltr'>publica</span> <span class='ocrx_word' id='word_1_150' title='bbox 587 1122 723 1167; x_wconf 86' lang='lat' dir='ltr'>regitur‚</span> <span class='ocrx_word' id='word_1_151' title='bbox 743 1121 841 1155; x_wconf 86' lang='lat' dir='ltr'>divini</span> <span class='ocrx_word' id='word_1_152' title='bbox 874 1121 1019 1154; x_wconf 85' lang='lat' dir='ltr'>nominis</span> <span class='ocrx_word' id='word_1_153' title='bbox 1049 1132 1085 1154; x_wconf 88' lang='lat' dir='ltr'>ac</span> <span class='ocrx_word' id='word_1_154' title='bbox 1111 1121 1195 1154; x_wconf 81' lang='lat' dir='ltr'>eius-</span> 
     </span>
    </p>
   </div>
   <div class='ocr_carea' id='block_1_8' title="bbox 434 1174 1215 1220">
    <p class='ocr_par' dir='ltr' id='par_1_9' title="bbox 434 1174 1215 1220">
     <span class='ocr_line' id='line_1_27' title="bbox 434 1174 1215 1220; baseline -0.006 -8"><span class='ocrx_word' id='word_1_155' title='bbox 434 1177 507 1212; x_wconf 88' lang='lat' dir='ltr'>dem</span> <span class='ocrx_word' id='word_1_156' title='bbox 535 1176 610 1211; x_wconf 85' lang='lat' dir='ltr'>fidei</span> <span class='ocrx_word' id='word_1_157' title='bbox 637 1177 744 1210; x_wconf 90' lang='lat' dir='ltr'>cultus</span> <span class='ocrx_word' id='word_1_158' title='bbox 771 1174 999 1220; x_wconf 81' lang='lat' dir='ltr'>protenditur,</span> <span class='ocrx_word' id='word_1_159' title='bbox 1022 1175 1215 1218; x_wconf 76' lang='lat' dir='ltr'>omnisque*</span> 
     </span>
    </p>
   </div>
   <div class='ocr_carea' id='block_1_9' title="bbox 434 1228 1197 1809">
    <p class='ocr_par' dir='ltr' id='par_1_10' title="bbox 434 1228 1194 1703">
     <span class='ocr_line' id='line_1_28' title="bbox 434 1228 1192 1275; baseline -0.007 -10"><span class='ocrx_word' id='word_1_160' title='bbox 434 1232 597 1265; x_wconf 83' lang='lat' dir='ltr'>humanae</span> <span class='ocrx_word' id='word_1_161' title='bbox 639 1229 863 1275; x_wconf 85' lang='lat' dir='ltr'>prosperitatis</span> <span class='ocrx_word' id='word_1_162' title='bbox 909 1228 1050 1262; x_wconf 90' lang='lat' dir='ltr'>conditio</span> <span class='ocrx_word' id='word_1_163' title='bbox 1094 1238 1192 1271; x_wconf 75' lang='lat' dir='ltr'>auge-</span> 
     </span>
     <span class='ocr_line' id='line_1_29' title="bbox 437 1281 1192 1326; baseline -0.007 -7"><span class='ocrx_word' id='word_1_164' title='bbox 437 1290 511 1325; x_wconf 87' lang='lat' dir='ltr'>tur,</span> <span class='ocrx_word' id='word_1_165' title='bbox 540 1289 667 1318; x_wconf 81' lang='lat' dir='ltr'>nostrae</span> <span class='ocrx_word' id='word_1_166' title='bbox 696 1282 922 1317; x_wconf 88' lang='lat' dir='ltr'>sollicitudinis</span> <span class='ocrx_word' id='word_1_167' title='bbox 951 1293 1012 1326; x_wconf 88' lang='lat' dir='ltr'>ope</span> <span class='ocrx_word' id='word_1_168' title='bbox 1039 1281 1192 1326; x_wconf 84' lang='lat' dir='ltr'>apostoli-</span> 
     </span>
     <span class='ocr_line' id='line_1_30' title="bbox 437 1335 1193 1383; baseline -0.005 -11"><span class='ocrx_word' id='word_1_169' title='bbox 437 1339 548 1383; x_wconf 87' lang='lat' dir='ltr'>cisque</span> <span class='ocrx_word' id='word_1_170' title='bbox 579 1337 742 1372; x_wconf 79' lang='lat' dir='ltr'>favoribus</span> <span class='ocrx_word' id='word_1_171' title='bbox 772 1336 967 1382; x_wconf 87' lang='lat' dir='ltr'>propensius</span> <span class='ocrx_word' id='word_1_172' title='bbox 999 1335 1193 1375; x_wconf 73' lang='lat' dir='ltr'>excitemus,</span> 
     </span>
     <span class='ocr_line' id='line_1_31' title="bbox 437 1389 1191 1437; baseline -0.007 -11"><span class='ocrx_word' id='word_1_173' title='bbox 437 1397 535 1437; x_wconf 91' lang='lat' dir='ltr'>prout</span> <span class='ocrx_word' id='word_1_174' title='bbox 546 1392 596 1436; x_wconf 87' lang='lat' dir='ltr'>pia</span> <span class='ocrx_word' id='word_1_175' title='bbox 608 1391 840 1437; x_wconf 88' lang='lat' dir='ltr'>praelatorum,</span> <span class='ocrx_word' id='word_1_176' title='bbox 854 1389 1043 1434; x_wconf 85' lang='lat' dir='ltr'>praesertim</span> <span class='ocrx_word' id='word_1_177' title='bbox 1058 1389 1191 1422; x_wconf 81' lang='lat' dir='ltr'>fratrum</span> 
     </span>
     <span class='ocr_line' id='line_1_32' title="bbox 438 1441 1193 1486; baseline -0.008 -6"><span class='ocrx_word' id='word_1_178' title='bbox 438 1451 622 1480; x_wconf 89' lang='lat' dir='ltr'>nostrorum</span> <span class='ocrx_word' id='word_1_179' title='bbox 640 1445 670 1479; x_wconf 87' lang='lat' dir='ltr'>S.</span> <span class='ocrx_word' id='word_1_180' title='bbox 694 1444 730 1477; x_wconf 80' lang='lat' dir='ltr'>R.</span> <span class='ocrx_word' id='word_1_181' title='bbox 754 1443 789 1477; x_wconf 88' lang='lat' dir='ltr'>E.</span> <span class='ocrx_word' id='word_1_182' title='bbox 813 1443 1040 1483; x_wconf 80' lang='lat' dir='ltr'>cardinalium,</span> <span class='ocrx_word' id='word_1_183' title='bbox 1060 1452 1141 1486; x_wconf 87' lang='lat' dir='ltr'>quos</span> <span class='ocrx_word' id='word_1_184' title='bbox 1162 1441 1193 1474; x_wconf 91' lang='lat' dir='ltr'>in</span> 
     </span>
     <span class='ocr_line' id='line_1_33' title="bbox 437 1496 1192 1545; baseline -0.007 -12"><span class='ocrx_word' id='word_1_185' title='bbox 437 1505 562 1545; x_wconf 88' lang='lat' dir='ltr'>partem</span> <span class='ocrx_word' id='word_1_186' title='bbox 578 1498 728 1532; x_wconf 88' lang='lat' dir='ltr'>laborum</span> <span class='ocrx_word' id='word_1_187' title='bbox 750 1497 891 1531; x_wconf 76' lang='lat' dir='ltr'>evocavit</span> <span class='ocrx_word' id='word_1_188' title='bbox 907 1496 1106 1536; x_wconf 85' lang='lat' dir='ltr'>Altissimus,</span> <span class='ocrx_word' id='word_1_189' title='bbox 1123 1501 1192 1529; x_wconf 73' lang='lat' dir='ltr'>vota</span> 
     </span>
     <span class='ocr_line' id='line_1_34' title="bbox 438 1551 1193 1598; baseline -0.008 -11"><span class='ocrx_word' id='word_1_190' title='bbox 438 1557 628 1598; x_wconf 77' lang='lat' dir='ltr'>exposcunt,</span> <span class='ocrx_word' id='word_1_191' title='bbox 650 1556 681 1585; x_wconf 89' lang='lat' dir='ltr'>et</span> <span class='ocrx_word' id='word_1_192' title='bbox 697 1561 768 1591; x_wconf 81' lang='lat' dir='ltr'>nos,</span> <span class='ocrx_word' id='word_1_193' title='bbox 787 1551 936 1584; x_wconf 88' lang='lat' dir='ltr'>locorum</span> <span class='ocrx_word' id='word_1_194' title='bbox 958 1555 989 1582; x_wconf 90' lang='lat' dir='ltr'>et</span> <span class='ocrx_word' id='word_1_195' title='bbox 1007 1555 1193 1593; x_wconf 86' lang='lat' dir='ltr'>temporum</span> 
     </span>
     <span class='ocr_line' id='line_1_35' title="bbox 438 1602 1194 1651; baseline -0.007 -11"><span class='ocrx_word' id='word_1_196' title='bbox 438 1606 591 1651; x_wconf 83' lang='lat' dir='ltr'>qualitate</span> <span class='ocrx_word' id='word_1_197' title='bbox 610 1610 755 1650; x_wconf 85' lang='lat' dir='ltr'>pensata,</span> <span class='ocrx_word' id='word_1_198' title='bbox 774 1603 994 1648; x_wconf 86' lang='lat' dir='ltr'>conspicimus</span> <span class='ocrx_word' id='word_1_199' title='bbox 1009 1602 1042 1636; x_wconf 88' lang='lat' dir='ltr'>in</span> <span class='ocrx_word' id='word_1_200' title='bbox 1058 1603 1194 1636; x_wconf 83' lang='lat' dir='ltr'>Domino</span> 
     </span>
     <span class='ocr_line' id='line_1_36' title="bbox 439 1658 792 1703; baseline -0.011 -9"><span class='ocrx_word' id='word_1_201' title='bbox 439 1659 611 1694; x_wconf 81' lang='lat' dir='ltr'>salubriter</span> <span class='ocrx_word' id='word_1_202' title='bbox 631 1658 792 1703; x_wconf 79' lang='lat' dir='ltr'>expedire.</span> 
     </span>
    </p>

    <p class='ocr_par' dir='ltr' id='par_1_11' title="bbox 439 1710 1197 1809">
     <span class='ocr_line' id='line_1_37' title="bbox 482 1710 1197 1758; baseline -0.006 -11"><span class='ocrx_word' id='word_1_203' title='bbox 482 1714 548 1758; x_wconf 68' lang='lat'>51.</span> <span class='ocrx_word' id='word_1_204' title='bbox 573 1713 667 1753; x_wconf 87' lang='lat' dir='ltr'>Sane,</span> <span class='ocrx_word' id='word_1_205' title='bbox 704 1712 788 1746; x_wconf 85' lang='lat' dir='ltr'>sicut</span> <span class='ocrx_word' id='word_1_206' title='bbox 805 1710 943 1745; x_wconf 83' lang='lat' dir='ltr'>dilectus</span> <span class='ocrx_word' id='word_1_207' title='bbox 972 1710 1059 1744; x_wconf 89' lang='lat' dir='ltr'>filius</span> <span class='ocrx_word' id='word_1_208' title='bbox 1087 1715 1197 1743; x_wconf 82' lang='lat' dir='ltr'>noster</span> 
     </span>
     <span class='ocr_line' id='line_1_38' title="bbox 439 1765 1197 1809; baseline -0.007 -7"><span class='ocrx_word' id='word_1_209' title='bbox 439 1767 541 1808; x_wconf 86' lang='lat' dir='ltr'>Otho,</span> <span class='ocrx_word' id='word_1_210' title='bbox 576 1767 661 1801; x_wconf 87' lang='lat' dir='ltr'>tituli</span> <span class='ocrx_word' id='word_1_211' title='bbox 688 1766 823 1800; x_wconf 80' lang='lat' dir='ltr'>Sanctae</span> <span class='ocrx_word' id='word_1_212' title='bbox 858 1765 993 1799; x_wconf 84' lang='lat' dir='ltr'>Sabinae</span> <span class='ocrx_word' id='word_1_213' title='bbox 1031 1765 1197 1809; x_wconf 70' lang='lat' dir='ltr'>presbyter</span> 
     </span>
    </p>
   </div>
   <div class='ocr_carea' id='block_1_10' title="bbox 441 1817 1219 1863">
    <p class='ocr_par' dir='ltr' id='par_1_12' title="bbox 441 1817 1219 1863">
     <span class='ocr_line' id='line_1_39' title="bbox 441 1817 1219 1863; baseline -0.006 -8"><span class='ocrx_word' id='word_1_214' title='bbox 441 1821 624 1861; x_wconf 84' lang='lat' dir='ltr'>cardinalis,</span> <span class='ocrx_word' id='word_1_215' title='bbox 659 1821 865 1863; x_wconf 80' lang='lat' dir='ltr'>Augustanus</span> <span class='ocrx_word' id='word_1_216' title='bbox 891 1824 1119 1863; x_wconf 87' lang='lat' dir='ltr'>nuncupatus,</span> <span class='ocrx_word' id='word_1_217' title='bbox 1142 1817 1197 1862; x_wconf 90' lang='lat' dir='ltr'>qui</span> <span class='ocrx_word' id='word_1_218' title='bbox 1217 1839 1219 1860; x_wconf 41' lang='grc' dir='ltr'><strong>ἱ</strong></span> 
     </span>
    </p>
   </div>
   <div class='ocr_carea' id='block_1_11' title="bbox 441 1872 1197 1918">
    <p class='ocr_par' dir='ltr' id='par_1_13' title="bbox 441 1872 1197 1918">
     <span class='ocr_line' id='line_1_40' title="bbox 441 1872 1197 1918; baseline -0.005 -9"><span class='ocrx_word' id='word_1_219' title='bbox 441 1875 595 1910; x_wconf 82' lang='lat' dir='ltr'>ecclesiae</span> <span class='ocrx_word' id='word_1_220' title='bbox 624 1875 828 1918; x_wconf 73' lang='lat' dir='ltr'>Augustanae</span> <span class='ocrx_word' id='word_1_221' title='bbox 860 1872 1043 1917; x_wconf 78' lang='lat' dir='ltr'>provinciae</span> <span class='ocrx_word' id='word_1_222' title='bbox 1063 1872 1197 1915; x_wconf 72' lang='lat' dir='ltr'>Mogun-</span> 
     </span>
    </p>
   </div>
   <div class='ocr_carea' id='block_1_12' title="bbox 442 1926 1222 2030">
    <p class='ocr_par' dir='ltr' id='par_1_14' title="bbox 442 1926 1222 2030">
     <span class='ocr_line' id='line_1_41' title="bbox 442 1926 1220 1972; baseline -0.008 -9"><span class='ocrx_word' id='word_1_223' title='bbox 442 1930 585 1963; x_wconf 88' lang='lat' dir='ltr'>tinorum</span> <span class='ocrx_word' id='word_1_224' title='bbox 603 1940 640 1962; x_wconf 78' lang='lat' dir='ltr'>ex</span> <span class='ocrx_word' id='word_1_225' title='bbox 656 1927 894 1972; x_wconf 86' lang='lat' dir='ltr'>dispensatione</span> <span class='ocrx_word' id='word_1_226' title='bbox 911 1926 1088 1971; x_wconf 81' lang='lat' dir='ltr'>apostolica</span> <span class='ocrx_word' id='word_1_227' title='bbox 1104 1936 1198 1970; x_wconf 84' lang='lat' dir='ltr'>prae·</span> <span class='ocrx_word' id='word_1_228' title='bbox 1218 1927 1220 1930; x_wconf 76' lang='grc'>’</span> 
     </span>
     <span class='ocr_line' id='line_1_42' title="bbox 443 1980 1222 2030; baseline -0.008 -12"><span class='ocrx_word' id='word_1_229' title='bbox 443 1994 512 2018; x_wconf 82' lang='lat' dir='ltr'>esse</span> <span class='ocrx_word' id='word_1_230' title='bbox 542 1982 763 2027; x_wconf 76' lang='lat' dir='ltr'>dignoscitur,</span> <span class='ocrx_word' id='word_1_231' title='bbox 786 1982 879 2015; x_wconf 89' lang='lat' dir='ltr'>nobis</span> <span class='ocrx_word' id='word_1_232' title='bbox 908 1991 1012 2025; x_wconf 89' lang='lat' dir='ltr'>nuper</span> <span class='ocrx_word' id='word_1_233' title='bbox 1036 1980 1196 2024; x_wconf 74' lang='lat' dir='ltr'>exposuit,</span> <span class='ocrx_word' id='word_1_234' title='bbox 1219 2005 1222 2030; x_wconf 79' lang='lat' dir='ltr'>i</span> 
     </span>
    </p>
   </div>
   <div class='ocr_carea' id='block_1_13' title="bbox 443 2034 1199 2134">
    <p class='ocr_par' dir='ltr' id='par_1_15' title="bbox 443 2034 1199 2134">
     <span class='ocr_line' id='line_1_43' title="bbox 443 2034 1198 2079; baseline -0.007 -7"><span class='ocrx_word' id='word_1_235' title='bbox 443 2049 518 2072; x_wconf 87' lang='lat' dir='ltr'>cum</span> <span class='ocrx_word' id='word_1_236' title='bbox 554 2038 619 2071; x_wconf 85' lang='lat' dir='ltr'>sere</span> <span class='ocrx_word' id='word_1_237' title='bbox 650 2042 715 2070; x_wconf 84' lang='lat' dir='ltr'>tota</span> <span class='ocrx_word' id='word_1_238' title='bbox 750 2035 920 2070; x_wconf 85' lang='lat' dir='ltr'>Germania</span> <span class='ocrx_word' id='word_1_239' title='bbox 953 2035 1017 2068; x_wconf 89' lang='lat' dir='ltr'>iam</span> <span class='ocrx_word' id='word_1_240' title='bbox 1053 2045 1112 2079; x_wconf 90' lang='lat' dir='ltr'>per</span> <span class='ocrx_word' id='word_1_241' title='bbox 1142 2034 1198 2067; x_wconf 87' lang='lat' dir='ltr'>tri-</span> 
     </span>
     <span class='ocr_line' id='line_1_44' title="bbox 444 2089 1199 2134; baseline -0.004 -10"><span class='ocrx_word' id='word_1_242' title='bbox 444 2091 530 2134; x_wconf 70' lang='lat' dir='ltr'>ginta</span> <span class='ocrx_word' id='word_1_243' title='bbox 558 2101 659 2124; x_wconf 92' lang='lat' dir='ltr'>annos</span> <span class='ocrx_word' id='word_1_244' title='bbox 684 2089 856 2123; x_wconf 88' lang='lat' dir='ltr'>continuos</span> <span class='ocrx_word' id='word_1_245' title='bbox 878 2095 909 2122; x_wconf 86' lang='lat' dir='ltr'>et.</span> <span class='ocrx_word' id='word_1_246' title='bbox 932 2089 972 2122; x_wconf 87' lang='lat' dir='ltr'>ad</span> <span class='ocrx_word' id='word_1_247' title='bbox 992 2089 1071 2121; x_wconf 86' lang='lat' dir='ltr'>haec</span> <span class='ocrx_word' id='word_1_248' title='bbox 1098 2098 1199 2132; x_wconf 89' lang='lat' dir='ltr'>usque</span> 
     </span>
    </p>
   </div>
   <div class='ocr_carea' id='block_1_14' title="bbox 446 2128 1223 2189">
    <p class='ocr_par' dir='ltr' id='par_1_16' title="bbox 446 2128 1223 2189">
     <span class='ocr_line' id='line_1_45' title="bbox 446 2128 1223 2189; baseline -0.003 -13"><span class='ocrx_word' id='word_1_249' title='bbox 446 2150 591 2189; x_wconf 86' lang='lat' dir='ltr'>tempora</span> <span class='ocrx_word' id='word_1_250' title='bbox 607 2143 843 2176; x_wconf 83' lang='lat' dir='ltr'>calamitatibus</span> <span class='ocrx_word' id='word_1_251' title='bbox 863 2148 893 2175; x_wconf 87' lang='lat' dir='ltr'>et</span> <span class='ocrx_word' id='word_1_252' title='bbox 913 2141 1071 2186; x_wconf 82' lang='lat' dir='ltr'>pestiferis</span> <span class='ocrx_word' id='word_1_253' title='bbox 1090 2142 1201 2174; x_wconf 86' lang='lat' dir='ltr'>haere·</span> <span class='ocrx_word' id='word_1_254' title='bbox 1220 2128 1223 2166; x_wconf 63' lang='lat' dir='ltr'>i</span> 
     </span>
    </p>
   </div>
   <div class='ocr_carea' id='block_1_15' title="bbox 447 2195 1225 2297">
    <p class='ocr_par' dir='ltr' id='par_1_17' title="bbox 447 2195 1225 2297">
     <span class='ocr_line' id='line_1_46' title="bbox 447 2195 1200 2242; baseline -0.005 -11"><span class='ocrx_word' id='word_1_255' title='bbox 447 2197 534 2231; x_wconf 70' lang='lat' dir='ltr'>sibus</span> <span class='ocrx_word' id='word_1_256' title='bbox 563 2207 718 2242; x_wconf 85' lang='lat' dir='ltr'>oppressa</span> <span class='ocrx_word' id='word_1_257' title='bbox 751 2202 781 2230; x_wconf 90' lang='lat' dir='ltr'>et</span> <span class='ocrx_word' id='word_1_258' title='bbox 814 2196 956 2229; x_wconf 73' lang='lat' dir='ltr'>involuta</span> <span class='ocrx_word' id='word_1_259' title='bbox 991 2195 1141 2234; x_wconf 70' lang='lat' dir='ltr'>extiterit,</span> <span class='ocrx_word' id='word_1_260' title='bbox 1172 2199 1200 2228; x_wconf 87' lang='lat' dir='ltr'>et</span> 
     </span>
     <span class='ocr_line' id='line_1_47' title="bbox 447 2245 1225 2297; baseline -0.006 -12"><span class='ocrx_word' id='word_1_261' title='bbox 447 2256 619 2297; x_wconf 86' lang='lat' dir='ltr'>propterea</span> <span class='ocrx_word' id='word_1_262' title='bbox 640 2250 665 2283; x_wconf 93' lang='lat' dir='ltr'>si</span> <span class='ocrx_word' id='word_1_263' title='bbox 685 2261 787 2283; x_wconf 91' lang='lat' dir='ltr'>unum</span> <span class='ocrx_word' id='word_1_264' title='bbox 808 2250 958 2292; x_wconf 79' lang='lat' dir='ltr'>generale</span> <span class='ocrx_word' id='word_1_265' title='bbox 984 2248 1131 2283; x_wconf 86' lang='lat' dir='ltr'>Studium</span> <span class='ocrx_word' id='word_1_266' title='bbox 1157 2248 1203 2281; x_wconf 91' lang='lat' dir='ltr'>di-</span> <span class='ocrx_word' id='word_1_267' title='bbox 1222 2245 1225 2288; x_wconf 68' lang='grc' dir='ltr'><em>ζ</em></span> 
     </span>
    </p>
   </div>
   <div class='ocr_carea' id='block_1_16' title="bbox 1211 686 2199 2290">
    <p class='ocr_par' dir='ltr' id='par_1_18' title="bbox 1211 686 1989 1044">
     <span class='ocr_line' id='line_1_48' title="bbox 1211 686 1985 745; baseline -0.003 -24"><span class='ocrx_word' id='word_1_268' title='bbox 1211 706 1215 745; x_wconf 57' lang='lat' dir='ltr'>i</span> <span class='ocrx_word' id='word_1_269' title='bbox 1234 687 1450 727; x_wconf 84' lang='lat' dir='ltr'>facultatibus,</span> <span class='ocrx_word' id='word_1_270' title='bbox 1469 687 1508 720; x_wconf 92' lang='lat' dir='ltr'>ad</span> <span class='ocrx_word' id='word_1_271' title='bbox 1525 687 1626 719; x_wconf 90' lang='lat' dir='ltr'>instar</span> <span class='ocrx_word' id='word_1_272' title='bbox 1647 686 1860 720; x_wconf 85' lang='lat' dir='ltr'>Bononiensis</span> <span class='ocrx_word' id='word_1_273' title='bbox 1879 691 1911 720; x_wconf 90' lang='lat' dir='ltr'>et</span> <span class='ocrx_word' id='word_1_274' title='bbox 1926 686 1985 719; x_wconf 83' lang='lat' dir='ltr'>Pa-</span> 
     </span>
     <span class='ocr_line' id='line_1_49' title="bbox 1234 740 1988 781; baseline -0.003 -6"><span class='ocrx_word' id='word_1_275' title='bbox 1234 742 1391 781; x_wconf 84' lang='lat' dir='ltr'>risiensis‚</span> <span class='ocrx_word' id='word_1_276' title='bbox 1411 752 1449 775; x_wconf 89' lang='lat' dir='ltr'>ac</span> <span class='ocrx_word' id='word_1_277' title='bbox 1473 741 1624 780; x_wconf 82' lang='lat' dir='ltr'>aliarum,</span> <span class='ocrx_word' id='word_1_278' title='bbox 1651 745 1716 773; x_wconf 86' lang='lat' dir='ltr'>tam</span> <span class='ocrx_word' id='word_1_279' title='bbox 1738 740 1847 774; x_wconf 87' lang='lat' dir='ltr'>ltaliae</span> <span class='ocrx_word' id='word_1_280' title='bbox 1866 746 1898 774; x_wconf 86' lang='lat' dir='ltr'>et</span> <span class='ocrx_word' id='word_1_281' title='bbox 1917 740 1988 775; x_wconf 91' lang='lat' dir='ltr'>Gal-</span> 
     </span>
     <span class='ocr_line' id='line_1_50' title="bbox 1235 793 1987 839; baseline -0.003 -10"><span class='ocrx_word' id='word_1_282' title='bbox 1235 796 1294 829; x_wconf 87' lang='lat' dir='ltr'>liae</span> <span class='ocrx_word' id='word_1_283' title='bbox 1310 806 1407 839; x_wconf 85' lang='lat' dir='ltr'>quam</span> <span class='ocrx_word' id='word_1_284' title='bbox 1432 795 1622 829; x_wconf 86' lang='lat' dir='ltr'>Germaniae</span> <span class='ocrx_word' id='word_1_285' title='bbox 1645 793 1894 828; x_wconf 77' lang='lat' dir='ltr'>L&#39;nivcrsitatum</span> <span class='ocrx_word' id='word_1_286' title='bbox 1914 793 1987 828; x_wconf 88' lang='lat' dir='ltr'>Stu-</span> 
     </span>
     <span class='ocr_line' id='line_1_51' title="bbox 1234 848 1985 893; baseline -0.003 -10"><span class='ocrx_word' id='word_1_287' title='bbox 1234 850 1363 884; x_wconf 88' lang='lat' dir='ltr'>diorum</span> <span class='ocrx_word' id='word_1_288' title='bbox 1384 849 1596 893; x_wconf 78' lang='lat' dir='ltr'>generalium,</span> <span class='ocrx_word' id='word_1_289' title='bbox 1620 848 1743 892; x_wconf 82' lang='lat' dir='ltr'>erigere</span> <span class='ocrx_word' id='word_1_290' title='bbox 1759 854 1790 882; x_wconf 89' lang='lat' dir='ltr'>et</span> <span class='ocrx_word' id='word_1_291' title='bbox 1805 848 1985 887; x_wconf 86' lang='lat' dir='ltr'>instituere,</span> 
     </span>
     <span class='ocr_line' id='line_1_52' title="bbox 1235 900 1989 947; baseline -0.003 -11"><span class='ocrx_word' id='word_1_292' title='bbox 1235 904 1377 947; x_wconf 87' lang='lat' dir='ltr'>aliasque</span> <span class='ocrx_word' id='word_1_293' title='bbox 1408 903 1439 936; x_wconf 90' lang='lat' dir='ltr'>in</span> <span class='ocrx_word' id='word_1_294' title='bbox 1466 902 1651 946; x_wconf 87' lang='lat' dir='ltr'>praemissis</span> <span class='ocrx_word' id='word_1_295' title='bbox 1677 907 1859 947; x_wconf 86' lang='lat' dir='ltr'>opportune</span> <span class='ocrx_word' id='word_1_296' title='bbox 1883 900 1989 946; x_wconf 74' lang='lat' dir='ltr'>provi-</span> 
     </span>
     <span class='ocr_line' id='line_1_53' title="bbox 1235 954 1987 1000; baseline -0.003 -10"><span class='ocrx_word' id='word_1_297' title='bbox 1235 957 1310 990; x_wconf 87' lang='lat' dir='ltr'>derc</span> <span class='ocrx_word' id='word_1_298' title='bbox 1339 956 1377 990; x_wconf 91' lang='lat' dir='ltr'>de</span> <span class='ocrx_word' id='word_1_299' title='bbox 1410 956 1605 1000; x_wconf 77' lang='lat' dir='ltr'>benignitate</span> <span class='ocrx_word' id='word_1_300' title='bbox 1639 955 1814 1000; x_wconf 83' lang='lat' dir='ltr'>apostolica</span> <span class='ocrx_word' id='word_1_301' title='bbox 1838 954 1987 998; x_wconf 85' lang='lat' dir='ltr'>dignare-</span> 
     </span>
     <span class='ocr_line' id='line_1_54' title="bbox 1236 1021 1321 1044; baseline -0.012 -1"><span class='ocrx_word' id='word_1_302' title='bbox 1236 1021 1321 1044; x_wconf 92' lang='lat' dir='ltr'>mur.</span> 
     </span>
    </p>

    <p class='ocr_par' dir='ltr' id='par_1_19' title="bbox 1213 1061 1995 1958">
     <span class='ocr_line' id='line_1_55' title="bbox 1279 1061 1989 1107; baseline -0.004 -10"><span class='ocrx_word' id='word_1_303' title='bbox 1279 1063 1293 1107; x_wconf 64' lang='grc' dir='ltr'>ξ</span> <span class='ocrx_word' id='word_1_304' title='bbox 1313 1062 1344 1097; x_wconf 85' lang='lat'>3.</span> <span class='ocrx_word' id='word_1_305' title='bbox 1368 1063 1430 1097; x_wconf 78' lang='lat' dir='ltr'>Nos</span> <span class='ocrx_word' id='word_1_306' title='bbox 1446 1062 1554 1106; x_wconf 79' lang='lat' dir='ltr'>igitur,</span> <span class='ocrx_word' id='word_1_307' title='bbox 1573 1062 1663 1106; x_wconf 85' lang='lat' dir='ltr'>pium</span> <span class='ocrx_word' id='word_1_308' title='bbox 1679 1066 1709 1096; x_wconf 84' lang='lat' dir='ltr'>et</span> <span class='ocrx_word' id='word_1_309' title='bbox 1722 1061 1885 1095; x_wconf 85' lang='lat' dir='ltr'>laudabile</span> <span class='ocrx_word' id='word_1_310' title='bbox 1899 1071 1989 1106; x_wconf 86' lang='lat' dir='ltr'>prae-</span> 
     </span>
     <span class='ocr_line' id='line_1_56' title="bbox 1235 1116 1988 1151; baseline -0.004 0"><span class='ocrx_word' id='word_1_311' title='bbox 1235 1117 1289 1151; x_wconf 81' lang='lat' dir='ltr'>fati</span> <span class='ocrx_word' id='word_1_312' title='bbox 1310 1117 1443 1151; x_wconf 86' lang='lat' dir='ltr'>Othonis</span> <span class='ocrx_word' id='word_1_313' title='bbox 1469 1116 1642 1150; x_wconf 86' lang='lat' dir='ltr'>cardinalis</span> <span class='ocrx_word' id='word_1_314' title='bbox 1675 1116 1871 1150; x_wconf 87' lang='lat' dir='ltr'>desiderium</span> <span class='ocrx_word' id='word_1_315' title='bbox 1899 1125 1988 1149; x_wconf 90' lang='lat' dir='ltr'>sum-</span> 
     </span>
     <span class='ocr_line' id='line_1_57' title="bbox 1237 1170 1990 1216; baseline -0.003 -11"><span class='ocrx_word' id='word_1_316' title='bbox 1237 1182 1367 1216; x_wconf 89' lang='lat' dir='ltr'>mopere</span> <span class='ocrx_word' id='word_1_317' title='bbox 1404 1171 1688 1212; x_wconf 86' lang='lat' dir='ltr'>commendantes,</span> <span class='ocrx_word' id='word_1_318' title='bbox 1723 1181 1761 1204; x_wconf 88' lang='lat' dir='ltr'>ac</span> <span class='ocrx_word' id='word_1_319' title='bbox 1789 1170 1990 1204; x_wconf 84' lang='lat' dir='ltr'>attendentes</span> 
     </span>
     <span class='ocr_line' id='line_1_58' title="bbox 1235 1223 1990 1269; baseline -0.001 -11"><span class='ocrx_word' id='word_1_320' title='bbox 1235 1225 1323 1269; x_wconf 89' lang='lat' dir='ltr'>quod</span> <span class='ocrx_word' id='word_1_321' title='bbox 1353 1236 1390 1258; x_wconf 75' lang='lat' dir='ltr'>ex</span> <span class='ocrx_word' id='word_1_322' title='bbox 1418 1224 1586 1258; x_wconf 89' lang='lat' dir='ltr'>literarum</span> <span class='ocrx_word' id='word_1_323' title='bbox 1613 1224 1739 1264; x_wconf 86' lang='lat' dir='ltr'>studio,</span> <span class='ocrx_word' id='word_1_324' title='bbox 1766 1229 1831 1257; x_wconf 89' lang='lat' dir='ltr'>tam</span> <span class='ocrx_word' id='word_1_325' title='bbox 1858 1223 1990 1268; x_wconf 83' lang='lat' dir='ltr'>publica</span> 
     </span>
     <span class='ocr_line' id='line_1_59' title="bbox 1235 1277 1991 1323; baseline 0.001 -12"><span class='ocrx_word' id='word_1_326' title='bbox 1235 1289 1332 1323; x_wconf 84' lang='lat' dir='ltr'>quam</span> <span class='ocrx_word' id='word_1_327' title='bbox 1355 1279 1487 1322; x_wconf 76' lang='lat' dir='ltr'>privata,</span> <span class='ocrx_word' id='word_1_328' title='bbox 1520 1283 1641 1312; x_wconf 88' lang='lat' dir='ltr'>ettam</span> <span class='ocrx_word' id='word_1_329' title='bbox 1677 1277 1857 1322; x_wconf 84' lang='lat' dir='ltr'>spiritualia</span> <span class='ocrx_word' id='word_1_330' title='bbox 1892 1287 1991 1322; x_wconf 86' lang='lat' dir='ltr'>quam</span> 
     </span>
     <span class='ocr_line' id='line_1_60' title="bbox 1236 1331 1992 1377; baseline 0 -11"><span class='ocrx_word' id='word_1_331' title='bbox 1236 1332 1426 1377; x_wconf 84' lang='lat' dir='ltr'>temporalia</span> <span class='ocrx_word' id='word_1_332' title='bbox 1447 1332 1618 1366; x_wconf 86' lang='lat' dir='ltr'>commoda</span> <span class='ocrx_word' id='word_1_333' title='bbox 1647 1332 1860 1377; x_wconf 79' lang='lat' dir='ltr'>proveniunt,</span> <span class='ocrx_word' id='word_1_334' title='bbox 1881 1331 1992 1366; x_wconf 91' lang='lat' dir='ltr'>huius-</span> 
     </span>
     <span class='ocr_line' id='line_1_61' title="bbox 1236 1385 1991 1430; baseline 0.001 -12"><span class='ocrx_word' id='word_1_335' title='bbox 1236 1385 1322 1419; x_wconf 89' lang='lat' dir='ltr'>modi</span> <span class='ocrx_word' id='word_1_336' title='bbox 1361 1385 1652 1430; x_wconf 86' lang='lat' dir='ltr'>supplicationibus</span> <span class='ocrx_word' id='word_1_337' title='bbox 1686 1385 1903 1427; x_wconf 41' lang='lat' dir='ltr'>inclinatiLad</span> <span class='ocrx_word' id='word_1_338' title='bbox 1936 1385 1991 1420; x_wconf 90' lang='lat' dir='ltr'>Dei</span> 
     </span>
     <span class='ocr_line' id='line_1_62' title="bbox 1236 1438 1991 1484; baseline 0.001 -12"><span class='ocrx_word' id='word_1_339' title='bbox 1236 1438 1466 1482; x_wconf 84' lang='lat' dir='ltr'>omnipotentis</span> <span class='ocrx_word' id='word_1_340' title='bbox 1494 1438 1636 1480; x_wconf 88' lang='lat' dir='ltr'>laudem,</span> <span class='ocrx_word' id='word_1_341' title='bbox 1666 1438 1699 1471; x_wconf 91' lang='lat' dir='ltr'>in</span> <span class='ocrx_word' id='word_1_342' title='bbox 1732 1438 1846 1472; x_wconf 87' lang='lat' dir='ltr'>eodem</span> <span class='ocrx_word' id='word_1_343' title='bbox 1871 1439 1991 1484; x_wconf 88' lang='lat' dir='ltr'>oppido</span> 
     </span>
     <span class='ocr_line' id='line_1_63' title="bbox 1213 1492 1992 1536; baseline 0.003 -11"><span class='ocrx_word' id='word_1_344' title='bbox 1213 1525 1216 1530; x_wconf 68' lang='grc'>,</span> <span class='ocrx_word' id='word_1_345' title='bbox 1235 1492 1378 1536; x_wconf 73' lang='lat' dir='ltr'>Dilingae</span> <span class='ocrx_word' id='word_1_346' title='bbox 1392 1492 1633 1526; x_wconf 73' lang='lat' dir='ltr'>[niversitatem</span> <span class='ocrx_word' id='word_1_347' title='bbox 1644 1492 1746 1526; x_wconf 90' lang='lat' dir='ltr'>Studii</span> <span class='ocrx_word' id='word_1_348' title='bbox 1756 1492 1992 1536; x_wconf 83' lang='lat' dir='ltr'>generalis,sub</span> 
     </span>
     <span class='ocr_line' id='line_1_64' title="bbox 1214 1545 1993 1591; baseline 0.001 -12"><span class='ocrx_word' id='word_1_349' title='bbox 1214 1547 1320 1587; x_wconf 85' lang='lat' dir='ltr'>¹dicta</span> <span class='ocrx_word' id='word_1_350' title='bbox 1346 1546 1548 1580; x_wconf 78' lang='lat' dir='ltr'>invocatione</span> <span class='ocrx_word' id='word_1_351' title='bbox 1582 1545 1690 1579; x_wconf 86' lang='lat' dir='ltr'>Sancti</span> <span class='ocrx_word' id='word_1_352' title='bbox 1724 1545 1928 1591; x_wconf 67' lang='lat' dir='ltr'>Hieronymi,</span> <span class='ocrx_word' id='word_1_353' title='bbox 1959 1546 1993 1580; x_wconf 89' lang='lat' dir='ltr'>in</span> 
     </span>
     <span class='ocr_line' id='line_1_65' title="bbox 1214 1589 1994 1645; baseline 0.001 -12"><span class='ocrx_word' id='word_1_354' title='bbox 1214 1589 1217 1628; x_wconf 64' lang='lat' dir='ltr'>i</span> <span class='ocrx_word' id='word_1_355' title='bbox 1237 1600 1403 1645; x_wconf 76' lang='lat' dir='ltr'>quibusvis</span> <span class='ocrx_word' id='word_1_356' title='bbox 1430 1599 1619 1633; x_wconf 86' lang='lat' dir='ltr'>liberalibus</span> <span class='ocrx_word' id='word_1_357' title='bbox 1647 1599 1827 1643; x_wconf 88' lang='lat' dir='ltr'>disciplinis</span> <span class='ocrx_word' id='word_1_358' title='bbox 1847 1605 1878 1633; x_wconf 87' lang='lat' dir='ltr'>et</span> <span class='ocrx_word' id='word_1_359' title='bbox 1897 1599 1994 1634; x_wconf 86' lang='lat' dir='ltr'>licitis</span> 
     </span>
     <span class='ocr_line' id='line_1_66' title="bbox 1236 1653 1994 1695; baseline 0.003 -9"><span class='ocrx_word' id='word_1_360' title='bbox 1236 1654 1451 1695; x_wconf 80' lang='lat' dir='ltr'>facultatibus,</span> <span class='ocrx_word' id='word_1_361' title='bbox 1471 1654 1511 1687; x_wconf 85' lang='lat' dir='ltr'>ad</span> <span class='ocrx_word' id='word_1_362' title='bbox 1531 1654 1631 1687; x_wconf 87' lang='lat' dir='ltr'>instar</span> <span class='ocrx_word' id='word_1_363' title='bbox 1655 1653 1867 1688; x_wconf 90' lang='lat' dir='ltr'>Bononiensis</span> <span class='ocrx_word' id='word_1_364' title='bbox 1887 1659 1920 1687; x_wconf 86' lang='lat' dir='ltr'>et</span> <span class='ocrx_word' id='word_1_365' title='bbox 1937 1653 1994 1688; x_wconf 85' lang='lat' dir='ltr'>Pa-</span> 
     </span>
     <span class='ocr_line' id='line_1_67' title="bbox 1238 1707 1994 1749; baseline 0 -6"><span class='ocrx_word' id='word_1_366' title='bbox 1238 1709 1394 1749; x_wconf 87' lang='lat' dir='ltr'>risiensis,</span> <span class='ocrx_word' id='word_1_367' title='bbox 1416 1720 1451 1742; x_wconf 89' lang='lat' dir='ltr'>ac</span> <span class='ocrx_word' id='word_1_368' title='bbox 1480 1708 1636 1748; x_wconf 85' lang='lat' dir='ltr'>aliarum,</span> <span class='ocrx_word' id='word_1_369' title='bbox 1658 1713 1723 1741; x_wconf 86' lang='lat' dir='ltr'>tam</span> <span class='ocrx_word' id='word_1_370' title='bbox 1744 1707 1852 1741; x_wconf 86' lang='lat' dir='ltr'>ltaliae</span> <span class='ocrx_word' id='word_1_371' title='bbox 1873 1713 1905 1741; x_wconf 88' lang='lat' dir='ltr'>et</span> <span class='ocrx_word' id='word_1_372' title='bbox 1923 1708 1994 1743; x_wconf 85' lang='lat' dir='ltr'>Gal-</span> 
     </span>
     <span class='ocr_line' id='line_1_68' title="bbox 1237 1761 1993 1807; baseline 0.001 -12"><span class='ocrx_word' id='word_1_373' title='bbox 1237 1763 1299 1796; x_wconf 86' lang='lat' dir='ltr'>liae</span> <span class='ocrx_word' id='word_1_374' title='bbox 1324 1773 1420 1807; x_wconf 86' lang='lat' dir='ltr'>quam</span> <span class='ocrx_word' id='word_1_375' title='bbox 1443 1762 1631 1796; x_wconf 82' lang='lat' dir='ltr'>Germaniae</span> <span class='ocrx_word' id='word_1_376' title='bbox 1653 1761 1898 1797; x_wconf 76' lang='lat' dir='ltr'>[niversitatum</span> <span class='ocrx_word' id='word_1_377' title='bbox 1920 1761 1993 1796; x_wconf 85' lang='lat' dir='ltr'>Stu-</span> 
     </span>
     <span class='ocr_line' id='line_1_69' title="bbox 1239 1815 1994 1860; baseline 0 -10"><span class='ocrx_word' id='word_1_378' title='bbox 1239 1817 1368 1850; x_wconf 89' lang='lat' dir='ltr'>diorum</span> <span class='ocrx_word' id='word_1_379' title='bbox 1403 1816 1611 1855; x_wconf 87' lang='lat' dir='ltr'>huiusmodi,</span> <span class='ocrx_word' id='word_1_380' title='bbox 1639 1815 1831 1849; x_wconf 86' lang='lat' dir='ltr'>auctoritate</span> <span class='ocrx_word' id='word_1_381' title='bbox 1865 1821 1994 1860; x_wconf 85' lang='lat' dir='ltr'>aposto·</span> 
     </span>
     <span class='ocr_line' id='line_1_70' title="bbox 1217 1864 1995 1922; baseline 0 -18"><span class='ocrx_word' id='word_1_382' title='bbox 1217 1864 1219 1922; x_wconf 49' lang='grc' dir='ltr'><em>ξ</em></span> <span class='ocrx_word' id='word_1_383' title='bbox 1240 1871 1311 1911; x_wconf 80' lang='lat' dir='ltr'>lica,</span> <span class='ocrx_word' id='word_1_384' title='bbox 1328 1877 1439 1905; x_wconf 89' lang='lat' dir='ltr'>tenore</span> <span class='ocrx_word' id='word_1_385' title='bbox 1455 1870 1685 1916; x_wconf 83' lang='lat' dir='ltr'>praesentium,</span> <span class='ocrx_word' id='word_1_386' title='bbox 1697 1870 1852 1914; x_wconf 76' lang='lat' dir='ltr'>erigimus</span> <span class='ocrx_word' id='word_1_387' title='bbox 1867 1876 1897 1904; x_wconf 89' lang='lat' dir='ltr'>et</span> <span class='ocrx_word' id='word_1_388' title='bbox 1909 1870 1995 1904; x_wconf 87' lang='lat' dir='ltr'>insti-</span> 
     </span>
     <span class='ocr_line' id='line_1_71' title="bbox 1241 1931 1371 1958; baseline 0.008 -1"><span class='ocrx_word' id='word_1_389' title='bbox 1241 1931 1371 1958; x_wconf 80' lang='lat' dir='ltr'>luimus.</span> 
     </span>
    </p>

    <p class='ocr_par' dir='ltr' id='par_1_20' title="bbox 1219 1977 2199 2290">
     <span class='ocr_line' id='line_1_72' title="bbox 1285 1977 2197 2023; baseline 0 -13"><span class='ocrx_word' id='word_1_390' title='bbox 1285 1979 1300 2023; x_wconf 63' lang='grc' dir='ltr'>ξ</span> <span class='ocrx_word' id='word_1_391' title='bbox 1319 1978 1350 2011; x_wconf 75' lang='grc'>4.</span> <span class='ocrx_word' id='word_1_392' title='bbox 1374 1979 1416 2011; x_wconf 78' lang='lat' dir='ltr'>Ac</span> <span class='ocrx_word' id='word_1_393' title='bbox 1438 1978 1484 2011; x_wconf 91' lang='lat' dir='ltr'>illi</span> <span class='ocrx_word' id='word_1_394' title='bbox 1505 1978 1549 2011; x_wconf 88' lang='lat' dir='ltr'>sic</span> <span class='ocrx_word' id='word_1_395' title='bbox 1571 1983 1696 2011; x_wconf 89' lang='lat' dir='ltr'>erectae</span> <span class='ocrx_word' id='word_1_396' title='bbox 1717 1983 1747 2010; x_wconf 91' lang='lat' dir='ltr'>et</span> <span class='ocrx_word' id='word_1_397' title='bbox 1766 1977 1943 2018; x_wconf 86' lang='lat' dir='ltr'>institutae,</span> <span class='ocrx_word' id='word_1_398' title='bbox 1959 1977 1996 2011; x_wconf 87' lang='lat' dir='ltr'>il·</span> <span class='ocrx_word' id='word_1_399' title='bbox 2024 1989 2197 2013; x_wconf 55' lang='lat' dir='ltr'>nectariam-</span> 
     </span>
     <span class='ocr_line' id='line_1_73' title="bbox 1219 2023 2198 2076; baseline 0.003 -11"><span class='ocrx_word' id='word_1_400' title='bbox 1219 2032 1221 2054; x_wconf 67' lang='lat'>‘2</span> <span class='ocrx_word' id='word_1_401' title='bbox 1243 2032 1370 2075; x_wconf 85' lang='lat' dir='ltr'>liusque</span> <span class='ocrx_word' id='word_1_402' title='bbox 1390 2042 1449 2076; x_wconf 89' lang='lat' dir='ltr'>pro</span> <span class='ocrx_word' id='word_1_403' title='bbox 1469 2037 1616 2076; x_wconf 88' lang='lat' dir='ltr'>tempore</span> <span class='ocrx_word' id='word_1_404' title='bbox 1636 2030 1846 2064; x_wconf 73' lang='lat' dir='ltr'>existentibus</span> <span class='ocrx_word' id='word_1_405' title='bbox 1865 2031 1996 2071; x_wconf 88' lang='lat' dir='ltr'>rectori,</span> <span class='ocrx_word' id='word_1_406' title='bbox 2011 2023 2198 2075; x_wconf 54' lang='grc' dir='ltr'>Ῡζζῗ,ἆζ“ξ“ῗξ,ζζ,ἶ</span> 
     </span>
     <span class='ocr_line' id='line_1_74' title="bbox 1220 2084 2199 2139; baseline 0 -20"><span class='ocrx_word' id='word_1_407' title='bbox 1220 2104 1223 2124; x_wconf 57' lang='lat'><strong>5</strong></span> <span class='ocrx_word' id='word_1_408' title='bbox 1242 2086 1422 2129; x_wconf 68' lang='lat' dir='ltr'>magistris,</span> <span class='ocrx_word' id='word_1_409' title='bbox 1452 2085 1656 2125; x_wconf 73' lang='lat' dir='ltr'>doctoribus,</span> <span class='ocrx_word' id='word_1_410' title='bbox 1686 2084 1879 2126; x_wconf 86' lang='lat' dir='ltr'>lectoribus,</span> <span class='ocrx_word' id='word_1_411' title='bbox 1902 2095 1996 2129; x_wconf 85' lang='lat' dir='ltr'>prae·</span> <span class='ocrx_word' id='word_1_412' title='bbox 2011 2085 2199 2139; x_wconf 49' lang='lat' dir='ltr'>ffissueffl‘fgssss</span> 
     </span>
     <span class='ocr_line' id='line_1_75' title="bbox 1244 2127 2199 2183; baseline 0 -11"><span class='ocrx_word' id='word_1_413' title='bbox 1244 2139 1440 2183; x_wconf 86' lang='lat' dir='ltr'>ceptoribus,</span> <span class='ocrx_word' id='word_1_414' title='bbox 1463 2138 1666 2172; x_wconf 87' lang='lat' dir='ltr'>scholaribus</span> <span class='ocrx_word' id='word_1_415' title='bbox 1679 2165 1687 2178; x_wconf 89' lang='lat'>,</span> <span class='ocrx_word' id='word_1_416' title='bbox 1708 2138 1847 2179; x_wconf 87' lang='lat' dir='ltr'>bidellis‚</span> <span class='ocrx_word' id='word_1_417' title='bbox 1869 2138 1999 2172; x_wconf 88' lang='lat' dir='ltr'>nunciis</span> <span class='ocrx_word' id='word_1_418' title='bbox 2013 2127 2199 2179; x_wconf 51' lang='grc' dir='ltr'>*ἱ--Ηῑὲἷωωῦ</span> 
     </span>
     <span class='ocr_line' id='line_1_76' title="bbox 1243 2176 2168 2236; baseline 0 -10"><span class='ocrx_word' id='word_1_419' title='bbox 1243 2198 1272 2226; x_wconf 91' lang='lat' dir='ltr'>et</span> <span class='ocrx_word' id='word_1_420' title='bbox 1298 2193 1369 2227; x_wconf 86' lang='lat' dir='ltr'>aliis</span> <span class='ocrx_word' id='word_1_421' title='bbox 1396 2193 1589 2227; x_wconf 82' lang='lat' dir='ltr'>officialibus</span> <span class='ocrx_word' id='word_1_422' title='bbox 1615 2203 1653 2226; x_wconf 87' lang='lat' dir='ltr'>ac</span> <span class='ocrx_word' id='word_1_423' title='bbox 1678 2193 1841 2236; x_wconf 87' lang='lat' dir='ltr'>personis,</span> <span class='ocrx_word' id='word_1_424' title='bbox 1871 2203 1998 2226; x_wconf 90' lang='lat' dir='ltr'>necnon</span> <span class='ocrx_word' id='word_1_425' title='bbox 2012 2176 2168 2195; x_wconf 61' lang='lat' dir='ltr'>mmmmm.</span> 
     </span>
     <span class='ocr_line' id='line_1_77' title="bbox 1245 2246 2000 2290; baseline 0.003 -11"><span class='ocrx_word' id='word_1_426' title='bbox 1245 2247 1399 2280; x_wconf 89' lang='lat' dir='ltr'>membris</span> <span class='ocrx_word' id='word_1_427' title='bbox 1424 2253 1453 2280; x_wconf 89' lang='lat' dir='ltr'>et</span> <span class='ocrx_word' id='word_1_428' title='bbox 1487 2247 1639 2286; x_wconf 87' lang='lat' dir='ltr'>subditis,</span> <span class='ocrx_word' id='word_1_429' title='bbox 1675 2246 1763 2290; x_wconf 90' lang='lat' dir='ltr'>quod</span> <span class='ocrx_word' id='word_1_430' title='bbox 1790 2246 1941 2281; x_wconf 88' lang='lat' dir='ltr'>omnibus</span> <span class='ocrx_word' id='word_1_431' title='bbox 1969 2252 2000 2281; x_wconf 87' lang='lat' dir='ltr'>et</span> 
     </span>
    </p>
   </div>
   <div class='ocr_carea' id='block_1_17' title="bbox 2003 1071 2190 1164">
    <p class='ocr_par' dir='ltr' id='par_1_21' title="bbox 2003 1071 2190 1164">
     <span class='ocr_line' id='line_1_78' title="bbox 2033 1071 2190 1099; baseline -0.006 -4"><span class='ocrx_word' id='word_1_432' title='bbox 2033 1074 2121 1099; x_wconf 68' lang='lat' dir='ltr'>[rleltur</span> <span class='ocrx_word' id='word_1_433' title='bbox 2136 1071 2190 1094; x_wconf 78' lang='lat' dir='ltr'>tnt-</span> 
     </span>
     <span class='ocr_line' id='line_1_79' title="bbox 2003 1104 2189 1126; baseline 0 0"><span class='ocrx_word' id='word_1_434' title='bbox 2003 1106 2095 1126; x_wconf 67' lang='lat' dir='ltr'>versitas</span> <span class='ocrx_word' id='word_1_435' title='bbox 2119 1104 2189 1126; x_wconf 77' lang='lat' dir='ltr'>ouiu-</span> 
     </span>
     <span class='ocr_line' id='line_1_80' title="bbox 2005 1142 2067 1164; baseline 0 -7"><span class='ocrx_word' id='word_1_436' title='bbox 2005 1142 2067 1164; x_wconf 67' lang='lat' dir='ltr'>gana.</span> 
     </span>
    </p>
   </div>
   <div class='ocr_carea' id='block_1_18' title="bbox 1210 1031 1220 1570">
    <p class='ocr_par' dir='ltr' id='par_1_22' title="bbox 1210 1031 1220 1570">
     <span class='ocr_line' id='line_1_81' title="bbox 1210 1031 1220 1570; baseline 0 0"><span class='ocrx_word' id='word_1_437' title='bbox 1210 1031 1220 1570; x_wconf 95' lang='lat' dir='ltr'> </span> 
     </span>
    </p>
   </div>
   <div class='ocr_carea' id='block_1_19' title="bbox 447 2289 2002 2656">
    <p class='ocr_par' dir='ltr' id='par_1_23' title="bbox 447 2289 2002 2656">
     <span class='ocr_line' id='line_1_82' title="bbox 447 2289 1998 2344; baseline -0.003 -6"><span class='ocrx_word' id='word_1_438' title='bbox 447 2315 612 2339; x_wconf 85' lang='lat' dir='ltr'>versarum</span> <span class='ocrx_word' id='word_1_439' title='bbox 633 2304 751 2337; x_wconf 82' lang='lat' dir='ltr'>artium</span> <span class='ocrx_word' id='word_1_440' title='bbox 781 2310 811 2337; x_wconf 91' lang='lat' dir='ltr'>et</span> <span class='ocrx_word' id='word_1_441' title='bbox 841 2303 1048 2337; x_wconf 84' lang='lat' dir='ltr'>scientiarum</span> <span class='ocrx_word' id='word_1_442' title='bbox 1071 2302 1202 2335; x_wconf 87' lang='lat' dir='ltr'>catholi-</span> <span class='ocrx_word' id='word_1_443' title='bbox 1222 2289 1225 2322; x_wconf 75' lang='grc' dir='ltr'>Ι</span> <span class='ocrx_word' id='word_1_444' title='bbox 1245 2301 1380 2344; x_wconf 75' lang='lat' dir='ltr'>singulis</span> <span class='ocrx_word' id='word_1_445' title='bbox 1400 2300 1590 2344; x_wconf 73' lang='lat' dir='ltr'>privilegiis.</span> <span class='ocrx_word' id='word_1_446' title='bbox 1612 2300 1761 2341; x_wconf 87' lang='lat' dir='ltr'>indultis,</span> <span class='ocrx_word' id='word_1_447' title='bbox 1783 2300 1998 2340; x_wconf 81' lang='lat' dir='ltr'>libertatibus,</span> 
     </span>
     <span class='ocr_line' id='line_1_83' title="bbox 449 2354 1998 2402; baseline -0.003 -10"><span class='ocrx_word' id='word_1_448' title='bbox 449 2369 573 2399; x_wconf 89' lang='lat' dir='ltr'>carum,</span> <span class='ocrx_word' id='word_1_449' title='bbox 595 2358 635 2391; x_wconf 84' lang='lat' dir='ltr'>ad</span> <span class='ocrx_word' id='word_1_450' title='bbox 655 2369 774 2402; x_wconf 90' lang='lat' dir='ltr'>pueros</span> <span class='ocrx_word' id='word_1_451' title='bbox 799 2363 829 2391; x_wconf 89' lang='lat' dir='ltr'>et</span> <span class='ocrx_word' id='word_1_452' title='bbox 848 2357 926 2391; x_wconf 88' lang='lat' dir='ltr'>alias</span> <span class='ocrx_word' id='word_1_453' title='bbox 947 2367 1101 2401; x_wconf 85' lang='lat' dir='ltr'>personas</span> <span class='ocrx_word' id='word_1_454' title='bbox 1126 2355 1203 2389; x_wconf 89' lang='lat' dir='ltr'>inibi</span> <span class='ocrx_word' id='word_1_455' title='bbox 1224 2373 1225 2386; x_wconf 56' lang='grc' dir='ltr'>ι</span> <span class='ocrx_word' id='word_1_456' title='bbox 1246 2354 1517 2394; x_wconf 82' lang='lat' dir='ltr'>immunitatibus,</span> <span class='ocrx_word' id='word_1_457' title='bbox 1537 2354 1807 2398; x_wconf 76' lang='lat' dir='ltr'>exemptionibus,</span> <span class='ocrx_word' id='word_1_458' title='bbox 1826 2354 1998 2394; x_wconf 80' lang='lat' dir='ltr'>favoribus,</span> 
     </span>
     <span class='ocr_line' id='line_1_84' title="bbox 448 2407 2000 2464; baseline -0.003 -18"><span class='ocrx_word' id='word_1_459' title='bbox 448 2411 543 2446; x_wconf 89' lang='lat' dir='ltr'>bonis</span> <span class='ocrx_word' id='word_1_460' title='bbox 573 2410 736 2451; x_wconf 87' lang='lat' dir='ltr'>moribus,</span> <span class='ocrx_word' id='word_1_461' title='bbox 760 2411 932 2444; x_wconf 73' lang='lat' dir='ltr'>virtutibus</span> <span class='ocrx_word' id='word_1_462' title='bbox 960 2416 987 2444; x_wconf 85' lang='lat' dir='ltr'>et</span> <span class='ocrx_word' id='word_1_463' title='bbox 1016 2409 1203 2443; x_wconf 90' lang='lat' dir='ltr'>huiusmodi</span> <span class='ocrx_word' id='word_1_464' title='bbox 1224 2409 1227 2464; x_wconf 57' lang='lat' dir='ltr'>l</span> <span class='ocrx_word' id='word_1_465' title='bbox 1246 2408 1367 2452; x_wconf 78' lang='lat' dir='ltr'>gratiis,</span> <span class='ocrx_word' id='word_1_466' title='bbox 1391 2408 1629 2452; x_wconf 80' lang='lat' dir='ltr'>praerogativis,</span> <span class='ocrx_word' id='word_1_467' title='bbox 1645 2407 1826 2441; x_wconf 86' lang='lat' dir='ltr'>honoribus</span> <span class='ocrx_word' id='word_1_468' title='bbox 1842 2413 1874 2441; x_wconf 85' lang='lat' dir='ltr'>et</span> <span class='ocrx_word' id='word_1_469' title='bbox 1897 2417 2000 2452; x_wconf 83' lang='lat' dir='ltr'>praee-</span> 
     </span>
     <span class='ocr_line' id='line_1_85' title="bbox 450 2460 2002 2507; baseline -0.003 -8"><span class='ocrx_word' id='word_1_470' title='bbox 450 2464 591 2499; x_wconf 88' lang='lat' dir='ltr'>scientiis</span> <span class='ocrx_word' id='word_1_471' title='bbox 603 2464 764 2498; x_wconf 86' lang='lat' dir='ltr'>ornandas</span> <span class='ocrx_word' id='word_1_472' title='bbox 775 2463 1018 2503; x_wconf 85' lang='lat' dir='ltr'>etimbuendas,</span> <span class='ocrx_word' id='word_1_473' title='bbox 1037 2463 1069 2496; x_wconf 90' lang='lat' dir='ltr'>in</span> <span class='ocrx_word' id='word_1_474' title='bbox 1085 2462 1203 2507; x_wconf 85' lang='lat' dir='ltr'>oppido</span> <span class='ocrx_word' id='word_1_475' title='bbox 1224 2465 1227 2500; x_wconf 65' lang='lat' dir='ltr'>i</span> <span class='ocrx_word' id='word_1_476' title='bbox 1248 2461 1411 2495; x_wconf 86' lang='lat' dir='ltr'>minentiis</span> <span class='ocrx_word' id='word_1_477' title='bbox 1425 2488 1432 2501; x_wconf 95' lang='lat'><strong><em>‚</em></strong></span> <span class='ocrx_word' id='word_1_478' title='bbox 1468 2461 1661 2495; x_wconf 84' lang='lat' dir='ltr'>Bononiensi</span> <span class='ocrx_word' id='word_1_479' title='bbox 1691 2467 1721 2495; x_wconf 90' lang='lat' dir='ltr'>et</span> <span class='ocrx_word' id='word_1_480' title='bbox 1756 2460 1927 2494; x_wconf 85' lang='lat' dir='ltr'>Parisiensi</span> <span class='ocrx_word' id='word_1_481' title='bbox 1964 2471 2002 2495; x_wconf 84' lang='lat' dir='ltr'>ac</span> 
     </span>
     <span class='ocr_line' id='line_1_86' title="bbox 450 2502 2002 2558; baseline -0.003 -10"><span class='ocrx_word' id='word_1_482' title='bbox 450 2514 605 2558; x_wconf 79' lang='lat' dir='ltr'>Dilingae,</span> <span class='ocrx_word' id='word_1_483' title='bbox 639 2514 842 2557; x_wconf 80' lang='lat' dir='ltr'>Augustanae</span> <span class='ocrx_word' id='word_1_484' title='bbox 877 2513 1051 2553; x_wconf 85' lang='lat' dir='ltr'>dioecesis,</span> <span class='ocrx_word' id='word_1_485' title='bbox 1081 2513 1140 2545; x_wconf 89' lang='lat' dir='ltr'>sub</span> <span class='ocrx_word' id='word_1_486' title='bbox 1161 2512 1206 2545; x_wconf 88' lang='lat' dir='ltr'>in-</span> <span class='ocrx_word' id='word_1_487' title='bbox 1225 2502 1228 2530; x_wconf 65' lang='lat'><em>⁶</em></span> <span class='ocrx_word' id='word_1_488' title='bbox 1248 2511 1318 2544; x_wconf 88' lang='lat' dir='ltr'>aliis</span> <span class='ocrx_word' id='word_1_489' title='bbox 1355 2511 1621 2545; x_wconf 75' lang='lat' dir='ltr'>[nirersitatibus</span> <span class='ocrx_word' id='word_1_490' title='bbox 1636 2510 1826 2555; x_wconf 84' lang='lat' dir='ltr'>praedictis,</span> <span class='ocrx_word' id='word_1_491' title='bbox 1855 2511 2002 2544; x_wconf 89' lang='lat' dir='ltr'>illarum-</span> 
     </span>
     <span class='ocr_line' id='line_1_87' title="bbox 451 2559 2000 2605; baseline -0.002 -10"><span class='ocrx_word' id='word_1_492' title='bbox 451 2563 618 2598; x_wconf 79' lang='lat' dir='ltr'>vocatione</span> <span class='ocrx_word' id='word_1_493' title='bbox 634 2562 740 2596; x_wconf 85' lang='lat' dir='ltr'>Sancti</span> <span class='ocrx_word' id='word_1_494' title='bbox 756 2562 955 2605; x_wconf 69' lang='lat' dir='ltr'>Hieronymi,</span> <span class='ocrx_word' id='word_1_495' title='bbox 974 2562 1153 2604; x_wconf 65' lang='lat' dir='ltr'>erigeretur</span> <span class='ocrx_word' id='word_1_496' title='bbox 1177 2567 1205 2594; x_wconf 89' lang='lat' dir='ltr'>et</span> <span class='ocrx_word' id='word_1_497' title='bbox 1226 2559 1228 2586; x_wconf 71' lang='lat' dir='ltr'>l</span> <span class='ocrx_word' id='word_1_498' title='bbox 1248 2571 1312 2603; x_wconf 83' lang='lat' dir='ltr'>quc</span> <span class='ocrx_word' id='word_1_499' title='bbox 1333 2571 1391 2604; x_wconf 89' lang='lat' dir='ltr'>pro</span> <span class='ocrx_word' id='word_1_500' title='bbox 1412 2566 1558 2603; x_wconf 85' lang='lat' dir='ltr'>tempore</span> <span class='ocrx_word' id='word_1_501' title='bbox 1579 2559 1788 2593; x_wconf 75' lang='lat' dir='ltr'>existentibus</span> <span class='ocrx_word' id='word_1_502' title='bbox 1807 2559 2000 2598; x_wconf 87' lang='lat' dir='ltr'>rectoribus,</span> 
     </span>
     <span class='ocr_line' id='line_1_88' title="bbox 452 2607 2002 2656; baseline -0.004 -9"><span class='ocrx_word' id='word_1_503' title='bbox 452 2613 686 2652; x_wconf 85' lang='lat' dir='ltr'>institueretur,</span> <span class='ocrx_word' id='word_1_504' title='bbox 699 2612 844 2656; x_wconf 80' lang='lat' dir='ltr'>profecto</span> <span class='ocrx_word' id='word_1_505' title='bbox 860 2611 937 2644; x_wconf 90' lang='lat' dir='ltr'>huic</span> <span class='ocrx_word' id='word_1_506' title='bbox 953 2610 1076 2650; x_wconf 85' lang='lat' dir='ltr'>morbo,</span> <span class='ocrx_word' id='word_1_507' title='bbox 1094 2611 1126 2643; x_wconf 86' lang='lat' dir='ltr'>in</span> <span class='ocrx_word' id='word_1_508' title='bbox 1142 2617 1206 2644; x_wconf 90' lang='lat' dir='ltr'>tota</span> <span class='ocrx_word' id='word_1_509' title='bbox 1226 2607 1229 2643; x_wconf 81' lang='lat'>¹:</span> <span class='ocrx_word' id='word_1_510' title='bbox 1250 2610 1431 2654; x_wconf 78' lang='lat' dir='ltr'>magistris,</span> <span class='ocrx_word' id='word_1_511' title='bbox 1459 2610 1662 2648; x_wconf 73' lang='lat' dir='ltr'>doctoribus,</span> <span class='ocrx_word' id='word_1_512' title='bbox 1691 2609 1867 2643; x_wconf 87' lang='lat' dir='ltr'>lectoribus</span> <span class='ocrx_word' id='word_1_513' title='bbox 1879 2635 1886 2649; x_wconf 95' lang='lat'>,</span> <span class='ocrx_word' id='word_1_514' title='bbox 1909 2618 2002 2652; x_wconf 87' lang='lat' dir='ltr'>prae-</span> 
     </span>
    </p>
   </div>
   <div class='ocr_carea' id='block_1_20' title="bbox 454 2657 2000 2712">
    <p class='ocr_par' dir='ltr' id='par_1_24' title="bbox 454 2657 2000 2712">
     <span class='ocr_line' id='line_1_89' title="bbox 454 2657 2000 2712; baseline -0.004 -17"><span class='ocrx_word' id='word_1_515' title='bbox 454 2662 519 2696; x_wconf 83' lang='lat' dir='ltr'>sere</span> <span class='ocrx_word' id='word_1_516' title='bbox 540 2660 709 2696; x_wconf 85' lang='lat' dir='ltr'>Germania</span> <span class='ocrx_word' id='word_1_517' title='bbox 729 2659 927 2699; x_wconf 88' lang='lat' dir='ltr'>huiusmodi,</span> <span class='ocrx_word' id='word_1_518' title='bbox 950 2665 983 2692; x_wconf 87' lang='lat' dir='ltr'>ut</span> <span class='ocrx_word' id='word_1_519' title='bbox 1005 2660 1205 2704; x_wconf 78' lang='lat' dir='ltr'>praefertur,</span> <span class='ocrx_word' id='word_1_520' title='bbox 1224 2657 1232 2712; x_wconf 49' lang='lat' dir='ltr'>l</span> <span class='ocrx_word' id='word_1_521' title='bbox 1251 2659 1455 2704; x_wconf 86' lang='lat' dir='ltr'>ceptoribus,</span> <span class='ocrx_word' id='word_1_522' title='bbox 1479 2659 1691 2698; x_wconf 86' lang='lat' dir='ltr'>scholaribus,</span> <span class='ocrx_word' id='word_1_523' title='bbox 1723 2657 2000 2702; x_wconf 87' lang='lat' dir='ltr'>procuratoribus,</span> 
     </span>
    </p>
   </div>
   <div class='ocr_carea' id='block_1_21' title="bbox 1217 1781 1226 2408">
    <p class='ocr_par' dir='ltr' id='par_1_25' title="bbox 1217 1781 1226 2408">
     <span class='ocr_line' id='line_1_90' title="bbox 1217 1781 1226 2408; baseline 0 0"><span class='ocrx_word' id='word_1_524' title='bbox 1217 1781 1226 2408; x_wconf 95' lang='lat' dir='ltr'> </span> 
     </span>
    </p>
   </div>
  </div>
 </body>
</html>
