2227 3001
0 186 2 268 l

1707 253 1770 288 385

274 314 363 347 dium
383 313 591 349 adhibemus,
617 315 717 346 multo
743 315 841 357 magis
859 314 1020 357 equidem,
1040 325 1044 364 ξ
1062 319 1187 345 xactum
1205 313 1311 354 suerit,
1323 319 1415 358 capto
1431 314 1618 347 restituatur
1633 315 1671 347 ad
1685 325 1813 349 omnem

273 379 332 412 pro
348 368 519 402 carceratis
531 373 559 400 et
576 367 773 412 pauperibus
796 369 826 400 in
840 369 923 401 alma
939 368 1021 401 L‘rbe
1039 366 1043 406 Ι
1062 367 1130 399 eius
1149 367 1348 410 petitionem.
1377 367 1412 399 Et
1431 367 1463 399 in
1484 368 1634 401 omnibus
1644 369 1815 411 praedictis

272 427 380 454 nostra
398 421 672 454 commorantibus
687 422 903 465 protegendis,
925 433 959 455 ex
976 422 1022 454 in-
1040 408 1042 437 Ι
1062 420 1188 453 casibus
1212 421 1332 453 iudices
1352 421 1383 452 in
1402 421 1558 453 mandatis
1576 421 1613 454 de
1632 422 1814 461 relaxando,

273 474 476 507 iunctinobis
491 474 587 507 officii
604 474 722 511 debito,
735 475 929 519 apostolicae
945 486 1020 519 pro·
1039 494 1042 503 1
1062 473 1119 505 sub
1138 473 1620 507 maiorisexcommunicationis
1634 486 1737 519 poena
1747 475 1815 520 ipso

271 527 401 560 visionis
418 533 524 572 partes
540 533 689 560 tenemur
705 528 904 573 impendere,
920 539 959 562 ne
976 530 1021 561 in-
1039 516 1042 563 i
1062 526 1143 558 sacto
1174 526 1367 560 incurrenda
1382 556 1388 568 ‚
1422 527 1556 560 debcant
1586 539 1749 572 apponere
1782 534 1816 561 ut

925 261 1039 285 PAtrLt‘s
1063 262 1094 284 tlt
1115 262 1161 285 PP.

79 262 128 289 An.
146 260 174 288 C.
195 259 260 288 1511ss
1831 264 1878 290 Aa.
1898 261 1928 288 C.
1949 260 2016 288 15¹1ss

84 746 166 768 statuis
185 748 256 768 inser-

71 782 92 799 ta
100 785 125 801 ex
136 781 205 801 causis
221 780 254 800 tue

71 813 179 838 expresffls

71 841 168 864 Pontssex
184 847 255 863 serva-

70 874 168 895 rtiuhen

66 2039 173 2060 camerati
183 2045 250 2066 qnan-

67 2072 92 2091 do
108 2072 172 2097 gratis
190 2072 250 2092 rela-

66 2103 134 2123 xandh

272 581 452 614 debitorum
465 592 600 614 onerum
614 588 640 614 et
653 583 873 625 gravaminum
888 583 1021 616 iniurias
1039 565 1042 586 ³

271 635 404 668 subeant
425 640 451 667 et
471 635 662 668 detrimenta
682 636 855 680 patiantur.

314 687 328 731 g
345 687 377 720 1.
408 688 522 721 Pravas
555 688 681 732 itaque,
717 689 919 723 detestabiles
960 690 1020 723 illi-

271 741 349 775 citas
386 741 609 786 improborum
645 743 855 787 cupiditates,
884 755 920 776 ex
947 745 1041 788 (μή-Ι

268 795 328 828 bus
348 796 465 829 nostris
489 796 624 829 subditis
651 802 679 829 et
706 797 903 841 pauperibus
929 797 1018 830 dam-

268 860 345 882 nosa
363 855 491 894 possent
517 850 685 893 provenire
711 851 888 894 dispendia,
909 851 1019 885 tollere
1039 873 1041 888 z

269 903 446 948 cupientes,
470 904 573 946 leges,
593 905 720 937 decreta
738 910 765 937 et
788 910 902 937 statuta
921 905 1019 938 infra-

267 956 404 1001 scripta,
427 968 566 1001 quorum
588 959 695 1002 aliqua
713 969 770 1002 per
787 958 888 990 felicis
911 970 1019 992 recor-

267 1009 405 1043 dationis
428 1011 638 1052 Clementem,
661 1011 941 1055 praedecessorem
960 1023 1018 1045 no-

268 1069 382 1104 strum,
403 1075 461 1107 pro
482 1065 668 1098 eorumdem
698 1075 878 1108 pauperum
898 1070 926 1098 et
949 1077 1018 1098 car-

267 1123 452 1151 ceratorum
477 1119 669 1159 commodo,
697 1118 735 1151 ad
757 1123 946 1162 perpetuam
972 1120 1017 1152 rei
1038 1120 1040 1128 '

266 1171 468 1213 memoriam,
480 1178 568 1205 motu
578 1172 724 1216 proprio,
737 1183 772 1205 ex
789 1178 875 1205 certa
887 1173 1018 1206 scientia

267 1229 298 1258 et
323 1225 487 1270 potestatis
504 1226 716 1270 plenitudine,
742 1226 867 1269 provisa
885 1232 912 1259 et
933 1227 1018 1259 salu-

265 1278 368 1312 briter
388 1279 470 1312 edita
491 1279 632 1315 fuerunt,
652 1286 753 1319 motu,
768 1280 899 1312 scientia
918 1286 948 1313 et
963 1292 1019 1324 po-

265 1337 376 1366 testate
397 1333 565 1373 similibus,
578 1333 610 1366 in
623 1334 773 1366 omnibus
783 1340 813 1366 et
829 1334 1016 1378 peromnia,
1038 1346 1040 1369 t

265 1392 300 1419 ut
317 1386 450 1420 inferius
467 1387 706 1425 describuntur,
725 1387 884 1420 observari
902 1388 1018 1422 debere
1038 1386 1040 1428 ἶ

265 1440 325 1473 hae
342 1439 374 1472 in
392 1446 585 1484 perpetuum
606 1441 739 1474 valitura
761 1442 830 1483 lege
851 1442 1019 1475 statuimus
1038 1430 1040 1446 ἶ

266 1499 296 1527 et
309 1495 511 1527 mandamus.
527 1495 742 1527 Decet-nentes
757 1494 884 1527 irritum
904 1500 934 1527 et
950 1496 1018 1528 ina-

266 1558 306 1580 ne
324 1548 478 1592 quicquid
496 1559 588 1581 secus
613 1559 710 1591 super
740 1548 789 1581 bis
805 1560 821 1580 a
840 1559 1017 1592 quoquam,

267 1601 375 1645 quavis
393 1601 594 1641 auctoritate,
615 1602 752 1635 scienter
768 1603 815 1635 vel
834 1603 1020 1645 ignoranter
1039 1643 1041 1646 .

267 1654 435 1697 contigerit
459 1655 619 1688 attentari.
644 1655 819 1689 Contrariis
839 1656 933 1689 etiam
953 1657 1019 1701 pri-
1038 1649 1041 1676 2

265 1709 388 1752 vilegiis
411 1714 439 1742 et
469 1709 753 1742 constitutionibus
778 1709 920 1753 (illorum
950 1721 1041 1758 orn-t

266 1762 356 1796 nium
372 1768 500 1796 tenores
524 1773 582 1806 pro
609 1763 761 1796 latissime
784 1764 942 1807 expressis
962 1765 1019 1797 ha-
1039 1771 1041 1803 ξ

265 1816 397 1859 bernes>
422 1827 485 1850 non
518 1817 718 1850 obstantibus
744 1817 1016 1862 quibuscumque.
1038 1814 1041 1862 ζ

265 1869 351 1910 Quae
367 1870 507 1903 intimari
526 1876 554 1904 et
573 1871 604 1903 in
625 1871 704 1904 locis
721 1871 859 1915 publicis
881 1873 1019 1916 appendi
1039 1887 1041 1899 ι

264 1925 424 1957 volumus.

309 1979 324 2022 ξ
341 1978 370 2011 2.
400 1979 433 2012 In
454 1979 565 2022 primis
602 1979 700 2023 quod,
733 1980 859 2023 quoties
889 1980 1018 2023 aliquis,
1040 2019 1041 2028 ἵ

265 2034 333 2067 sine
351 2033 501 2067 mandato
519 2033 719 2073 officialium,
731 2033 770 2065 ad
787 2045 868 2078 quos
886 2041 1018 2078 spectat,

265 2086 403 2131 capitur,
415 2093 639 2131 praeterquam
650 2087 674 2119 si
690 2087 721 2119 in
730 2087 875 2129 flagranti
885 2089 1020 2123 crimine
1040 2082 1041 2087 ¹

265 2140 455 2184 reperiatur,
463 2140 510 2173 vel
519 2140 613 2173 etiam
624 2141 729 2174 sicum
740 2142 890 2174 mandato
899 2148 1020 2186 captus,
1040 2148 1042 2165 ¹

266 2193 291 2226 si
309 2193 480 2237 culpabilis
496 2205 561 2227 non
583 2194 621 2227 sit
641 2200 807 2238 repertus,
831 2196 879 2228 vel
903 2195 1021 2229 indicia

265 2247 520 2291 purgaverit,vel
532 2248 557 2281 si
575 2248 835 2292 iudici,quieurn
846 2250 916 2293 capi
934 2250 1019 2290 feeit,

266 2301 361 2335 etiam
383 2307 470 2335 extra
490 2302 626 2343 visitam,
646 2309 700 2336 aut
723 2303 746 2335 si
765 2303 1023 2348 praesidentibus

265 2355 375 2389 visitae
384 2356 534 2400 exaliqua
544 2367 639 2389 eausa
654 2357 835 2389 rationabili
848 2357 1020 2399 videretur,
1041 2341 1044 2388 i

265 2410 374 2453 emtis,
395 2410 462 2444 sine
480 2411 587 2455 aliqua
599 2417 750 2455 capturae
769 2417 799 2444 et
817 2412 956 2446 carceris
974 2425 1023 2447 so·

266 2459 389 2492 lutione.
401 2465 429 2492 et
445 2459 511 2493 sine
521 2466 848 2501 manuexecutorum,
860 2461 960 2495 libere
972 2473 1017 2495 re·
1042 2493 1044 2503 ,

267 2508 402 2541 laxetur.
430 2508 499 2541 Etsi
518 2508 701 2542 adalicuius
714 2509 1023 2544 instantiaminiuste

269 2563 380 2600 captus
395 2557 587 2601 reperiatur,
606 2557 706 2600 ipsius
726 2558 873 2602 expensis
891 2565 1022 2603 captura

269 2611 297 2639 et
316 2606 455 2639 carceris
474 2606 590 2639 solutio
600 2607 665 2646 fiat3
686 2612 714 2639 et
734 2607 757 2640 si
776 2619 793 2640 a
807 2607 958 2640 barisello
976 2610 1022 2641 vel

268 2655 496 2688 executoribus
518 2661 630 2688 contra
653 2656 828 2700 praemissa
851 2656 973 2700 aliquid
990 2668 1023 2690 e-

347 2707 422 2739 Bait.
439 2708 517 2739 Rom.
538 2708 592 2738 Vol.
656 2709 698 2739 t'l.
865 2710 903 2740 49

1060 580 1158 621 gratis
1177 581 1296 624 ubique
1316 583 1488 615 relaxetur.
1507 582 1616 626 Neque
1634 583 1734 626 possit
1757 583 1815 616 ali-

1061 634 1137 676 quid
1158 645 1175 667 a
1195 636 1366 668 carceratis
1384 636 1535 679 praefatis
1554 636 1704 680 exigisub
1722 647 1815 680 prae-

1061 691 1146 719 textu
1163 688 1250 731 quod
1267 688 1306 720 ab
1324 688 1384 729 his,
1404 689 1459 732 qui
1474 700 1528 721 eos
1545 689 1662 722 iniuste
1680 690 1751 734 capi
1770 691 1814 723 fe—

1061 746 1186 781 cerunt,
1212 752 1405 785 recuperare
1430 748 1593 786 poterunt.
1622 743 1682 777 Sed
1700 755 1814 777 execu-

1061 799 1145 826 tores
1170 801 1198 827 et
1232 806 1399 828 carcerum
1426 796 1574 829 custodes
1604 797 1726 830 debitas
1757 798 1816 831 sibi

1061 849 1226 881 mercedes
1243 849 1282 881 ab
1300 849 1362 882 illis
1380 849 1518 893 exigant,
1538 850 1593 893 qui
1611 850 1727 884 iniuste
1746 862 1815 884 car-

1060 907 1184 934 ceratos
1202 903 1337 936 detineri
1356 910 1584 947 procurarunt.
1601 904 1748 949 Dictique
1766 905 1815 938 iu-

1060 955 1146 988 dices
1164 967 1276 989 omnes
1293 957 1466 1001 impensas,
1479 958 1573 990 etiam
1585 969 1642 1002 pro
1656 959 1818 992 alimentis

1060 1020 1118 1053 per
1135 1011 1295 1053 praefatos
1314 1018 1495 1044 carceratos
1513 1012 1622 1051 factas,
1643 1012 1699 1053 eis,
1720 1012 1815 1046 etiam

1038 1096 1040 1108 ‚
1060 1074 1157 1096 manu
1176 1065 1275 1107 regia,
1297 1065 1336 1097 ab
1355 1065 1493 1101 eisdem,
1517 1066 1571 1109 qui
1597 1077 1650 1098 eos
1673 1066 1814 1100 indebite

1060 1118 1130 1161 capi
1161 1123 1191 1151 et
1223 1118 1359 1151 detineri
1390 1118 1593 1153 institerunt.
1627 1119 1750 1152 restitui
1787 1126 1816 1153 et

1060 1170 1148 1202 refici
1168 1171 1296 1203 faciant.

1103 1222 1158 1266 §3
1169 1223 1271 1268 Capti,
1282 1223 1377 1257 etiam
1393 1224 1688 1268 proinsormatione
1706 1227 1816 1267 curiae,

1059 1282 1223 1320 tamquam
1246 1282 1340 1310 testes
1360 1277 1438 1310 nibil
1458 1277 1660 1320 capientibus
1681 1279 1814 1321 solvant,

1060 1341 1117 1364 nec
1135 1331 1167 1363 in
1185 1330 1370 1363 carceribus
1388 1331 1527 1375 publicis
1542 1337 1595 1363 aut
1614 1332 1746 1365 secretis
1763 1333 1817 1365 ali-

1059 1395 1123 1428 quo
1141 1385 1236 1418 modo
1262 1390 1436 1429 ponantur,
1457 1385 1511 1418 sed
1529 1385 1742 1419 incontinenti
1760 1398 1818 1431 per

1059 1440 1183 1473 iudices
1193 1439 1429 1477 examinentur2
1442 1439 1627 1481 examinati,
1638 1440 1676 1473 ad
1689 1451 1745 1473 sua
1764 1452 1818 1473 ne·

1059 1493 1143 1536 gotia
1162 1493 1307 1526 facienda
1328 1494 1524 1534 relaxentur,
1541 1493 1818 1537 alioquiniudices

1039 1591 1040 1596 1
1061 1559 1118 1592 pro
1131 1547 1349 1592 qualibetvice
1362 1557 1466 1591 poena
1478 1547 1589 1580 decem
1608 1548 1814 1589 ducatorum,

1060 1612 1119 1646 pro
1138 1601 1347 1634 subventione
1368 1606 1742 1634 carceratorumtantnm
1760 1613 1817 1647 ap-

1060 1656 1299 1700 plicandorum,
1327 1656 1544 1697 mulctentur,
1569 1656 1630 1688 nisi
1654 1656 1816 1699 guberna-

1059 1710 1135 1749 tori,
1149 1710 1306 1749 auditori,
1325 1709 1444 1743 vicario
1456 1710 1501 1741 vel
1521 1709 1661 1742 senatori
1678 1720 1733 1743 eos
1750 1721 1818 1744 car-

1061 1759 1216 1792 cerandos
1230 1759 1296 1792 fore
1304 1759 1628 1798 virtereturexcausa,
1639 1770 1734 1801 quam
1748 1759 1819 1792 visi-

1060 1809 1218 1841 tatoribus
1236 1808 1410 1842 iustiticare
1431 1814 1613 1841 teneantur.
1632 1808 1666 1841 Et
1688 1809 1816 1852 praedi-

1039 1866 1041 1880 1
1061 1857 1277 1891 ctisalimenta
1290 1857 1482 1897 necessaria,
1498 1857 1652 1901 quamdiu
1666 1857 1697 1890 in
1711 1868 1818 1892 carce-

1039 1921 1041 1932 2
1061 1907 1402 1944 ribusdetinebuntur,
1422 1907 1431 1934 1
1452 1907 1586 1940 velfico
1599 1913 1814 1950 praestentur.

1105 1957 1119 1999 ξ
1144 1957 1175 1989 4.
1203 1957 1349 2000 Dictique
1367 1957 1491 1989 iudices
1509 1962 1637 2000 captum
1658 1967 1716 2000 pro
1735 1967 1816 2000 quo-

1060 2006 1105 2038 vis
1117 2006 1252 2039 crimine
1269 2006 1300 2038 in
1311 2006 1441 2039 secretis
1460 2006 1645 2039 carceribus
1658 2007 1741 2039 ultra
1757 2007 1815 2039 tri-

1040 2070 1042 2077 *
1061 2054 1161 2087 duum
1176 2060 1347 2098 antequam
1361 2055 1560 2087 examinetur
1574 2055 1711 2088 retinere
1728 2057 1817 2088 nullo

1062 2104 1157 2137 modo
1174 2104 1309 2148 possint,
1329 2105 1383 2137 sed
1401 2104 1483 2137 infra
1508 2104 1652 2138 triduum
1670 2116 1816 2138 carcera-
1844 2111 1873 2127 ⁸¹·

1062 2159 1129 2186 tum
1151 2153 1337 2186 huiusmodi
1361 2153 1555 2191 examinent,
1576 2160 1606 2187 et
1628 2154 1714 2186 iuxta
1737 2154 1818 2188 iuris

1062 2206 1322 2250 dispositionem,
1347 2213 1401 2240 aut
1423 2208 1583 2247 relaxent,
1609 2207 1634 2240 si
1662 2208 1819 2241 innocens

1063 2255 1256 2300 reperiatur,
1280 2256 1328 2289 vel
1347 2261 1465 2300 ponant
1490 2256 1529 2289 ad
1552 2257 1686 2299 largam,
1712 2257 1760 2289 vel
1785 2257 1818 2290 in

1063 2304 1156 2337 dictis
1173 2305 1304 2338 seeretis
1324 2304 1521 2345 carceribuS,
1536 2311 1632 2348 prout
1647 2305 1720 2338 sacti
1739 2317 1819 2350 qua-

1063 2353 1134 2386 litas
1151 2354 1342 2398 expostulat,
1361 2353 1532 2394 retinean13
1552 2354 1695 2398 alioquin
1713 2361 1820 2389 eustos

1064 2403 1095 2435 in
1117 2403 1222 2447 prima
1240 2402 1329 2436 visita
1346 2401 1602 2435 idvisitatoribus
1615 2403 1819 2437 manifestare

1064 2457 1223 2491 teneatur,
1243 2451 1301 2484 sub
1319 2462 1422 2495 poena
1439 2450 1550 2484 decem
1561 2451 1752 2485 ducatorum
1761 2464 1817 2496 ap-

1065 2500 1289 2544 plicandorum
1313 2506 1347 2533 ut
1370 2506 1415 2533 est
1441 2511 1538 2545 supra
1561 2501 1729 2544 scriptum;
1757 2501 1818 2535 nisi

1065 2550 1102 2582 de
1124 2549 1273 2583 mandato
1282 2555 1390 2582 nostro
1408 2549 1501 2582 aliter
1514 2549 1815 2592 sueiitordinatum,

1065 2599 1103 2632 de
1121 2610 1185 2643 quo
1208 2599 1358 2632 mandato
1384 2599 1443 2644 ipsi
1461 2599 1585 2633 iudices
1601 2599 1817 2633 visitatoribus

1103 2674 1112 2696 1
1136 2672 1174 2697 Ab
1191 2674 1344 2703 instiqatore
1361 2673 1397 2697 vel
1416 2673 1489 2705 fisco,
1506 2670 1622 2698 Cherub.
1641 2670 1679 2705 (n.
1701 2670 1750 2706 τ.).

1844 1244 1901 1270 Capti
1912 1246 2016 1270 tamquam

1832 1279 1898 1297 testes
1910 1277 2014 1301 quiniuodo

1832 1308 1889 1328 [Μαι
1898 1308 1947 1327 tulli.

1828 1999 1834 2005 ,
1847 1980 1864 1997 ¹.
1876 1981 1952 1999 rrerati
1964 1981 2017 2000 in'ra

1833 2012 1921 2031 tr'duum
1939 2013 2019 2031 emmi-

1832 2043 2018 2064 ne.21ur,i=tdet·1-

1833 2074 1857 2094 de
1868 2074 1899 2093 vil
1912 2075 1983 2093 dimitti
1995 2081 2019 2093 n-

1891 2107 1922 2123 vel
1937 2109 2018 2130 ponan-

1834 2139 1866 2156 lur
1877 2136 1901 2156 ad
1916 2136 2003 2162 latgan‘.
