2227 3001
63 276 113 304 An.
131 275 160 302 C.
178 276 244 303 1555

97 491 213 512 Processus
224 494 245 511 et.

62 523 179 543 sententias
194 528 246 543 eon-

62 556 92 573 tra
104 558 140 573 eos
150 552 201 572 latas
211 558 246 571 au-

61 583 163 605 nultn1.et
174 583 193 602 iu
205 584 244 609 pii-

63 614 140 633 stinunn
170 617 245 634 statum

60 647 155 671 reperim

79 1877 235 1898 Contravenien
244 1887 249 1890 »

66 1909 120 1930 tibus
137 1908 248 1934 poenastite

66 1941 183 1967 descriptas
209 1941 247 1960 iiu-

67 1975 134 1998 pontu

897 276 1013 299 PAt‘Lt‘S
1037 274 1070 297 ΙΙΙ
1094 274 1141 297 ΡΡ.

258 329 397 369 fuerant,
420 334 521 368 erant,
544 333 659 362 statum
681 328 892 368 restituimus,
914 338 1007 371 repo-

259 381 368 414 nimus
387 386 417 414 et
434 382 576 425 plenarie
597 382 842 424 reintegramus.

304 434 385 477 524.
410 435 446 466 Et
471 435 603 478 insuper
628 434 818 467 auctoritate
843 440 873 467 et
897 439 1007 466 tenure

262 486 453 530 supradictis
481 488 649 520 statuimus
674 492 703 520 et
723 488 922 522 ordinamus.
953 499 1007 519 vo-

260 540 368 573 lumus
387 545 417 572 et
447 540 637 572 mandamus
667 541 752 583 quod
788 541 941 584 praedicti
972 541 1008 573 li-

260 592 327 625 beri
347 597 375 625 et
403 594 546 636 plenarie
579 594 729 629 absoluti,
764 595 820 626 tuti
847 599 874 625 et
902 594 1006 626 securi

259 651 456 685 remaneant,
478 651 505 677 et
528 646 566 679 de
587 647 745 679 baeresim
769 652 798 679 et
815 647 1007 690 apostasiam

258 709 294 730 ac
315 698 547 742 blasphemiam
577 700 786 743 sapientibus,
806 711 841 731 ae.
858 700 928 732 aliis
948 700 1008 732 eri-

260 751 400 784 minibns
422 757 451 785 et
471 753 652 785 excessibus
673 754 876 797 supradietis,
890 764 947 796 per
963 754 1007 796 ip-

259 815 309 837 sos
341 816 444 847 usque
471 806 510 838 ad
540 806 623 838 diem
653 807 742 839 datae
770 807 1004 849 praesentium,

258 859 499 901 quomodolibet
532 861 731 903 perpetratis,
755 861 938 892 nullatenus
959 860 1007 891 in-

258 912 357 955 quiri,
379 914 524 946 accusari
545 914 591 946 vel
614 914 775 946 molestari
800 913 940 957 possint3
971 924 1006 945 ac

257 966 356 1008 quod,
378 967 630 1009 praemissorum
652 967 833 1004 occasione.
858 966 934 1010 ipsis
960 966 1006 998 vel

258 1019 388 1052 illorum
413 1020 487 1052 tiliis
515 1025 544 1052 et
573 1020 841 1052 descendentibus
866 1020 897 1051 in
918 1020 1007 1052 nullo

260 1072 475 1115 praeiudicari
491 1073 538 1105 vel
556 1073 792 1116 praeiudicium
810 1073 931 1111 afferri,
950 1084 1006 1105 nec

258 1126 457 1158 reconciliati
486 1126 626 1165 censeri,
655 1126 750 1158 etiam
782 1137 817 1158 ex
851 1136 888 1157 eo
922 1125 1007 1168 quod

258 1179 418 1212 dictorum
452 1179 642 1212 delictorum
674 1190 728 1212 seu
762 1179 946 1221 aliquorum
973 1190 1008 1211 cx

258 1232 304 1264 eis
328 1232 452 1264 veniam
479 1231 630 1275 petierint
656 1233 704 1264 vel
731 1232 770 1264 ab
800 1232 845 1264 eis
871 1231 1007 1264 absoluti

258 1285 398 1323 suerint;
427 1295 486 1318 nec
507 1285 601 1317 etiam
629 1285 653 1317 si
684 1285 789 1317 forsan
813 1285 843 1317 in
868 1285 1007 1328 aliquem

258 1338 499 1382 praedictorum
522 1349 669 1370 errorum
688 1338 719 1370 in
742 1344 905 1381 posterum
929 1338 1010 1370 rein·

260 1390 397 1423 ciderint.
418 1390 467 1423 vel
501 1391 579 1424 alias
617 1391 858 1433 quomodolibet
895 1391 1008 1434 depre-

260 1444 350 1477 hensi
371 1444 543 1483 extiterint,
570 1445 685 1487 relapsi
706 1444 884 1480 nummum
906 1455 1009 1487 neque

260 1497 390 1540 aliquod
424 1507 460 1530 ex
489 1497 670 1540 praeteritis
705 1497 878 1533 indicium,
915 1497 1008 1529 etiam

260 1551 445 1590 minimum,
472 1556 583 1583 contra
609 1561 663 1582 eos
689 1550 783 1587 oriri,
813 1550 942 1593 allegari
962 1551 1010 1583 vel

260 1604 376 1636 deduci
406 1614 511 1646 posse,
546 1603 578 1635 iu
608 1603 729 1635 iudieio
752 1603 799 1635 vel
827 1610 925 1640 extra,
962 1603 1010 1635 in-

261 1657 442 1697 dulgentia,
473 1657 620 1689 remissio
641 1661 671 1689 et
690 1657 750 1689 alia
777 1657 809 1688 in
839 1657 1008 1697 damnum,

262 1710 413 1742 iniuriam
434 1711 481 1742 vel
501 1710 600 1742 alium
618 1710 859 1742 ineonnnodum
880 1710 1009 1742 illorum

262 1763 440 1806 retorqueri
467 1768 638 1806 nequeant.

307 1817 321 1857 ξ,
341 1816 393 1849 QZ).
412 1816 592 1849 Districtius
612 1816 792 1849 inhibentes
813 1816 963 1849 omnibns
983 1822 1013 1849 et

262 1869 409 1912 singulis,
428 1870 522 1902 etiam
545 1869 706 1902 iudicibus
726 1870 950 1902 ecelesiasticis
965 1871 1012 1902 vel

263 1923 483 1955 saecularibus
502 1933 539 1955 ac
560 1923 725 1965 praelatis,
752 1923 1009 1966 inquisitoribus,

263 1976 436 2009 ordinariis
462 1987 517 2009 scu
539 1976 702 2018 delegatis,
733 1987 937 2019 quacumque
957 1988 1012 2009 au-

264 2029 426 2069 ctoritate,
463 2034 616 2073 potestate
641 2035 669 2061 et
703 2029 873 2071 dignitate,
918 2030 1012 2062 ctiam

264 2082 454 2126 pontificali,
480 2082 759 2126 archiepiscopali,
787 2083 957 2126 primatiali
984 2089 1014 2116 et,

264 2136 484 2179 patriarchali,
506 2147 542 2168 ac
563 2141 656 2173 statu,
679 2137 793 2179 gradu,
816 2137 1011 2173 conditione,

264 2194 295 2221 et
315 2189 573 2231 1·›i·a·eininentia,
600 2190 694 2222 etiam
720 2190 935 2222 cardinalatus
955 2190 1013 2223 lto-

264 2252 355 2282 nore,
378 2242 586 2284 fulgentibus,
608 2248 635 2275 et
649 2243 702 2275 tali
721 2243 884 2285 qualitate,
903 2243 940 2276 de
952 2255 1014 2286 qua

265 2305 412 2338 expressa
433 2296 553 2328 mentio
566 2295 633 2328 sieri
647 2296 788 2335 deberet,
806 2297 1013 2340 pollentibus,

267 2349 362 2381 etiam
383 2360 399 2381 a
425 2350 518 2382 nobis
538 2361 593 2382 seu
615 2350 694 2383 Sede
717 2350 889 2393 praedicta,
920 2351 1015 2383 etiam

267 2402 306 2435 ad
327 2402 510 2435 instantiam
523 2403 666 2435 eiusdem
690 2404 785 2446 regis,
808 2404 967 2447 deputatis
987 2410 1017 2436 et,

268 2461 328 2493 pro
353 2455 499 2494 tempore
519 2451 722 2494 deputandis,
751 2453 809 2484 sub
829 2464 1015 2486 exeommu-

267 2499 449 2539 nicationis,
476 2500 696 2544 suspensionis
720 2506 750 2533 et
771 2501 928 2535 interdicti
950 2513 1018 2535 sen-

267 2549 387 2589 tentiis,
410 2554 440 2581 et
456 2549 690 2583 beneficiorum
711 2561 747 2583 ac
763 2551 944 2584 officiorum
962 2563 1018 2595 per

267 2608 323 2631 eos
332 2598 537 2631 obtentorum
554 2599 738 2642 privationis
754 2601 865 2644 poeuis
880 2612 917 2634 eo
935 2601 1015 2644 ipso,

267 2645 328 2681 nisi
362 2648 546 2693 paruerint,
582 2648 801 2691 incurrendis,
829 2661 867 2684 ne
893 2650 1019 2694 aliquos

1634 197 1646 204 a

1610 227 1623 236 v
1686 258 1750 291 215

1049 326 1087 357 de
1102 324 1244 363 haeresi,
1279 323 1438 368 apostasia
1464 327 1520 355 aut
1547 320 1745 365 blasphemia
1767 324 1797 354 et

1048 378 1119 410 aliis
1135 377 1318 421 praemissis
1347 375 1524 420 culpabiles
1543 379 1599 406 aut
1615 378 1792 417 suspectos,

1049 431 1103 474 qui
1132 430 1240 473 gratiis
1261 429 1443 473 praedictis,
1474 428 1558 461 iuxta
1580 427 1793 470 praesentium

1050 489 1206 521 tenorent,
1229 484 1367 525 gaudere
1385 482 1512 521 debent,
1534 481 1649 523 siquos
1667 479 1725 511 sub
1741 479 1796 511 ali-

1049 548 1112 579 qua
1134 537 1277 568 custodia
1310 536 1355 568 vel
1381 534 1566 568 earecuibus
1591 538 1719 566 teneant
1742 539 1795 565 aut

1050 590 1081 621 in
1107 589 1199 621 exilia
1232 589 1414 624 emiserint,
1450 587 1589 630 amplius
1622 585 1793 625 detineant,

1049 647 1103 673 aut
1132 647 1242 674 contra
1276 653 1330 675 eos
1363 642 1403 674 ad
1434 641 1586 673 ulteriora
1608 639 1793 683 procedant,

1051 695 1149 727 iu‘nno
1177 700 1286 738 captos
1315 695 1465 733 relaxent,
1491 698 1521 726 et
1545 694 1652 726 exules
1676 693 1715 725 ad
1741 703 1795 733 pa-

1050 747 1140 779 triam
1162 748 1265 780 redire
1280 747 1463 791 permittant
1479 752 1508 780 et
1523 747 1555 780 in
1571 757 1683 779 eorum
1700 751 1794 784 statu,

1051 800 1080 832 in
1102 811 1166 843 quo
1183 802 1322 840 suerunt,
1340 806 1366 833 et
1385 806 1456 833 anto
1472 800 1705 840 accusationes,
1723 810 1798 833 con-

1050 853 1281 893 demnationes,
1305 853 1551 893 carcerationes,
1565 853 1657 886 exilia
1674 858 1703 886 et
1718 854 1797 886 ban-

1050 907 1189 939 nimenta
1211 907 1399 940 huiusmodi
1419 907 1605 946 existebant,
1627 912 1796 951 reponant:

1049 961 1292 993 accusatoribus
1315 971 1402 1000 vero,
1424 959 1727 999 denunffiatorilms,
1758 965 1800 994 te-

1050 1013 1163 1053 stibus,
1186 1013 1444 1057 inquisitoribus,
1467 1013 1639 1053 indicibus,
1671 1024 1802 1057 promo—

1050 1067 1174 1099 toribus
1194 1073 1222 1099 et
1249 1067 1319 1100 aliis
1347 1067 1523 1109 quibusvis,
1555 1067 1613 1099 sub
1641 1067 1799 1100 similibus

1050 1120 1194 1153 censuris
1214 1126 1243 1153 et
1262 1121 1384 1164 poenis,
1408 1131 1446 1154 ne
1463 1125 1572 1153 ettintra
1589 1120 1798 1164 supradictos,

1050 1173 1240 1206 delictorum
1267 1174 1444 1213 haeresim,
1471 1185 1489 1206 a
1514 1174 1575 1206 fide
1608 1174 1798 1218 apostasiam

1050 1237 1085 1258 ae
1094 1225 1324 1271 blasphemiam
1339 1227 1530 1271 sapientium
1545 1227 1699 1260 hactenus
1715 1238 1799 1262 com-

1051 1280 1221 1313 missorum
1243 1280 1423 1320 occasione,
1442 1292 1473 1313 se
1495 1281 1718 1322 intromittere,
1741 1293 1798 1315 nee

1051 1333 1175 1376 aliquos
1197 1335 1236 1366 ad
1259 1334 1493 1367 testificandum
1511 1335 1559 1367 vel
1580 1336 1796 1369 accusandum

1052 1398 1107 1419 seu
1127 1387 1390 1420 denunciandum
1411 1388 1577 1427 inducere,
1599 1389 1647 1421 vel
1667 1389 1745 1422 alias
1760 1390 1798 1422 it-

1052 1440 1098 1472 los
1119 1451 1215 1484 super
1224 1442 1407 1485 praemissis
1421 1442 1469 1474 vel
1486 1442 1615 1475 illorum
1632 1443 1797 1476 occasione

1052 1494 1222 1527 molestare
1244 1495 1475 1538 quoquomodo
1502 1501 1719 1539 praesumant.
1754 1497 1797 1530 At·

1052 1547 1260 1581 decernentes
1294 1560 1405 1582 omnes
1429 1554 1456 1582 et
1492 1549 1635 1592 singulos
1654 1549 1685 1583 in
1705 1561 1798 1594 prae-

1054 1601 1157 1632 missis
1189 1601 1408 1635 inobedientes
1439 1603 1486 1634 vel
1527 1603 1799 1637 contravenientes

1053 1654 1178 1686 easdem
1201 1656 1384 1695 sententias,
1407 1666 1559 1688 censuras
1578 1662 1607 1688 et
1629 1667 1747 1700 poenas
1762 1668 1798 1690 co

1054 1707 1123 1751 ipso
1142 1708 1319 1748 incurrere,
1342 1714 1372 1741 et
1390 1709 1548 1742 beneficia
1568 1721 1625 1753 per
1645 1721 1698 1743 eos
1713 1722 1800 1742 raea-

1055 1772 1107 1800 re,
1143 1766 1173 1793 et
1200 1773 1217 1793 a
1238 1762 1329 1795 nobis
1355 1768 1384 1794 et
1407 1763 1571 1805 quibusvis
1595 1763 1725 1796 illorum
1747 1773 1798 1797 or-

1054 1814 1187 1847 dinariis
1208 1815 1416 1848 collatoribus
1438 1816 1601 1860 impetrari
1617 1821 1647 1849 et
1662 1817 1798 1851 contri-ri

1055 1878 1166 1910 posse;
1202 1869 1350 1912 ipsasque
1385 1869 1624 1913 inmetrationes
1648 1876 1679 1903 et
1704 1871 1800 1904 eolla-

1055 1921 1156 1954 tiones
1176 1933 1211 1954 ac
1228 1923 1305 1954 alias
1317 1923 1552 1966 dispositiones,
1571 1924 1647 1956 alias
1662 1925 1801 1967 legitime

1056 1974 1163 2014 saetas,
1190 1977 1293 2008 valere
1336 1977 1526 2020 plenamque
1555 1977 1681 2011 roboris
1707 1978 1801 2011 tirmi-

1057 2033 1149 2060 tatem
1172 2029 1328 2067 obtinerez
1358 2042 1393 2062 ae
1415 2030 1540 2063 easdem
1563 2037 1746 2074 praesentes
1769 2032 1803 2065 li·

1056 2087 1138 2114 teras
1158 2082 1196 2115 de
1212 2083 1430 2126 subreptionis
1446 2084 1493 2115 vel
1516 2083 1716 2128 obreptionis
1731 2085 1803 2118 vitia·

1056 2146 1111 2168 seu
1133 2135 1318 2169 intentionis
1348 2142 1474 2170 nostrae
1490 2136 1615 2170 defectu
1633 2138 1738 2171 notari
1758 2150 1781 2170 v:
1799 2140 1802 2153 '

1058 2189 1239 2232 impugnari
1261 2200 1323 2223 non
1346 2201 1455 2233 posse,
1484 2201 1541 2223 nee
1563 2191 1621 2229 sub
1641 2191 1787 2236 quibusxi

1058 2243 1324 2280 revocationibus,
1353 2244 1662 2286 modificationibus,
1693 2245 1807 2278 limitz<

1058 2296 1198 2329 tionibus
1228 2303 1258 2330 et
1285 2297 1549 2341 suspensionibus
1578 2308 1792 2341 quarumcun

1058 2361 1120 2392 que
1140 2349 1292 2383 similium
1313 2352 1358 2383 vel
1386 2350 1588 2384 dissimilium
1617 2352 1804 2389 literarum.

1058 2414 1093 2435 ac
1111 2404 1204 2436 etiam
1226 2415 1283 2447 per
1307 2415 1365 2437 nos
1390 2410 1421 2437 et
1443 2405 1556 2437 Sedem
1590 2406 1735 2438 eamd-:m
1766 2408 1778 2438 t'
1800 2426 1811 2431 -

1059 2454 1117 2485 ctis
1137 2458 1163 2484 et
1187 2453 1338 2486 faciendis
1348 2454 1532 2487 nullatenus
1543 2455 1809 2499 comprehensu,

1060 2502 1112 2535 sed
1128 2502 1167 2534 ab
1184 2501 1248 2534 illis
1269 2513 1396 2546 semper
1411 2509 1558 2546 exceptas
1578 2514 1658 2544 esse,
1681 2508 1710 2536 et
1728 2515 1769 2548 qu
1804 2525 1808 2528 -

1060 2552 1118 2584 ties
1142 2555 1307 2584 revocatae
1326 2552 1373 2584 vel
1389 2552 1542 2586 limitatae
1564 2553 1694 2593 suerint,
1715 2554 1811 2588 totid

1060 2601 1091 2633 in
1113 2601 1284 2645 pristinum
1305 2606 1333 2634 et
1355 2611 1441 2642 eum,
1467 2602 1498 2634 in
1514 2612 1578 2646 quo
1599 2602 1638 2635 ad
1658 2612 1812 2645 praesens

1060 2650 1209 2691 existunt,
1237 2655 1351 2683 statum
1374 2649 1534 2684 restitutas
1553 2655 1581 2684 et
1601 2649 1812 2694 reintegratas

1810 263 1858 289 An.
1877 263 1904 290 C.
1926 262 1990 290 155³
