2227 3001
192 262 240 291 An.
265 264 293 290 C.
312 264 378 292 15'10

215 1176 308 1197 Officium
327 1177 372 1203 pri-

188 1212 250 1228 vatim
276 1209 372 1229 recitau-

189 1241 242 1260 dum.

222 1504 278 1524 Finis
302 1505 369 1524 dictae

188 1535 278 1561 Regutae.

207 2613 277 2641 Papae
300 2614 380 2636 confir-

196 2647 266 2667 matio.

437 253 500 287 306

392 316 602 349 bernatorum
636 326 673 348 ac
710 315 907 348 studentium
948 314 1137 347 electionem

392 380 429 402 ac
445 370 632 402 eorumdem
659 369 898 409 admissionem,
918 368 1135 407 emissionem,

392 423 622 467 receptionem,
659 422 888 461 exclusionem,
911 427 1102 455 statutorum
1123 422 1134 449 ‘¹

392 477 477 510 circa
497 477 693 509 studentium
714 476 970 516 instructionem,
988 476 1138 509 aedifica-

392 531 511 564 tionem
532 541 569 563 ao
590 530 844 569 correctionem,
865 530 967 563 victus
996 530 1140 562 vestitus-

390 595 453 628 que
473 584 518 616 eis
539 583 742 615 ministrandi
769 583 900 615 modum
922 589 1018 626 atque
1043 583 1138 615 aliam

390 637 609 669 omnimodam
629 636 907 679 gubernationem,
934 636 1078 678 regimen
1103 647 1139 669 ac

390 700 512 722 curam.
536 689 588 722 Sic
603 695 709 722 tamen
730 694 765 721 ut
783 699 889 732 neque
910 689 1073 721 studentes
1093 689 1140 721 di-

390 742 447 776 ctis
476 742 569 775 bonis
583 742 690 782 abuti,
716 753 821 786 neque
843 742 984 775 Societas
1008 742 1041 774 in
1063 753 1138 785 pro-

388 796 477 840 prios
496 807 574 829 usus
595 802 780 829 convertere
805 796 916 840 possit,
939 797 992 829 sed
1013 797 1140 829 studen-

389 849 469 882 tium
502 849 683 882 necessitati
703 849 884 881 subvenirc.
911 848 969 887 Qui
990 849 1136 892 quidem,

389 908 460 947 post
479 903 643 946 cognitum
664 903 696 935 in
717 903 831 946 spiritu
852 909 882 935 et
900 902 1002 935 literis
1027 914 1139 935 eorum

389 956 581 1000 profectum,
602 961 631 988 et
652 961 722 1000 post
739 956 951 988 sufficientem
977 956 1140 999 probatio-

389 1020 475 1050 nem,
490 1010 522 1042 in
548 1009 738 1043 Societatem
764 1014 905 1042 nostram
927 1009 1050 1042 admitti
1068 1021 1139 1054 pos-

389 1064 462 1096 sint.

431 1118 446 1161 ξ
466 1117 518 1150 19..
543 1117 627 1151 Socii
649 1128 760 1150 omnes
775 1118 975 1161 quicumque
991 1117 1023 1150 in
1040 1118 1139 1151 sacris

388 1170 519 1210 fuerint,
551 1170 696 1213 quamvis
729 1170 887 1203 beneficia
924 1171 1139 1203 ecclesiastica

388 1229 443 1256 aut
462 1234 576 1257 eorum
602 1224 725 1256 reditus
749 1234 814 1256 non
836 1223 987 1263 habeant,
1010 1230 1140 1257 tenean-

386 1283 440 1310 tur
459 1283 566 1310 tamen
596 1277 730 1320 singuli,
766 1277 914 1320 privatim
934 1288 969 1309 ac
996 1277 1138 1321 particu-

387 1331 496 1363 lariter
521 1336 552 1364 et
571 1341 635 1363 non
655 1330 883 1371 communiter,
906 1331 945 1363 ad
966 1330 1138 1363 dicendum

387 1385 531 1418 officium
551 1384 732 1417 secundum
752 1384 913 1417 Ecclesiae
933 1385 1043 1417 ritum.

430 1439 445 1481 ξ,
465 1438 518 1471 13.
541 1439 626 1471 Ilaec
646 1444 719 1471 sunt
739 1449 832 1481 quac,
853 1438 912 1471 sub
933 1438 1065 1481 praefati
1087 1438 1141 1471 do—

388 1491 465 1524 mini
487 1491 586 1523 nostri
604 1491 693 1523 Pauli
711 1496 741 1523 et
757 1490 847 1523 Sedis
867 1491 1068 1534 Apostolicae
1083 1491 1140 1523 hc-

386 1545 547 1588 neplacito
565 1571 572 1584 ,
614 1545 653 1577 de
691 1551 799 1577 nostra
837 1544 1037 1588 professione
1068 1550 1140 1588 typo

387 1599 527 1642 quodam
548 1598 707 1643 explicare
727 1599 912 1642 potuimus,
943 1598 1029 1642 quod
1055 1609 1141 1631 nunc

387 1651 523 1685 fecimus
542 1656 576 1684 ut
604 1651 788 1683 summatim
818 1651 993 1694 scriptione
1014 1652 1073 1684 hac
1095 1651 1141 1683 in-

388 1706 602 1738 formaremus
626 1710 694 1737 tum
716 1705 787 1737 illos
807 1705 862 1748 qui
883 1715 941 1737 nos
967 1705 1006 1737 de
1031 1710 1141 1737 nostro

388 1759 467 1792 ritae
487 1759 631 1791 instituto
648 1759 858 1801 interrogant,
882 1764 949 1791 tum
970 1758 1065 1791 etiam
1083 1769 1140 1801 po-

389 1816 489 1844 steros
509 1817 646 1852 nostros,
670 1812 694 1843 si
710 1822 802 1854 quos,
824 1812 889 1844 Deo
908 1811 1045 1851 volente,
1068 1812 1141 1843 imi-

388 1866 505 1893 tatores
525 1872 679 1905 umquam
705 1861 896 1893 habebimus
920 1860 1018 1893 huius
1041 1861 1140 1897 vitae,

389 1920 485 1953 quam
522 1921 595 1943 cum
636 1911 752 1943 multas
793 1920 989 1953 magnasque
1023 1910 1141 1943 habere

388 1969 526 1991 annexas
541 1958 746 1992 difficultates
762 1959 919 1992 fuerimus
934 1959 1067 2002 experti,
1086 1970 1141 2002 op-

387 2012 563 2050 portunum
584 2008 795 2040 iudicavimus
819 2008 914 2040 etiam
944 2013 1082 2040 statuere
1103 2019 1141 2041 nc

388 2058 461 2100 quis
481 2058 512 2090 in
533 2058 591 2090 liae
613 2058 768 2091 Societate
789 2058 977 2101 recipiatur,
1005 2058 1065 2090 nisi
1087 2059 1141 2091 diu

389 2118 424 2140 ac
451 2107 690 2151 diligentissime
721 2108 814 2140 fuerit
849 2107 1013 2150 probatus.
1044 2108 1141 2140 Cum—

390 2168 452 2199 que
483 2158 624 2200 prudens
647 2157 677 2189 in
701 2157 825 2190 Christo
855 2161 882 2189 ct
917 2157 964 2189 vel
998 2156 1141 2189 doctrina
1163 2181 1165 2210 ἰ
1185 2185 1336 2222 Octobris,
1360 2185 1564 2228 pontificatus
1584 2184 1684 2217 nostri
1704 2195 1788 2217 anno
1808 2194 1849 2217 Vl.

391 2216 445 2238 seu
466 2205 544 2238 vitae
572 2206 763 2238 christianae
794 2205 930 2248 puritate
956 2206 1140 2248 apparuerit

391 2254 596 2298 conspicuus,
625 2261 701 2287 tunc
732 2255 863 2287 demum
891 2255 1078 2287 admittatur
1104 2248 1165 2288 ad‹}

391 2304 461 2336 Iesu
481 2303 595 2336 Christi
616 2303 781 2340 militiam,
804 2302 859 2346 qui
884 2303 1034 2335 tenuibus
1068 2314 1142 2336 coe-

392 2353 455 2396 ptis
470 2352 586 2385 nostris
600 2353 702 2385 farere
713 2352 870 2395 dignetur,
883 2354 921 2385 ad
938 2353 1072 2395 gloriam
1088 2353 1141 2385 Dei

392 2402 504 2441 Patris,
527 2401 579 2434 cui
595 2402 653 2434 soli
670 2402 707 2434 sit
733 2413 860 2446 semper
879 2402 978 2435 decus
993 2407 1023 2435 et¹
1038 2403 1143 2435 honor

392 2451 425 2484 in
441 2451 578 2484 saecula.
602 2452 713 2483 Amen.

436 2500 451 2542 ἓ
475 2499 526 2532 14.
551 2499 629 2532 Cum
650 2504 757 2532 autem
779 2500 821 2532 nil
848 2500 879 2532 in
896 2501 1077 2544 praemissis
1095 2512 1142 2534 re-

392 2549 535 2592 periatur
554 2549 640 2593 quod
658 2549 747 2592 pium
769 2560 832 2582 non
855 2549 891 2583 sit
913 2555 965 2583 aut
982 2556 1140 2588 sanctum,

393 2609 452 2632 nos
471 2600 520 2642 (ut
539 2598 635 2632 iidem
655 2599 751 2636 socii,
780 2599 834 2642 qui
856 2599 946 2632 nobis
966 2611 1063 2644 super
1082 2601 1142 2633 hoc

430 2661 442 2688 1
461 2661 644 2688 Ordinationes
659 2660 731 2688 addit
751 2660 781 2689 P.
801 2661 872 2689 matt.
891 2660 930 2696 (u.
951 2661 1000 2698 rt).

988 262 1166 285 mmmmm
1188 262 1337 285 RffltANt‘M

1181 313 1361 346 humillime
1382 314 1557 358 supplicari
1578 314 1738 353 fecerunt,
1762 313 1794 345 in
1820 324 1932 346 eorum

1181 367 1233 410 pio
1253 366 1377 399 vivendi
1392 367 1556 410 proposito
1577 377 1614 400 eo
1635 367 1851 410 promptiores
1866 367 1932 400 exi-

1181 425 1278 459 stant,
1306 430 1370 462 quo
1404 430 1437 452 se
1471 419 1585 453 maiori
1614 419 1704 453 Sedis
1732 420 1933 464 Apostolicae

1180 473 1279 515 gratia
1297 472 1467 516 complecti
1481 473 1696 515 cognoverint,
1713 478 1742 506 et
1759 474 1934 516 praemissa

1182 538 1239 571 per
1272 538 1330 559 nos
1366 527 1538 571 approbari
1574 526 1722 569 viderint)
1758 527 1934 570 praemissa

1181 581 1290 613 omnia
1302 587 1329 613 et
1343 581 1481 623 singula,
1494 585 1659 624 tamquam
1679 581 1717 613 ad
1734 581 1933 624 spiritualem

1182 635 1361 678 profectum
1382 634 1572 667 eorumdem
1593 633 1755 667 sociorum
1771 640 1801 667 et
1816 635 1933 678 reliqui

1182 687 1347 720 christiani
1375 687 1481 731 gregis
1513 692 1694 731 opportuna
1713 714 1720 727 ‚
1760 688 1935 731 apostolica

1182 741 1383 781 auctoritate,
1402 746 1513 773 tenore
1538 740 1769 784 praesentium,
1792 752 1828 773 ex
1849 747 1935 774 certa

1182 795 1313 827 scientia
1333 795 1564 839 approbamus,
1587 794 1819 827 confirmamus
1834 799 1864 827 et
1878 795 1934 828 be-

1182 848 1372 889 nedicimus,
1393 859 1429 881 ac
1449 853 1625 891 perpetuae
1648 847 1808 880 firmitatis
1828 847 1934 881 muni-

1182 901 1268 934 mine
1302 902 1506 942 roboramus3
1545 901 1697 944 ipsosque
1735 899 1839 933 socios
1877 901 1936 934 sub

1183 960 1290 987 nostra
1310 961 1339 988 et
1356 955 1454 987 huius
1470 959 1597 987 sanctae
1621 953 1710 987 Sedis
1734 953 1936 997 Apostolicae

1182 1009 1382 1052 protectione
1409 1007 1621 1051 suscipimus,
1656 1007 1700 1040 eis
1726 1007 1937 1041 nihilominus

1183 1062 1395 1095 concedentes
1419 1061 1507 1104 quod
1532 1060 1744 1105 particulares
1771 1060 1855 1094 inter
1882 1072 1936 1094 eos

1182 1116 1437 1155 constitutiones,
1456 1126 1536 1158 quas
1564 1115 1603 1147 ad
1631 1114 1798 1148 Societatis
1822 1114 1936 1148 huius-

1183 1170 1268 1201 modi
1287 1170 1385 1202 finem
1406 1174 1435 1202 ct
1459 1170 1529 1201 Iesu
1549 1168 1664 1202 Christi
1688 1168 1815 1201 Domini
1835 1167 1936 1201 nostri

1182 1224 1317 1267 <gloriam
1345 1234 1380 1256 ac
1409 1222 1546 1267 proximi
1563 1222 1733 1255 utilitatem
1754 1222 1937 1255 conformes

1183 1288 1249 1309 csse
1271 1275 1492 1316 iudicaverint,
1523 1276 1661 1308 condere
1680 1274 1781 1308 libere
1801 1279 1832 1308 et
1851 1274 1936 1308 licite

1182 1330 1318 1362 valeant.

1226 1384 1240 1425 ξ,
1260 1383 1313 1416 15.
1332 1383 1400 1415 Non
1417 1382 1618 1415 obstantibus
1633 1381 1792 1425 generalis
1807 1381 1936 1415 concilii

1183 1442 1213 1468 ct
1233 1435 1334 1468 l'clicis
1354 1435 1585 1469 recordationis
1605 1435 1750 1477 Gregorii
1772 1435 1875 1479 Papae
1896 1436 1934 1475 X,

1184 1489 1439 1533 praedecessoris
1463 1488 1583 1528 nostri,
1609 1499 1646 1521 ac
1671 1488 1834 1531 quibusvis
1866 1488 1937 1522 aliis

1183 1541 1466 1575 constitutionibus
1487 1546 1517 1574 ct
1536 1540 1793 1573 ordinationibus
1808 1546 1936 1584 aposto-

1184 1596 1252 1629 licis
1272 1595 1451 1638 cctcrisque
1472 1594 1641 1628 contrariis
1660 1594 1934 1638 quibuscumque.

1228 1650 1242 1692 ξ
1264 1649 1314 1682 16.
1334 1649 1489 1681 Volumus
1504 1654 1612 1681 autem
1629 1648 1716 1691 quod
1736 1647 1768 1680 in
1780 1647 1937 1682 Societate

1184 1703 1369 1735 huiusmodi
1392 1712 1494 1745 usque
1515 1703 1553 1734 ad
1574 1712 1747 1734 numerum
1776 1702 1938 1745 sexaginta

1185 1766 1408 1800 personarum,
1421 1755 1593 1788 formulam
1609 1754 1732 1787 wivendi
1751 1754 1938 1788 huiusmodi

1185 1808 1329 1853 profiteri
1347 1808 1562 1852 cupientium,
1574 1814 1603 1841 et
1615 1819 1680 1841 non
1699 1809 1795 1848 ultra,
1812 1808 1936 1842 admitti

1184 1869 1212 1895 ct
1234 1862 1383 1896 Societati
1405 1863 1566 1907 praefatae
1586 1862 1753 1905 aggregari
1774 1862 1937 1896 dumtaxat

1184 1918 1318 1949 valeant.

1227 1970 1311 2002 Nulli
1332 1981 1408 2013 ergo
1429 1974 1485 2003 etc.
1509 1969 1541 2002 Si
1562 1969 1634 2012 quis
1655 1973 1711 2001 etc.

1229 2025 1343 2056 Datum
1364 2024 1482 2056 Romae
1509 2022 1594 2067 apud
1610 2023 1763 2056 Sanctum
1779 2023 1934 2064 Marcum,

1184 2088 1268 2110 anno
1293 2077 1524 2110 Incarnationis
1557 2076 1737 2109 dominicae
1765 2076 1936 2110 millesimo

1185 2131 1445 2175 quingentesimo
1462 2130 1721 2175 quadragesimo,
1738 2140 1756 2162 v
1781 2131 1934 2163 kalendas

1239 2244 1299 2273 Dat.
1318 2243 1364 2273 die
1380 2243 1416 2272 ⁶27
1436 2248 1508 2281 sept.
1536 2243 1619 2279 1540,
1636 2242 1739 2281 pontif.
1755 2252 1831 2273 anno
1847 2251 1884 2272 w.

1494 2413 1623 2446 XXXIV.

1185 2490 1209 2523 A
1211 2489 1381 2533 pprobatio
1396 2490 1677 2532 confraternitatis
1692 2501 1793 2534 nuper
1808 2491 1843 2523 in
1858 2490 1938 2524 Urbe

1231 2544 1418 2583 institutae,
1450 2545 1491 2577 act
1514 2554 1669 2588 pauperes
1693 2544 1854 2587 orphanos
1883 2545 1937 2588 pie

1230 2598 1408 2631 educandos
1436 2598 1585 2641 bonisque
1612 2598 1737 2631 artibus
1772 2599 1935 2631 instruen-

1230 2652 1284 2686 ctos
1300 2678 1306 2693 ,
1336 2652 1462 2696 eiusque
1481 2652 1594 2686 erectio
1613 2653 1650 2685 in
1668 2651 1937 2695 archiconsrater—

1947 257 1997 285 An.
2015 258 2044 286 C.
2063 258 2128 286 151ιο

1963 1395 2074 1416 clausulae
2095 1397 2134 1417 de—

1950 1429 2077 1454 rogatui-iae.

1977 1661 2080 1683 Numerus
2098 1668 2136 1684 so-

1952 1694 2039 1714 ciorum-
