2227 3001
108 317 120 328 ⁹
141 279 205 310 ‘Am
223 280 254 310 C.
266 280 335 310 ¹535

184 856 305 882 Exordium.

990 276 1107 302 PAULUS
1130 272 1165 300 111
1189 274 1237 299 PP.

686 331 764 367 VIII.

349 419 527 452 Damnatio
535 422 565 452 et
574 417 1006 452 excommunicatioHenrici
1018 415 1102 449 VIII

392 471 635 516 reqisAnylv'ae,
655 472 780 515 eiusque
795 472 961 514 fautorum
972 475 1000 504 et
1014 480 1099 502 com-

388 525 528 569 plicam,
551 537 622 559 cum
647 526 789 560 aliarum
805 535 985 569 poenarum
1010 524 1098 557 adie-

392 579 496 612 ctione
519 578 547 612 1.

409 667 509 696 Paulus
532 666 672 703 episcopus
698 673 794 696 servus
812 672 951 696 servorum
969 664 1031 697 Dei,

505 720 540 749 ad
559 720 686 750 futuram
706 720 747 750 rei
762 719 932 749 memoriam.

392 801 484 842 Eius,
518 800 585 844 qui,
608 801 782 834 immobilis
801 810 1005 845 permanens,
1042 809 1100 833 sua

347 854 548 900 providentia
581 853 692 888 ordine
725 853 865 887 mirabili
898 853 951 886 dat
984 858 1100 886 cuncta

348 908 485 950 moveri,
507 908 697 953 disponente
728 907 909 948 clementia,
937 905 1037 945 vices,
1058 906 1099 939 li-

349 968 398 995 cet
413 962 578 1003 immeriti,
600 967 747 1005 gerentes
761 960 794 994 in
808 960 914 1000 terris,
932 965 961 994 et
978 960 1008 993 in
1026 961 1099 994 sede

347 1016 487 1049 iustitiae
507 1015 688 1055 constituti,
715 1014 802 1048 iuxta
821 1014 997 1058 prophetae
1017 1024 1097 1058 quo-¹

348 1079 411 1113 que
429 1067 609 1102 Hieremiae
627 1067 812 1101 vaticinium
839 1066 990 1108 dicentis,
1020 1067 1100 1100 Ecce

350 1127 378 1155 te
396 1122 549 1156 constitui
569 1132 664 1165 super
687 1125 793 1165 yentes
818 1125 847 1154 et
869 1131 981 1165 regnu,
1009 1125 1044 1168 ut
1071 1130 1101 1154 e-

347 1175 444 1209 vellas
475 1179 505 1209 et
536 1176 699 1215 demnas,
724 1175 869 1219 aedifices
894 1178 924 1208 et
957 1174 1097 1218 plantes,

347 1227 559 1272 praecipuum
581 1238 679 1272 super
699 1238 812 1261 onmes
826 1238 917 1270 reges
932 1227 1100 1261 universae

348 1287 452 1314 terrae
495 1286 693 1325 cunctosque
740 1280 878 1325 populos
921 1279 1101 1313 obtinentes

347 1334 579 1378 principatum;
600 1344 636 1367 ac
657 1333 763 1374 Illum,
785 1333 840 1376 qui
861 1332 934 1377 pius
959 1338 989 1366 et
1008 1333 1101 1366 mise-

347 1386 450 1420 ricors
461 1390 519 1427 est,
537 1391 568 1420 et
581 1385 753 1419 vindictam
771 1386 811 1425 ei,
835 1386 890 1430 qui
906 1386 993 1419 illam
1012 1396 1101 1430 prae-

346 1438 443 1480 venit,
464 1444 609 1484 paratam
630 1443 798 1482 temperat,
821 1449 882 1472 nec
901 1450 982 1483 quos
998 1439 1100 1483 impe-

347 1492 485 1527 nitentes
495 1493 591 1533 videt,
609 1503 718 1526 severa
728 1492 851 1526 ultione
863 1492 1005 1536 castigat,
1023 1493 1100 1535 quin

346 1546 439 1590 prius
459 1545 689 1586 comminetur3
710 1546 742 1579 in
760 1545 886 1579 assidue
901 1551 1008 1591 autem
1026 1558 1101 1589 pec-

349 1764 478 1803 gantur,
500 1759 637 1793 iustitiae
657 1759 739 1793 vires
759 1765 900 1800 exercet,
929 1760 1100 1796 imitantes,

351 1822 388 1845 ex
407 1812 607 1845 incumbenti
629 1813 719 1845 nobis
739 1809 933 1856 apostolicae
959 1812 1103 1845 solicitu-
1123 1829 1124 1832 κ

350 1864 434 1898 dinis
461 1865 566 1898 studio
602 1876 818 1909 perurgemur
849 1870 884 1898 ut
913 1870 1101 1898 cunctarum

351 1928 577 1962 personarum,
600 1923 726 1951 nostrae
744 1927 839 1951 curae
861 1918 995 1951 coelitus
1016 1929 1103 1951 com-

351 1970 535 2009 missarum,
558 1971 677 2003 salubri
690 1970 783 2003 statui
799 1971 947 2003 solertius
959 1970 1103 2003 intendu-

351 2035 436 2065 mus,
459 2035 495 2057 ac
516 2024 680 2057 erroribus
700 2030 729 2056 ct
750 2024 920 2064 scandalis,
942 2035 1024 2067 quac
1051 2025 1105 2057 lio-

351 2077 408 2111 stis
427 2077 550 2121 antiqui
574 2077 711 2111 versutia
745 2077 915 2110 imminere
944 2078 1104 2121 conspici-

353 2141 436 2170 mus,
466 2130 660 2174 propensius
686 2130 862 2170 obviemus,
894 2141 1106 2173 excessusque

353 2188 384 2217 et
410 2183 556 2216 enormia
581 2194 618 2216 ac
647 2183 835 2216 scandalosa
863 2183 999 2216 crimina
1027 2195 1105 2216 con-

353 2247 433 2280 grua
453 2236 616 2270 severitate
633 2247 853 2276 coerceamus,
866 2242 907 2277 et,
920 2237 1004 2270 iuxta
1022 2237 1105 2281 Apo-

354 2289 484 2329 stolum,
511 2289 761 2322 inobedientiam
790 2288 896 2322 ovium
928 2290 1107 2333 promptius

355 2340 552 2382 ulciscendo,
583 2341 713 2375 illorum
743 2348 982 2386 perpetratores
1002 2342 1107 2376 debita

355 2393 555 2427 correctione
582 2393 626 2427 sic
647 2405 907 2438 compescamus,
935 2396 1020 2438 quod
1055 2407 1108 2428 eos

393 2479 404 2505 ¹
425 2478 554 2506 Heni-icus
569 2483 662 2506 contra
678 2478 822 2507 martinum
840 2480 984 2507 Lutherum
1001 2483 1028 2506 et
1043 2479 1109 2507 alios

356 2523 504 2550 haereticos
519 2526 580 2550 ante
595 2523 747 2558 scripserat,
768 2528 793 2551 et
810 2529 951 2560 propterea
969 2525 1045 2552 titulo
1061 2525 1109 2552 de-

355 2566 467 2594 fensoris
478 2567 636 2594 christianae
648 2567 706 2595 fidei
721 2576 737 2595 a
753 2569 839 2596 Leone
850 2570 876 2596 X
887 2569 1001 2597 donatus
1012 2569 1108 2603 suerat,

357 2615 386 2638 ut.
402 2619 427 2637 m
444 2612 501 2639 eius
517 2611 706 2640 constitutione
718 2620 754 2646 u,
772 2616 815 2640 Ex
830 2623 969 2648 supernae,
993 2617 1057 2643 tom.
1079 2622 1108 2647 v,

356 2663 417 2692 pag.
435 2656 497 2684 775.

1787 259 1851 294 «195

1143 328 1199 363 Dei
1218 328 1299 361 iram
1319 334 1507 371 provocasse
1527 322 1698 369 poeniteat,
1726 328 1758 356 et
1776 333 1814 356 ex
1832 323 1895 357 hoc

1142 381 1211 414 aliis
1228 380 1411 423 exemplum
1428 378 1571 412 cautelae
1586 375 1735 411 salutaris
1750 375 1891 409 accedat.

1185 434 1242 478 gl.
1262 434 1356 474 Sane,
1379 442 1453 466 cuin
1469 429 1693 476 superioribus
1707 428 1820 462 diebus
1838 439 1895 462 no·
1923 441 2027 465 innam<
2039 448 2094 471 w„

1140 487 1189 520 bis
1209 488 1345 520 relatum
1375 485 1486 519 fuisset
1511 483 1598 528 quod
1626 482 1797 523 Henricus,
1828 482 1892 515 An·
1910 482 1989 525 {³1⁴,';2{¹„¹‘¹
1993 475 2094 527 ,35ssssssss

1141 541 1222 583 gliae
1237 551 1305 581 rex,
1327 540 1556 583 licettempore
1572 535 1778 582 pontificatus
1794 534 1893 568 felicis
1909 544 1941 587 21¹1
1953 538 2000 587 ffivi
2027 538 2093 558 ¹³

1986 572 1998 587 Ι,
2012 575 2035 587 rx
2060 576 2083 587 01·

1143 593 1373 628 recordationis
1392 592 1505 626 Leonis
1526 592 1630 635 Papae
1646 590 1684 632 X,
1706 589 1894 634 praedeces-
1910 607 1931 618 «ιι
1948 600 2094 650 ''tsi-''sifss'i'issss

1141 647 1221 682 soris
1235 646 1349 688 nostri,
1372 646 1570 680 diversorum
1589 643 1828 678 haereticorum
1845 653 1892 675 er·
1910 637 1948 681 {⁷⁴22
1965 662 2055 681 (amm
2073 664 2093 680 s.

1141 711 1231 734 rores
1250 711 1344 744 saepe
1364 700 1403 733 ah
1423 698 1605 743 Apostolica
1632 697 1712 732 Sede
1737 702 1768 731 et
1795 695 1893 729 sacris
1910 692 2093 743 ]>„'f,³,¹j.¹.;,f;']‘''¹”³³

1141 753 1285 788 conciliis
1301 752 1479 797 praeteritis
1494 751 1695 796 temporibus
1712 750 1890 785 damnatos,

1141 813 1172 841 et
1189 807 1360 841 novissime
1380 811 1487 839 nostra
1516 810 1607 838 :etate
1627 815 1686 849 per
1705 803 1894 849 perditionis

1141 861 1309 893 alumnum
1336 860 1506 892 Martinum
1529 859 1705 891 liutherum
1726 856 1894 891 suscitatos

1141 919 1171 947 et
1190 913 1369 952 innovatos,
1392 913 1458 945 zelo
1480 911 1657 945 catholicae
1678 910 1753 943 fidei
1773 916 1804 944 et
1818 921 1894 953 erga

1140 966 1257 1000 dictam
1270 966 1384 1000 Sedem
1399 965 1575 999 devotionis
1590 965 1713 998 fervore
1729 963 1891 1005 inductus,

1141 1030 1206 1053 non
1225 1019 1333 1052 minus
1362 1019 1455 1052 docte
1489 1028 1585 1062 quam
1609 1017 1678 1061 pie,
1702 1027 1760 1061 per
1779 1028 1893 1060 queni-

1141 1073 1215 1106 dam
1234 1072 1354 1105 librum
1379 1082 1438 1116 per
1464 1081 1537 1105 eum
1567 1071 1707 1114 desuper
1736 1069 1895 1114 composi-

1141 1132 1222 1166 tum,
1258 1131 1289 1159 et
1321 1125 1425 1158 eidem
1446 1123 1545 1157 Leoni
1574 1123 1833 1167 praedecessori,
1860 1128 1895 1155 ut

1141 1189 1215 1212 eum
1235 1178 1432 1212 examinaret
1452 1183 1483 1211 et
1501 1177 1712 1221 approbaret,
1735 1176 1891 1217 oblatum,

1141 1232 1348 1272 confutasset,
1385 1231 1425 1264 ob
1458 1231 1543 1275 quod
1578 1231 1616 1263 ab
1646 1231 1760 1263 eodem
1789 1230 1894 1263 Leone

1142 1286 1401 1329 praedecessore,
1425 1283 1509 1317 ultra
1529 1283 1605 1317 dicti
1630 1283 1717 1323 libri,
1740 1294 1814 1316 cum
1829 1292 1897 1316 ma-

1141 1349 1203 1381 gna
1235 1338 1336 1382 ipsius
1369 1336 1499 1370 chrici
1532 1337 1615 1380 regis
1644 1337 1740 1369 laude
1759 1341 1791 1369 et
1810 1346 1898 1370 com-

1143 1391 1359 1431 mendatione,
1387 1390 1667 1434 approbationem,
1696 1388 1824 1422 titulum
1845 1389 1898 1422 de-

1144 1444 1278 1478 fensoris
1300 1443 1373 1477 fidei
1395 1442 1618 1487 reportaverit,
1640 1454 1656 1475 a
1678 1447 1765 1475 recta
1785 1442 1847 1475 fide
1868 1448 1898 1475 et

1143 1498 1319 1541 apostolico
1354 1497 1480 1530 tramite
1512 1497 1657 1536 devians,
1688 1507 1725 1528 ac
1745 1495 1897 1540 propriae

1909 267 1961 296 An.
1974 266 2007 294 C.
2023 265 2091 295 ¹555

1121 1567 1123 1594 Β
1144 1550 1265 1591 salutis,
1283 1550 1386 1583 famae
1407 1556 1437 1583 et
1457 1549 1590 1583 honoris
1611 1549 1794 1590 immemor,
1813 1556 1899 1593 post-

348 1605 469 1642 cantes,
492 1605 522 1634 et
542 1600 574 1633 in
594 1600 734 1644 peccatis
754 1604 1005 1643 perseverantes,
1028 1610 1102 1632 cum
1122 1621 1123 1626 ,

349 1649 497 1687 excessus
517 1653 755 1687 misericordiae
776 1654 856 1687 fines
875 1658 1099 1697 praetereunt,
1122 1656 1124 1684 ὃ
1144 1655 1325 1695 Camerina,
1339 1656 1469 1698 Angliao
1482 1656 1592 1699 regina
1611 1655 1738 1696 illustri,
1754 1666 1811 1688 sua
1822 1666 1899 1699 pro-

350 1711 384 1739 ut
404 1707 514 1739 saltem
528 1711 615 1739 metu
637 1717 758 1750 poenae
779 1707 818 1739 ad
839 1717 895 1739 cor
914 1706 1029 1739 reverti
1047 1716 1102 1740 co·
1122 1717 1124 1735 i

1143 1615 1241 1647 quam
1278 1603 1442 1636 carissima
1476 1603 1508 1635 in
1537 1603 1661 1636 Christo
1696 1601 1762 1635 filia
1790 1607 1899 1635 nostra

1144 1708 1235 1752 genie
1257 1709 1404 1752 coniuge,
1431 1720 1504 1741 cum
1526 1720 1588 1752 qua
1609 1707 1738 1751 publice
1767 1708 1799 1741 in
1820 1708 1899 1741 facie

1146 1762 1305 1795 Ecclesiae
1340 1761 1583 1795 matrimonium
1619 1766 1834 1802 contraxerat,
1870 1766 1901 1794 et

1144 1826 1201 1859 per
1234 1817 1344 1860 plures
1379 1825 1480 1848 aimus
1508 1814 1762 1854 continuaverat,
1798 1826 1835 1847 ac
1865 1825 1902 1847 ex

1123 1894 1125 1898 .
1146 1880 1221 1912 qua,
1243 1868 1328 1902 dicto
1349 1873 1514 1902 constante
1533 1868 1753 1908 matrimonio,
1776 1868 1902 1912 prolem

1147 1922 1268 1966 pluries
1297 1927 1494 1966 susceperat,
1521 1922 1611 1955 nulla
1630 1920 1774 1965 legitima
1798 1921 1902 1954 subsi-
1932 1928 1935 1930 “

1147 1980 1248 2009 stente
1269 1986 1366 2009 causa
1386 1981 1417 2009 et
1445 1981 1557 2009 contra
1577 1974 1739 2009 Ecclesiae
1760 1974 1903 2018 prohibi-

1125 2057 1126 2060 ,
1149 2029 1278 2069 tionem,
1302 2030 1443 2071 dimissa,
1476 2039 1550 2062 cum
1572 2029 1710 2072 quadam
1732 2028 1823 2060 Anna
1842 2028 1903 2061 Bo-

1125 2083 1230 2123 llcna,
1266 2082 1403 2115 muliere
1437 2082 1581 2125 anglica,
1618 2081 1701 2115 dieta
1734 2080 1903 2114 Catherina

1147 2136 1253 2169 adhuc
1284 2136 1431 2177 vivente,
1468 2136 1507 2169 de
1546 2135 1629 2167 facto
1661 2134 1904 2167 mattimcantur}

1149 2194 1360 2229 contraxerat,
1384 2189 1423 2221 ad
1435 2188 1593 2221 deteriora
1608 2188 1788 2232 prosiliens,
1812 2198 1904 2231 quas-

1150 2242 1222 2275 dam
1249 2243 1334 2285 leges
1373 2254 1429 2275 seu
1462 2242 1627 2285 generales
1661 2241 1905 2274 vtmstiuuionrs

1127 2317 1129 2328 t
1149 2296 1244 2328 cdere
1265 2306 1329 2328 non
1346 2295 1487 2336 erubuit,
1512 2308 1569 2339 per
1581 2306 1659 2339 quas
1671 2295 1815 2327 subditos
1831 2306 1905 2327 suo>

1150 2348 1188 2380 ad
1209 2350 1365 2392 quosdam
1382 2350 1560 2382 haereticos
1577 2355 1604 2382 et
1617 2348 1836 2381 schismaticos
1853 2358 1904 2379 ar-

1151 2401 1265 2435 ticulos
1285 2402 1456 2443 tenendos,
1486 2402 1569 2435 inter
1592 2413 1673 2446 quos
1694 2407 1721 2434 ct
1751 2401 1810 2433 hoc
1838 2406 1901 2433 crat

1128 2451 1130 2457 ⁸
1151 2455 1235 2498 quod
1260 2455 1425 2488 Romanus
1449 2455 1593 2488 Pontifex
1623 2460 1717 2498 caput
1744 2453 1905 2486 Ecclesiae

1151 2509 1181 2536 et
1201 2503 1315 2537 Christi
1335 2504 1474 2538 vicarius
1494 2515 1557 2537 non
1579 2509 1657 2544 erat,
1681 2508 1711 2536 ct
1730 2502 1816 2546 quod
1839 2502 1905 2545 ipsc

1152 2552 1183 2584 in
1204 2553 1337 2597 Anglica
1356 2552 1499 2587 Ecclesia
1520 2562 1707 2597 supremum
1730 2555 1825 2594 caput
1841 2549 1905 2582 exi-

1152 2600 1264 2642 stebat,
1287 2601 1347 2635 sub
1362 2602 1519 2645 gravibus,
1542 2601 1636 2634 etiam
1654 2599 1776 2638 mortis,
1794 2597 1908 2642 poenis

1152 2649 1296 2693 cogebat.
1333 2651 1369 2684 Et
1399 2651 1449 2684 his
1478 2661 1539 2685 non
1563 2655 1749 2690 contentus,
1778 2647 1906 2681 diabolo
