2227 3001
51 271 100 298 An.
116 269 146 297 C.
167 267 232 296 1556

891 270 1007 294 rxmrs
1031 270 1059 293 tx
1086 269 1130 293 ΡΡ.

247 328 382 367 ptorem,
399 322 454 366 qui
470 327 505 355 ut
519 322 696 367 plurimum
711 322 892 367 praelatura
909 322 998 362 fungi
1019 322 1020 327 ’

247 383 467 418 consueverat,
489 383 690 420 gravaretur:
719 377 856 421 indeque
878 377 999 409 dictum
1019 369 1021 377 ⁴

247 442 300 464 aes
324 431 465 464 alienum
487 429 580 463 citius
603 431 701 468 dilui,
729 442 764 463 ar
795 430 864 463 aliis
892 425 1021 464 incon-⁴

246 484 448 517 venientibus
467 484 639 528 praedictis
663 484 788 517 facilins
809 484 947 524 occurri,
964 495 1001 517 ac
1020 466 1022 494 Ξ

248 548 344 571 curae
373 538 579 571 infirmorum
614 544 641 571 01
676 549 857 583 pauperum
905 544 1000 581 atque
1020 524 1022 553 l

248 591 418 624 infantium
440 591 680 635 praedictorum
711 591 874 624 efficacius
901 591 1000 624 insisti
1021 577 1022 636 Ξ

248 650 367 689 posset,
389 644 573 688 praemissis
595 656 669 677 cum
691 645 842 677 fratribus
863 645 940 680 suis,
964 645 1001 676 de

247 709 388 741 quorum
424 709 560 731 numero
587 704 662 731 111110
697 709 844 735 eranms,
877 703 1001 730 maturo
1021 693 1023 728 ξ

249 751 400 784 discussis
426 757 457 784 et
481 752 621 796 desuper
650 751 792 795 diligenti
823 751 1024 803 considaet·ra-s>

249 804 334 838 tione
355 805 562 848 praehabita,
589 805 627 838 de
657 815 769 837 eornm
806 804 939 837 consilio
974 810 1002 836 et

250 869 391 899 assensu,
413 859 669 903 praeceptoriam
692 858 902 903 praedictam,
921 869 1003 901 quan

251 912 470 945 conventualis
504 917 535 945 et
568 917 665 957 caput
699 911 835 944 aliarum
870 922 1002 955 praeee-

250 964 429 1009 ptoriarum
455 966 494 998 ab
515 966 627 998 eodem
649 965 800 1009 hospitali
823 965 1004 1007 dependen—

249 1018 331 1051 tium
357 1019 521 1059 existebat,
544 1024 577 1052 ut
608 1019 810 1062 praefertur,
837 1024 1002 1051 vacantem

250 1083 308 1115 per
328 1083 401 1105 suas
417 1072 525 1105 literas
546 1078 702 1116 perpetuo
715 1071 891 1115 suppressit
908 1076 937 1104 et
954 1082 1004 1103 ex-

248 1125 352 1165 tinxit,
376 1137 412 1160 ac
426 1126 458 1159 in
474 1126 609 1160 ecclesia
625 1126 699 1158 dicti
721 1125 888 1168 hospitalis
905 1136 1003 1157 unam

250 1180 508 1214 christifidelium
527 1179 832 1219 confraternitatem,
849 1179 908 1211 sub
920 1178 1006 1211 invo-

249 1234 374 1267 catione
390 1234 532 1267 eiusdem
554 1233 660 1266 Sancti
685 1233 832 1276 Spiritus,
854 1232 953 1265 erexit
975 1236 1005 1264 et

250 1287 407 1327 instituit;
432 1293 462 1321 et
484 1287 571 1330 quod
591 1297 627 1319 ex
647 1293 723 1318 tunc
744 1286 782 1318 de
803 1291 909 1319 cetero
930 1297 1004 1330 per-

250 1341 355 1386 petuis
373 1341 490 1375 futuris
509 1340 712 1384 temporibus
732 1339 890 1383 hospitale
915 1351 1005 1384 pras*-

250 1395 371 1428 dictum
388 1406 447 1439 per
461 1406 514 1428 sex
533 1399 599 1431 aut.
619 1393 751 1427 arbitrio
769 1394 913 1426 ciusdem
930 1405 1006 1426 con-

250 1449 468 1490 fraternitatis,
495 1449 607 1494 plures
636 1460 690 1481 seu
714 1448 884 1491 pauciores
903 1448 942 1480 ab
969 1459 1005 1479 ea

251 1503 416 1546 eligendos
444 1502 623 1535 confratres
648 1501 920 1534 confraternitatis
946 1502 1006 1533 1111-

250 1556 402 1596 iusmodi,
424 1567 565 1600 quorum
586 1556 697 1588 saltem
716 1566 800 1587 unus
820 1561 899 1587 esset
918 1565 1006 1598 prae-

251 1611 335 1643 latus
363 1616 394 1642 et
425 1609 523 1653 aliqui
549 1610 581 1642 in
609 1609 761 1652 dignitate
791 1608 1005 1641 ecclesiastica

252 1663 433 1705 constituti,
469 1675 506 1696 ac
542 1663 657 1707 reliqui
692 1662 825 1695 omnino
865 1662 1005 1695 clericali

252 1718 438 1751 charactere
464 1718 603 1760 insigniti
643 1722 671 1750 et
702 1717 887 1749 nullatenus
927 1727 1005 1749 01111-

252 1771 349 1814 iugati
371 1771 551 1808 existerent,
573 1780 599 1804 01
618 1781 759 1814 qnorum
781 1770 913 1803 dimidia
938 1782 1004 1807 seu,

251 1826 395 1858 eiusdem
418 1825 687 1858 confraternitatis
703 1824 846 1865 arbitrio,
863 1824 924 1856 alia
941 1835 1006 1856 ma-

251 1879 301 1911 ior
322 1890 396 1923 pars
416 1879 550 1922 singulis
574 1878 667 1911 annis
694 1883 876 1910 mutaretur
901 1883 929 1910 et
952 1889 1004 1909 ra-

251 1932 401 1972 riaretur,
428 1932 471 1965 ita
491 1938 525 1965 ut
554 1932 691 1965 alicuius
716 1942 828 1964 eorum
861 1930 1003 1964 osticium

249 1987 333 2019 ultra
354 1985 521 2019 biennium
537 1986 654 2018 durare
675 1985 836 2028 nequiret,
859 1990 890 2017 et
905 1984 1003 2028 aliqui

250 2050 287 2071 ex
320 2040 438 2083 prioris
463 2040 537 2072 anni
568 2039 747 2072 rectoribus
781 2049 837 2071 seu
867 2037 1003 2070 admini-

251 2093 440 2127 stratoribus
473 2105 548 2127 cum
564 2093 687 2126 noviter
702 2092 824 2133 electis,
842 2097 877 2124 ut
893 2103 1002 2125 rerum

251 2147 362 2181 notitia
382 2148 498 2180 melius
522 2147 633 2180 baberi
660 2152 776 2191 posset,
804 2157 931 2190 semper
952 2158 1002 2178 10-

251 2206 428 2241 manerent,
450 2212 524 2234 cum
550 2212 587 2234 ea
611 2213 674 2245 qua
699 2201 825 2233 deceret
848 2200 1002 2233 charitate

250 2260 416 2297 regeretur
436 2260 466 2288 et
485 2255 734 2298 gubernai·etur;
761 2266 796 2286 ac
821 2253 876 2296 qui
902 2264 938 2286 ex
959 2253 1003 2285 eis

250 2308 295 2341 sic
319 2307 429 2341 electis
449 2308 563 2341 maiori
583 2309 736 2351 dignitate
760 2307 925 2351 praeditus
955 2309 1001 2339 10-

251 2366 311 2401 ret,
337 2373 370 2395 se
391 2368 633 2407 praeceptorem
658 2362 826 2405 hospitalis
848 2361 1000 2404 praedicti

250 2414 425 2448 inscribere
446 2420 477 2448 et.
496 2416 715 2455 denominare,
741 2426 776 2448 ac
804 2415 843 2447 ab
864 2413 934 2446 aliis
957 2413 1002 2445 in-

248 2468 345 2502 scribi
381 2474 412 2501 et
444 2469 663 2509 denominari,
702 2469 890 2511 diversaque
925 2472 1001 2499 tunc

249 2529 398 2562 expressa
413 2524 444 2551 et
458 2518 531 2559 alia,
554 2529 612 2562 per
627 2530 685 2562 pro
702 2523 846 2561 tempore
867 2516 1001 2549 existen-

248 2573 311 2600 tem
328 2573 573 2612 praeceptorem
594 2567 667 2600 dicti
689 2565 855 2611 hospitalis
881 2565 914 2597 in
939 2565 1001 2608 spi-

249 2617 418 2650 ritualibus
444 2623 474 2650 01.
503 2616 736 2661 temporalibus
760 2615 830 2649 lieri
850 2621 880 2648 ct
909 2626 999 2648 exer-

248 2667 312 2704 ceri
333 2668 437 2708 solita,
460 2668 564 2702 facere
593 2672 623 2699 et
651 2677 799 2700 exercere
829 2671 947 2711 posset,
970 2671 1000 2698 ct

1685 260 1749 293 515

1041 327 1103 355 tam
1139 322 1204 366 ipse
1231 333 1327 365 quam
1349 320 1400 355 alii
1422 332 1496 355 eum
1527 332 1565 355 οο
1594 322 1725 355 00010011
1755 334 1791 355 ac

1041 375 1157 419 reliqui
1180 375 1211 408 in
1235 387 1333 416 cura,
1366 375 1520 418 regimine
1542 381 1570 408 et
1592 375 1796 408 administra-

1042 428 1127 462 tione
1138 429 1308 473 praedictis
1325 429 1467 462 secundo
1479 440 1564 461 anno
1576 434 1792 467 remanentes,

1043 483 1176 525 singulis
1212 483 1423 517 hebdomadis
1447 484 1546 516 semel
1579 488 1634 516 aut
1660 483 1794 526 pluries,

1044 542 1151 578 prout,
1171 537 1255 570 iuxta
1281 548 1390 570 rerum
1408 543 1438 570 ct
1449 537 1659 580 negociorum
1681 547 1796 569 occur-

1045 590 1193 629 rentium,
1222 601 1302 633 opus
1324 591 1422 629 soret,
1462 590 1492 622 111
1522 589 1672 623 domibus
1698 590 1799 633 ipsius

1044 643 1210 686 hospitalis
1235 643 1419 679 convenire,
1446 655 1481 675 ar
1505 643 1589 675 illins
1611 643 1745 686 negocia
1770 649 1796 675 01

1045 707 1095 728 res
1116 696 1244 729 insimul
1269 702 1403 729 tractare
1425 703 1450 729 01
1479 697 1641 741 exiis-dne,
1673 708 1798 730 necnon

1045 761 1155 787 curae,
1188 751 1335 790 regimini
1357 756 1383 782 01
1407 750 1675 783 administrationi
1699 751 1800 794 ipsius

1045 803 1212 847 hospitalis
1234 803 1411 841 intendere,
1440 815 1474 837 ac
1497 805 1604 837 omnia
1622 810 1648 837 01
1674 805 1801 847 singula

1047 868 1103 900 per
1123 868 1181 900 pro
1195 863 1339 901 1011111010
1352 858 1537 891 existentem
1556 864 1799 902 praeceptorem

1047 910 1213 954 hospitalis
1226 911 1411 944 huiusmodi
1428 912 1458 944 in
1480 912 1714 956 temporalibus
1731 912 1799 945 fieri

1046 969 1073 996 ct
1097 965 1236 997 exerceri
1261 966 1365 1005 solita,
1388 966 1420 997 in
1433 966 1552 998 eisdem
1567 966 1801 1009 temporalibus

1047 1018 1151 1050 faeere
1172 1024 1198 1050 et
1222 1019 1335 1062 exequi
1361 1024 1490 1062 possent
1524 1025 1551 1051 01
1578 1019 1731 1052 deberent
1764 1030 1800 1051 ac

1046 1071 1178 1104 omnino
1199 1077 1399 1112 tenerentur,
1420 1073 1458 1106 de
1475 1073 1569 1105 simili
1587 1073 1721 1106 consilio
1739 1078 1800 1106 sta-

1047 1124 1105 1157 tuit
1127 1130 1157 1157 et
1182 1125 1357 1163 ordinavit,
1391 1133 1485 1169 prout
1517 1126 1547 1159 in
1578 1127 1653 1171 ipsis
1686 1126 1801 1163 literis,

1047 1188 1185 1220 quarum
1212 1183 1376 1215 tenorem.
1400 1190 1436 1212 ac
1453 1179 1477 1211 si
1499 1180 1537 1212 de
1558 1180 1655 1212 verbo
1676 1180 1715 1212 ad
1734 1192 1803 1213 ver-

1046 1230 1123 1263 bum
1146 1231 1354 1272 insereretur,
1379 1233 1600 1275 praesentibus
1616 1233 1727 1265 baberi
1747 1245 1801 1267 vo-

1048 1285 1156 1317 lumus
1182 1296 1240 1328 pro
1262 1297 1427 1330 expresso,
1458 1286 1585 1330 plenius
1605 1287 1799 1321 continetur.

1091 1339 1105 1382 ξ
1132 1340 1162 1372 3.
1197 1340 1277 1372 Cum
1305 1345 1425 1380 autem,
1449 1351 1484 1373 ex
1506 1340 1609 1373 forma
1634 1341 1801 1374 literarum

1048 1394 1248 1433 earmmlem,
1271 1395 1309 1426 ad
1333 1405 1462 1435 curam,
1486 1395 1631 1437 regimen
1652 1400 1682 1428 et
1702 1395 1801 1428 admi-

1048 1446 1267 1480 nistrationem
1290 1448 1456 1492 hospitalis
1477 1448 1662 1481 huiusmodi
1683 1449 1802 1492 eligan-

1049 1506 1101 1532 tur
1115 1500 1172 1532 viri
1189 1501 1410 1539 ecclesiastici,
1429 1507 1459 1534 et
1472 1502 1658 1535 huiusmodi
1674 1503 1743 1541 viri,
1762 1503 1800 1536 li-

1048 1559 1095 1585 cet
1118 1554 1209 1597 probi
1232 1560 1258 1586 01
1283 1554 1450 1588 timoratae
1476 1556 1538 1588 sint.
1566 1556 1799 1597 conscientiae,

1048 1607 1185 1640 curiales
1207 1614 1311 1640 tamen
1333 1609 1502 1641 existentes
1513 1614 1540 1641 et
1553 1609 1684 1642 dix-ersis
1696 1610 1760 1643 suis
1773 1615 1803 1643 ct

1048 1660 1230 1693 animorum
1244 1661 1252 1688 l
1265 1672 1398 1694 suorum
1411 1662 1624 1695 occurrentiis
1641 1662 1800 1706 impliciti,

1048 1719 1075 1746 et
1098 1715 1294 1758 quandoque
1322 1715 1465 1759 negociis
1490 1715 1520 1748 in
1553 1715 1622 1760 ipso
1651 1717 1800 1760 hospitali

1048 1768 1326 1812 contingentibus,
1353 1781 1436 1813 quae
1458 1781 1572 1813 magna
1593 1775 1623 1803 et
1641 1771 1802 1805 laboriosa

1048 1822 1323 1863 existunt,mi1ms
1344 1824 1463 1863 idonci,
1490 1835 1577 1857 nune
1603 1825 1803 1868 temporibus

1048 1871 1171 1904 statutis
1187 1873 1358 1905 convenire
1378 1879 1555 1917 nequeant,
1577 1884 1663 1906 nunc
1680 1874 1802 1907 diversa

1047 1921 1197 1961 senti-anu
1211 1928 1241 1955 et
1256 1923 1347 1966 quasi
1367 1934 1418 1956 res
1437 1929 1467 1956 et
1489 1923 1623 1966 negocia
1645 1923 1720 1956 dicti
1742 1924 1800 1957 110-

1047 1970 1169 2012 spitalis
1189 1972 1406 2005 communiter
1427 1972 1622 2016 possideant,
1645 1983 1681 2005 ea
1701 1984 1803 2015 quan-

1047 2018 1152 2062 doque
1178 2021 1395 2053 communiter
1415 2021 1588 2064 negligant,
1621 2028 1651 2054 et
1671 2022 1715 2054 sic
1735 2032 1800 2054 non

1047 2068 1150 2100 solum
1172 2069 1230 2112 ipsi
1247 2081 1330 2111 eam,
1358 2082 1440 2114 quac
1457 2071 1659 2114 sperabatur,
1683 2071 1802 2104 utilita-

1046 2121 1109 2149 tcm
1130 2118 1214 2151 dicto
1235 2119 1385 2163 hospitali
1416 2131 1480 2153 non
1500 2120 1651 2160 afferant,
1686 2132 1798 2153 xerum

1046 2165 1141 2198 etiam
1175 2178 1212 2200 ex
1240 2168 1424 2212 praemissis
1452 2169 1588 2212 negocia
1617 2169 1718 2214 ipsius
1743 2171 1799 2204 ho-

1045 2215 1167 2268 spitalis
1187 2215 1218 2248 in
1244 2218 1376 2260 longum
1398 2219 1646 2262 protrahanttn‘‚
1670 2224 1699 2253 et
1721 2230 1798 2264 pro-

1045 2274 1181 2297 visiones
1192 2267 1389 2300 necessariae
1400 2267 1723 2311 temporibusdebitis
1734 2280 1797 2302 non

1045 2313 1140 2351 liant,
1173 2315 1203 2347 in
1234 2316 1409 2349 maximum
1445 2317 1590 2351 eiusdem
1631 2319 1797 2362 hospitalis

1044 2363 1124 2394 etin
1147 2374 1184 2396 eo
1210 2375 1267 2407 pro
1298 2371 1441 2409 tempore
1470 2372 1676 2411 receptorum
1705 2368 1796 2400 intir-

1044 2423 1172 2445 morum
1193 2420 1223 2446 01
1248 2425 1429 2459 pauperum
1450 2428 1487 2449 ac
1507 2417 1725 2460 expositorum
1749 2417 1796 2450 in-

1044 2461 1178 2494 fantium
1198 2462 1439 2498 detrimentum.

1086 2514 1100 2553 §
1121 2512 1151 2545 si.
1175 2513 1246 2551 Nos,
1267 2514 1450 2557 praemissis
1469 2526 1662 2555 occurrere,
1689 2522 1720 2549 et
1739 2516 1794 2549 110-

1043 2560 1154 2604 spitalc
1178 2563 1391 2606 praedictum,
1418 2576 1459 2598 ne
1494 2566 1538 2598 illi
1572 2566 1652 2599 desit
1681 2571 1777 2610 caput

1810 268 1857 295 An.
1876 267 1905 295 C.
1926 266 1991 295 13:³43

1848 1352 1891 1373 lluc
1908 1354 2002 1374 remedio

1817 1384 1929 1410 hospitalis
1963 1391 2004 1405 ne-

1817 1416 1954 1436 cessitatibus
1968 1416 2004 1435 mi-

1817 1446 1872 1466 nime
1884 1447 2004 1467 consultum

1817 1480 1849 1497 est
1861 1477 1886 1497 ol·
1899 1478 2002 1498 inscitiam

1816 1508 1849 1527 vel
1892 1509 2004 1534 negligen-

1817 1539 1865 1558 tiam
1919 1540 2004 1560 contr..-

1817 1572 1879 1590 trum.

1829 2526 1941 2549 tter-nean:
1961 2528 1991 2551 lu·

1808 2558 1828 2579 lit
1845 2559 1920 2585 literis,
1930 2567 1990 2587 111-Δο-

1782 2593 1789 2607 9
1807 2592 1923 2616 ceptoriam
1954 2597 1991 2612 re-

1041 2621 1099 2654 per
1115 2612 1202 2654 quod
1227 2612 1312 2646 illius
1332 2614 1477 2647 membra
1503 2619 1666 2657 regantur,
1690 2614 1721 2648 in
1737 2626 1791 2649 su·
1806 2622 1874 2644 nituit
1887 2622 1970 2647 Paulus.

1079 2674 1088 2699 ¹
1108 2675 1187 2702 Forte
1203 2679 1350 2704 anticorum
1367 2677 1404 2714 (u.
1423 2677 1472 2713 TV).
