2227 3001
212 254 265 281 An.
282 254 313 282 C.
333 253 400 281 ¹525

213 1165 316 1186 instantia
334 1165 395 1186 trium

212 1196 315 1217 mensium
331 1200 396 1223 prae-

212 1228 293 1253 finitur.

217 2408 282 2435 Quam
299 2407 360 2428 iudex
377 2409 403 2428 ad

217 2445 311 2459 merstem
330 2445 402 2466 ΡΓΟῘΟ·

217 2476 266 2495 gare
283 2474 360 2496 petest.

460 247 501 281 98

415 308 567 341 cessionis
587 308 729 341 videlic-«11
752 307 913 340 bonorum
932 310 984 338 aut
1006 301 1189 337 dilationis¹

413 360 676 404 quinquennalis,
694 359 746 392 alii
758 357 987 392 discussionem
1004 358 1165 391 bonorum

413 419 469 448 aut
491 413 727 448 haereditatum
758 412 852 445 etiam
877 423 894 444 a
924 411 1004 444 Sede
1034 411 1167 455 Aposto-

413 468 474 502 lica
494 469 678 512 impetrant,
705 467 823 509 quibus
851 464 1041 509 impetratis,
1059 465 1097 498 ad
1114 476 1166 497 ex-

413 521 608 565 peditionem
618 519 805 554 earumdem
817 517 947 551 minime
960 517 1164 555 incumbunt,

414 580 443 608 et
473 575 565 608 dietis
581 573 689 617 gratiis
710 583 741 605 se
763 578 848 605 tutos
873 577 1114 615 cognoscentes,
1138 577 1167 604 et

415 627 542 661 difficile
584 631 768 670 reputantes
795 625 881 668 quod
911 625 958 658 vel
993 625 1189 692 creditores·

414 680 602 714 conveniant
634 679 667 712 in
701 678 867 721 eligendo,
888 679 937 711 vel
955 678 1115 711 bonorum
1137 684 1164 711 et
1187 700 1188 706 η

413 732 616 766 baereditatis
643 731 797 765 discussio
824 731 889 771 fiat,
918 742 1076 775 pauperes
1097 742 1166 764 cre-

413 785 531 818 ditores
571 796 683 818 eorum
723 784 843 818 credito
882 785 930 817 vel
969 784 1167 818 deluduntur

412 839 459 872 vel
489 839 568 872 adeo
595 839 842 883 proti-aluintur,
871 843 904 871 ut
932 837 989 881 ipsi
1010 839 1092 871 same
1113 850 1167 882 pe-

413 897 514 931 reant,
541 892 600 933 vel,
623 898 658 925 ut
677 891 804 935 saepius
834 893 959 924 evenire
980 892 1070 927 solet,
1100 903 1166 925 mo-

411 945 547 987 riantur,
580 951 609 979 et
639 946 793 979 haeredes
815 956 940 985 eorum,
969 956 1033 978 non
1061 945 1101 978 ita
1128 946 1187 979 de*

411 999 544 1032 materia
570 999 745 1040 informati,
769 1010 786 1032 a
807 997 928 1031 credito
944 1009 1056 1031 eorum
1079 999 1168 1043 puni-

411 1058 462 1085 tus
483 1053 707 1086 excludantur.

455 1105 469 1149 g
489 1106 519 1138 t.
544 1106 617 1144 Nos,
636 1105 1028 1138 talibusinconvenientiis
1039 1106 1166 1139 obviare

409 1159 562 1200 volentes,
586 1164 674 1192 motu
697 1158 828 1203 proprio
849 1163 877 1190 et
896 1169 930 1191 ex*
951 1164 1058 1192 nostra
1081 1165 1166 1192 certa
1185 1162 1188 1216 i

411 1211 553 1253 scientia,
575 1217 689 1245 tenore
715 1211 932 1255 praesentium
963 1212 1167 1246 decerminus

411 1270 441 1298 et
469 1265 670 1298 declaramus
699 1265 785 1308 quod
815 1263 1013 1307 quicumque
1042 1266 1187 1298 heneti-¹

411 1319 495 1352 cium
513 1319 716 1352 alternativae
733 1317 934 1362 praedictum
964 1324 1016 1351 aut
1045 1319 1166 1352 discus-

411 1372 537 1406 sionum
557 1372 717 1405 bonorum
745 1383 798 1405 seu
824 1371 1031 1405 haereditatis
1058 1373 1165 1405 bacte-
1186 1391 1187 1397 κ

410 1436 472 1459 nus
490 1425 703 1469 impetra-runt
725 1436 741 1457 a
762 1424 812 1457 die
830 1424 1058 1468 publicationis
1075 1436 1166 1469 prae·
1186 1433 1187 1441 ¹

411 1478 561 1519 sentium,
584 1479 680 1522 etqui
701 1479 732 1511 in
755 1478 1131 1523 futurumimpetrabunt
1149 1491 1166 1512 a

411 1532 462 1566 die
494 1542 607 1565 eorum
645 1531 880 1576 impetrationis
918 1532 1163 1575 computandis,
1186 1542 1188 1580 }

411 1585 470 1620 nisi
486 1585 566 1619 intra
583 1590 648 1619 tres
664 1595 790 1618 menses
802 1596 905 1628 usque
920 1585 958 1618 ad
975 1585 1164 1617 sententiam
1186 1618 1187 1626 ἵ

411 1639 568 1673 exclusive
594 1649 722 1672 causam
749 1638 963 1683 expediverint
985 1649 1040 1671 seu
1074 1649 1166 1682 expe-

412 1692 471 1726 diri
492 1692 637 1732 fecerint,
664 1692 757 1725 dictis
781 1691 889 1733 gratiis
919 1702 974 1724 seu
1000 1692 1166 1725 beneficiis

412 1746 480 1790 ipso
490 1746 560 1778 iure
570 1744 681 1788 privati
694 1744 841 1781 existnnu
859 1751 886 1777 et
900 1744 1021 1777 iudices
1038 1755 1163 1786 eorum,

411 1798 528 1842 quibus
554 1799 632 1831 tales
666 1808 778 1831 causas
809 1798 961 1830 ventilare
983 1797 1163 1840 conti-gerit,
1186 1815 1188 1831 t

411 1852 474 1885 sive
495 1850 649 1884 ordinarii
674 1850 736 1883 sive
761 1850 915 1893 delegati,
937 1849 1031 1883 etiam
1053 1850 1077 1882 si
1107 1850 1166 1883 sint
1186 1860 1188 1888 ³,

413 1914 586 1938 causarum
605 1902 714 1937 Palatii
736 1902 908 1947 Apostolici
930 1902 1092 1936 auditores
1113 1909 1165 1938 aut

413 1963 540 1992 sanctae
559 1958 721 1991 Romanae
738 1956 899 1990 Ecclesiae
919 1956 1110 1995 cardinales,
1127 1959 1166 1990 ad
1186 1993 1188 1999 ,

414 2013 542 2046 totalem
577 2011 796 2045 executionem
833 2016 942 2044 contra
967 2010 1052 2054 ipsos
1077 2010 1165 2044 debi-
1186 2001 1189 2068 i

412 2070 509 2105 tores,
532 2065 570 2097 ad
590 2064 772 2097 instantiam
794 2063 962 2097 cuiuslibet
986 2063 1165 2103 creditoris,

414 2119 587 2163 procedere
614 2118 733 2162 possint
762 2123 792 2151 et.
818 2117 954 2151 debeant
980 2116 1110 2160 perinde
1131 2128 1166 2151 ac

414 2173 438 2205 si
459 2172 533 2204 talia
551 2170 708 2205 beneficia
733 2171 809 2215 ipsis
832 2170 951 2204 talibus
969 2169 1168 2203 debitoribus

415 2224 546 2258 minime
572 2235 725 2258 concessa
749 2224 893 2263 fuissent,
920 2222 1065 2267 partibus
1090 2222 1190 2275 aliast

416 2281 568 2315 iustitiam
590 2281 811 2315 ministrando.

461 2339 476 2383 ξ
494 2339 524 2372 02.
553 2336 591 2373 Et
612 2338 822 2372 nihilominus
843 2339 866 2371 si
887 2350 922 2372 ex
943 2338 1050 2382 aliqua
1071 2339 1168 2372 ratio-

419 2396 516 2431 nabili
550 2406 646 2429 causa
679 2395 839 2429 iudicibus
873 2396 1044 2440 praedictis
1067 2395 1169 2429 visum

419 2454 514 2488 suerit
537 2453 659 2487 dictum
684 2452 859 2487 terminum
882 2452 980 2486 trium
1011 2454 1170 2486 mensium
1189 2473 1191 2486 t

420 2511 587 2557 prorogari
613 2511 742 2551 debere,
770 2510 889 2543 dictum
914 2510 1089 2543 terminum
1111 2510 1170 2543 sibi

419 2571 500 2602 nene
519 2569 634 2607 visum,
652 2578 717 2601 non
737 2573 843 2600 tamen
860 2567 943 2601 ultra
964 2567 1062 2600 alium
1084 2578 1170 2601 men-

1012 242 1190 276 nummum
1216 251 1366 274 nmmum

1210 313 1267 346 per
1301 308 1464 346 presentes
1498 301 1705 336 concedimus
1726 301 1845 346 pariter
1865 306 1896 335 et
1917 302 1960 334 t'a-

1209 356 1373 387 cultatem.

1253 408 1267 450 §
1296 407 1326 440 3
1341 408 1409 441 Non
1422 407 1623 441 obstantibus
1637 407 1920 441 constitutionibus
1932 414 1961 441 et,

1209 460 1467 494 ordinationibus
1489 460 1685 505 apostolicis,
1704 460 1840 501 iuribus,
1864 461 1960 494 etiam

1209 513 1472 557 municipalibus,
1503 513 1681 558 ceterisque
1709 514 1741 546 in
1762 514 1960 548 contrarium

1210 566 1398 600 facientibus
1431 578 1495 601 non
1529 568 1729 601 obstantibus
1748 568 1961 611 quibuscum-

1210 632 1284 664 que.

1252 674 1357 706 Placet
1375 673 1506 707 domino
1523 679 1631 708 nostro
1643 675 1759 718 Papae,
1779 679 1807 707 et
1819 674 1862 708 ita
1873 680 1962 708 motu

1211 727 1342 771 proprio
1364 727 1503 759 mandat.

1407 780 1531 823 (Papae
1550 780 1760 823 subscriptio).

1660 834 1695 866 A.
1719 834 1915 868 Portuensis.

1252 887 1305 919 Die
1322 886 1471 929 vigesima
1488 885 1669 919 decembris
1685 886 1855 920 millesimo
1871 886 1964 930 quin-

1208 940 1385 983 gentesimo
1396 939 1550 983 w‘gesimo
1565 950 1664 979 nono,
1683 939 1839 981 intimata,
1857 940 1961 981 affixa,

1209 998 1237 1026 et
1258 992 1420 1037 publicata
1436 992 1491 1026 suit
1511 993 1630 1025 Romae
1651 991 1683 1025 in
1702 992 1783 1026 locis
1803 993 1964 1026 consuetis

1209 1057 1266 1091 per
1285 1056 1337 1080 me
1352 1047 1503 1080 loannem
1519 1046 1639 1080 Jervier
1659 1046 1712 1080 SS.
1734 1046 1769 1079 D.
1792 1046 1828 1079 N.
1858 1046 1963 1091 Papae

1209 1110 1388 1133 cursorem.

1252 1154 1296 1186 Ita
1316 1159 1371 1186 est.
1395 1154 1530 1187 loannes
1548 1152 1693 1194 Valtrini,
1717 1153 1869 1197 magister
1888 1164 1962 1187 cur-

1208 1217 1330 1240 sorum.

1228 1277 1300 1307 Pub.
1322 1278 1368 1307 ilie
1382 1277 1420 1307 20
1440 1276 1605 1307 decembris
1629 1277 1714 1313 1529,
1733 1281 1812 1315 pont.
1828 1287 1875 1307 an.
1893 1286 1941 1308 vn.

1207 1336 1358 1379 Sequitur
1381 1336 1523 1369 emensio
1543 1336 1646 1368 dictae
1666 1336 1906 1369 constitutionis
1920 1337 1963 1370 acl

1252 1399 1362 1421 causas
1387 1399 1456 1431 cap.
1487 1388 1631 1421 Pervenit
1661 1388 1717 1425 (De
1742 1388 1963 1432 fideiussione)

1250 1446 1279 1474 et
1299 1437 1377 1484 caps
1392 1442 1558 1475 Odoardus
1577 1443 1632 1481 (De
1654 1442 1841 1486 solutione).

1297 1513 1418 1541 Clemens
1436 1513 1506 1549 Papa
1526 1513 1579 1546 vu,
1598 1515 1679 1542 motu
1691 1514 1803 1550 proprio
1818 1515 1874 1543 etc.

1251 1567 1330 1600 Cum
1352 1577 1468 1610 nuper,
1488 1568 1525 1600 ad
1542 1567 1776 1611 amputandum
1794 1567 1964 1603 cavillatio-

1209 1631 1263 1652 nes
1277 1631 1389 1653 eorum
1401 1620 1468 1663 qui.
1486 1620 1523 1653 ad
1540 1621 1756 1654 fraudandum
1773 1621 1962 1662 creditores,

1208 1677 1235 1705 et
1257 1672 1377 1706 diutius
1397 1673 1638 1716 prorogandum
1664 1672 1781 1711 debita,
1804 1674 1966 1708 alternati-

1207 1736 1260 1757 vas
1279 1731 1309 1758 et,
1329 1725 1543 1758 discussiones
1557 1725 1719 1759 bonorum
1741 1738 1756 1758 a
1778 1727 1858 1761 Sede
1878 1728 1964 1772 Apo-

1186 1794 1187 1812 t
1208 1777 1318 1811 stolica
1348 1777 1601 1821 impetraverint,
1624 1784 1657 1810 ut
1688 1779 1800 1812 exinde
1821 1791 1869 1820 ea,
1892 1782 1964 1814 lon-

1186 1842 1188 1845 ’
1207 1831 1336 1873 ‹gissimo
1350 1837 1495 1874 tempore
1517 1832 1664 1867 durante,
1687 1833 1873 1866 nullatenus
1898 1835 1963 1867 sol-

1206 1895 1279 1916 vere
1294 1888 1477 1920 teneantur,
1495 1894 1565 1923 nos,
1584 1894 1641 1927 per
1653 1889 1774 1917 motum
1794 1886 1962 1928 proprium

1208 1941 1304 1969 manu
1326 1937 1515 1969 venerabilis
1531 1937 1636 1970 fratris
1656 1938 1755 1970 nostri
1777 1938 1904 1972 Antonii
1925 1941 1963 1973 de

1209 1990 1311 2022 Monte
1332 1990 1475 2033 episcopi
1494 1989 1691 2029 portuensis,
1706 1990 1964 2025 mandaverimus

1209 2048 1241 2075 ut
1254 2042 1285 2083 ii,
1302 2043 1357 2086 qui
1372 2043 1445 2076 talia
1461 2044 1721 2086 impetraverant,
1745 2054 1781 2076 ex
1802 2049 1890 2084 tunc;
1908 2046 1963 2089 qui

1207 2106 1282 2128 vero
1302 2095 1376 2128 talia
1402 2096 1434 2128 in
1458 2096 1603 2128 futurum
1629 2094 1852 2139 impetrarent,
1874 2108 1891 2130 a
1912 2098 1964 2131 die

1208 2147 1441 2191 impetrationis
1456 2148 1641 2181 huiusmodi
1663 2148 1744 2181 infra
1760 2154 1823 2181 tres
1838 2159 1965 2184 menses

1209 2211 1337 2234 causam
1372 2201 1521 2244 expedire
1540 2206 1739 2241 tenerentur,
1771 2212 1846 2234 cum
1873 2207 1965 2246 pote-

1209 2260 1288 2288 state
1320 2254 1412 2288 dictis
1438 2253 1602 2288 iudicibus
1626 2255 1777 2288 attributa
1803 2255 1964 2290 trimestre

1210 2308 1421 2352 praedictum,
1457 2307 1483 2340 si
1517 2307 1561 2340 eis
1593 2306 1769 2347 videretur,
1797 2308 1838 2341 ad
1861 2319 1965 2342 unum

1211 2370 1354 2393 mensem
1384 2360 1590 2404 prorogandi,
1627 2360 1746 2404 quibus
1778 2360 1896 2404 elapsis
1935 2367 1967 2394 et

1211 2423 1307 2446 causa
1327 2412 1459 2445 minime
1474 2412 1576 2453 finita,
1592 2423 1629 2446 ex
1643 2420 1720 2445 tunc
1734 2413 1842 2453 iudex,
1855 2423 1965 2447 coram

1189 2488 1192 2510 ,
1212 2477 1276 2510 quo
1297 2477 1391 2499 causa
1408 2466 1573 2510 penderet,
1593 2466 1631 2499 ad
1647 2466 1869 2500 executionem
1890 2477 1967 2500 con-

1212 2525 1259 2552 tra
1280 2519 1451 2560 debitores,
1479 2518 1612 2563 perinde
1631 2530 1668 2552 ac
1689 2519 1714 2551 si
1734 2519 1812 2553 tales
1836 2529 1968 2553 conces-

1213 2572 1318 2605 siones
1351 2571 1481 2605 minime
1515 2571 1755 2616 impetrassent,
1791 2572 1967 2617 procedere

419 2638 484 2660 «ῑ-ηπ
502 2632 530 2660 et
547 2637 612 2660 non
628 2626 777 2668 amplius,
795 2625 991 2668 prorogandi
1008 2626 1170 2659 licentiam
1189 2637 1194 2680 l
1213 2624 1359 2662 debeant,
1391 2624 1517 2669 aliaque
1542 2625 1675 2665 fac-iant,
1709 2630 1807 2670 prout
1825 2625 1857 2659 in
1882 2624 1967 2659 dicto

1977 248 2026 276 An.
2044 251 2072 277 C.
2094 251 2157 278 1:525

1988 419 2099 441 clausulae
2121 421 2159 442 de·
2192 405 2210 444 {-

1975 452 2104 477 rogatoriam

2217 787 2223 812 l

2204 872 2224 897 x<

2207 819 2213 834 ι

2006 901 2130 923 ruminatio.
2206 919 2211 921 .

2213 905 2225 925 2

2212 942 2227 1067 i

2212 1079 2227 1183 i

2018 1574 2085 1598 causa
2100 1577 2163 1598 huius

1980 1608 2091 1629 extensum
2104 1614 2121 1628 ι
