2227 3001
250 262 298 290 An.
318 262 345 287 C.
367 261 430 289 itum

260 1065 378 1087 nectat-atto
395 1067 428 1091 (dr

246 1104 284 1123 qm!
295 1105 314 1117 (ιι
327 1105 349 1117 ru
381 1099 395 1109 ’-

353 1099 384 1118 brt

387 1099 426 1123 111),

490 253 554 287 370

1040 262 1216 286 BULLARIUM
1240 262 1388 286 Romnum

449 315 532 350 libus
548 316 732 356 trahuntur,
750 316 854 349 taedio
870 316 1017 348 laborum
1034 320 1065 348 et
1080 325 1196 359 expen-
1237 314 1354 358 quibus
1374 315 1480 348 sorum
1500 326 1671 350 causarum
1692 316 1835 349 iudicum
1858 316 1986 350 ordina-

447 381 568 411 sarum‚
594 381 687 413 quos,
713 374 799 402 extra
816 368 1011 411 provinciam
1029 368 1192 411 litigando,

448 423 556 456 subire
576 428 754 465 coguntur,
776 421 898 462 affecti,
921 421 1026 465 potius
1046 432 1064 454 a
1084 432 1195 466 prose-

448 476 577 509 cutione
597 476 675 508 iuris
691 474 739 508 sui
755 475 918 515 desistere,
929 485 1025 518 quam
1042 486 1196 519 expensas

448 535 477 562 et
492 529 617 562 labores
630 528 814 562 huiusmodi
826 528 933 561 subire
945 528 1074 571 eligant,
1086 534 1117 562 et
1126 540 1196 573 pro-

447 587 611 615 curatores
629 582 696 614 sisci
712 580 811 614 nostri
828 581 860 613 in
882 581 994 614 eadem
1018 582 1193 625 provincia,

447 646 486 667 ne.
508 634 637 678 propria
658 645 715 678 pro
735 634 847 667 alienis
862 634 1010 667 deserere
1026 640 1192 677 cogantur,

446 698 558 720 causas
578 688 662 732 ipsas
690 688 825 720 ulterius
852 698 916 720 non
944 694 1192 732 prosequantur,

445 741 555 783 sicque
582 741 719 773 iustitiae
753 741 843 773 loeus
862 751 927 773 non
956 741 1007 781 sit,
1030 746 1061 774 et,
1080 742 1194 775 delicta

446 794 604 838 impunita
642 799 854 834 remanean13
881 805 917 827 ae
937 794 1003 836 alii,
1030 800 1194 838 praetextu

444 847 695 891 praemissorum
724 848 859 888 inducti,
881 848 921 880 ad
941 847 1193 891 delinquemliun

443 902 598 935 audacius
618 902 795 946 prosiliant,
817 901 849 934 iu
862 900 1106 945 provincialium
1122 914 1194 946 pro-

443 954 565 987 vinciae
586 954 771 987 huiusmodi
791 965 883 997 grave
906 954 1148 988 detrimentum.

487 1009 502 1051 ἓ
518 1008 548 1040 9,.
568 1009 641 1049 Nos,
660 1008 843 1052 praemissis
868 1019 1041 1041 occurrere
1060 1010 1194 1053 cupien-

445 1068 502 1103 tes,
515 1066 603 1094 motu
616 1061 748 1106 proprio
760 1067 838 1094 etex
852 1066 938 1095 certa
951 1061 1096 1103 seientia,
1107 1064 1195 1095 aede

442 1115 637 1159 apostolieae
654 1115 818 1159 potestatis
843 1115 1061 1159 plenitudine,
1083 1121 1194 1150 tenore

443 1168 662 1212 praesentium
681 1169 851 1202 statuimus
862 1174 893 1202 et
912 1169 1098 1206 ordinamus
1108 1172 1193 1212 quod

443 1223 482 1255 (le
516 1227 622 1255 cetero
655 1227 719 1255 tam
748 1221 854 1255 civiles
881 1233 978 1266 quani
1012 1222 1195 1256 criminales

444 1281 499 1309 aut
510 1276 624 1309 mixtae
636 1287 763 1316 causae,
782 1276 813 1309 in
832 1276 915 1309 dicta
936 1275 1097 1320 provincia
1117 1277 1194 1311 hac-

444 1335 538 1362 tenus
558 1335 659 1369 ortae,
680 1330 728 1362 vel
748 1329 781 1362 in
802 1334 966 1372 posterum
993 1329 1147 1371 oriturae,
1177 1342 1194 1363 a

443 1381 607 1425 quibusvis
635 1382 791 1426 personis,
813 1383 907 1415 etiam
929 1382 1004 1415 dieti
1030 1382 1097 1415 sisci
1118 1395 1194 1427 pro-

444 1436 659 1476 curatoribus,
670 1437 717 1469 rcl
730 1448 788 1480 pro
799 1437 910 1469 eodem
924 1436 1001 1469 fiseo
1013 1437 1192 1479 agentibus,

444 1493 507 1521 tam
544 1488 643 1521 active
675 1500 771 1532 quam
793 1489 930 1533 passive,
962 1500 1021 1532 pro
1051 1494 1194 1533 tempore

444 1547 570 1582 motae,
600 1542 834 1586 cuiuscumque
863 1542 1026 1586 qualitatis
1055 1542 1192 1584 suerint,

443 1595 619 1628 dummodo
640 1595 747 1628 civiles
768 1606 883 1629 causae
902 1595 1088 1628 huiusmodi
1109 1607 1195 1629 sum-

443 1659 527 1681 mam
562 1660 620 1682 seu
655 1650 794 1682 valorem
824 1659 860 1682 cc
898 1649 1090 1682 ducatorum
1123 1650 1193 1683 auri

444 1712 508 1734 non
529 1702 699 1741 excedant,
722 1702 825 1735 donee
853 1702 885 1734 in
913 1701 1018 1746 prima
1045 1702 1193 1736 instantia

443 1754 671 1798 pependerint,
704 1755 798 1788 etiam
835 1760 1000 1799 praetextu
1029 1755 1193 1789 literarum

442 1807 589 1840 moderni
609 1813 640 1840 et.
655 1818 714 1851 pro
734 1813 879 1851 tempore
899 1808 1061 1841 existentis
1080 1808 1193 1843 Curiae

443 1871 613 1895 causarum
643 1861 795 1895 Gamerae
813 1862 1017 1906 Apostolicae
1036 1864 1194 1905 generalis

443 1914 617 1957 auditoris,
639 1915 686 1948 vel
715 1915 853 1948 cuiusvis
880 1915 1115 1949 commissionis
1146 1918 1193 1950 vel

443 1969 678 2013 appellationis,
699 1980 716 2002 a
750 1980 958 2013 quocumque
991 1971 1190 2013 gravamine,

444 2022 504 2055 nisi
525 2023 586 2055 tale
607 2023 646 2055 sit
667 2024 754 2067 quod
775 2034 833 2067 per
853 2022 1047 2056 definitivam
1067 2030 1194 2058 senten-

445 2080 519 2112 tiam
540 2079 683 2124 reparari
704 2089 767 2112 non
788 2080 899 2124 possit,
921 2080 961 2112 ab
981 2090 1092 2113 earum
1113 2080 1194 2113 iudi-

444 2133 534 2166 cibus
544 2133 713 2167 ordinariis
725 2144 781 2167 seu
794 2133 967 2167 venerabili
982 2134 1079 2167 fratre
1089 2135 1193 2169 Marco

445 2188 595 2232 episcopo
611 2188 852 2232 Senogalliensi,
873 2188 1029 2221 moderno
1040 2200 1099 2233 pro
1116 2195 1194 2223 tem-

446 2252 522 2284 pore
543 2242 695 2275 existente
715 2241 817 2275 dietae
835 2242 1018 2286 provinciae
1035 2243 1194 2285 guberna-

445 2300 525 2336 tore,
547 2296 685 2337 avocari,
707 2302 761 2329 aut
778 2296 984 2340 anteprimae
1005 2297 1191 2337 sentcntiae,

445 2351 477 2383 in
497 2350 543 2383 eis
562 2362 620 2394 per
639 2351 769 2385 eosdem
786 2351 908 2385 iudices
927 2352 1119 2393 ordinarios,
1137 2365 1193 2388 seu

444 2405 585 2439 Marcum
604 2406 792 2450 ‹wiscopum
803 2407 995 2440 modernum
1005 2412 1036 2441 et
1047 2418 1105 2452 pro
1116 2412 1194 2442 tem-

446 2470 523 2502 pore
564 2459 748 2493 existentem
783 2460 1031 2503 gubernatorem
1065 2462 1192 2505 praedi-

447 2514 533 2542 ctum
544 2509 694 2549 serendae,
706 2510 929 2553 prolationem,
945 2516 1031 2544 extra
1048 2512 1192 2545 camdem

448 2558 643 2601 prtwineiaui
671 2559 702 2592 in
736 2560 878 2592 Romana
911 2559 1005 2593 Curia
1038 2561 1086 2593 vel
1118 2560 1192 2593 alibi

448 2608 604 2642 committi
626 2619 690 2642 non
709 2609 843 2653 possint3
868 2609 923 2642 sed
949 2620 1060 2643 omnes
1080 2616 1111 2644 et
1129 2610 1193 2644 sin-

447 2658 541 2703 gulae
569 2669 684 2694 causae
717 2658 898 2704 provinciae
930 2658 1134 2702 huiusmodi,
1162 2660 1193 2693 in

1238 368 1360 401 riorum
1395 379 1453 412 pro
1486 374 1630 413 tempore
1662 369 1894 410 declinabitur,
1930 380 1985 403 seu

1238 421 1315 455 alias
1339 421 1451 464 quovis
1477 422 1573 455 modo
1601 428 1688 456 extra
1714 422 1831 456 dietam
1856 423 1986 466 provin-

1238 475 1320 507 ciam
1341 475 1530 509 commissae
1550 476 1678 517 fuerint,
1703 488 1760 521 per
1782 477 1911 510 eosdem
1937 477 1986 510 iu-

1238 528 1324 561 dices
1343 528 1523 562 ordinarios
1548 539 1605 562 seu
1630 530 1770 562 Marcum
1798 530 1986 574 episcopum

1239 581 1429 614 modernum
1450 586 1481 614 et
1496 592 1555 626 pro
1569 587 1714 625 tempore
1730 583 1915 616 existentem
1931 593 1989 626 gu-

1240 635 1440 667 bernatorem
1452 635 1555 669 dictae
1573 635 1766 680 provinciae,
1785 636 1987 669 commissio-

1239 688 1333 721 nibus
1353 699 1524 722 eausarum
1543 689 1729 722 huiusmodi
1754 696 1841 723 extra
1869 690 1987 723 dictam

1239 741 1435 785 provinciam
1456 753 1516 786 pro
1527 747 1672 786 tempore
1692 742 1792 781 sactis,
1812 748 1843 776 et
1858 743 1986 776 illarum

1237 794 1356 837 vigore,
1377 806 1395 828 a
1415 795 1592 835 iudicibus,
1615 806 1723 828 coram
1734 795 1852 839 quibus
1868 796 1989 840 reperi-

1238 852 1362 888 rentur,
1383 848 1571 881 emanandis
1582 847 1827 881 inhibitionibus
1844 859 1909 882 non
1929 850 1987 882 ob-

1237 901 1403 941 stantibus,
1420 901 1589 945 cognosci,
1611 902 1714 935 deeidi
1735 907 1765 935 et
1790 902 1853 935 tine
1881 902 1988 936 debito

1238 954 1402 987 terminari
1427 955 1576 988 debeant..

1280 1007 1294 1050 ς’
1314 1007 1345 1040 3.
1367 1008 1581 1041 Decernentes
1605 1013 1721 1041 statuto
1742 1013 1773 1041 et
1792 1008 1987 1042 ordinationi

1238 1061 1353 1093 nostris
1372 1061 1559 1094 huiusmodi
1579 1060 1691 1105 quovis
1708 1060 1804 1094 modo
1824 1061 1985 1105 derogari,

1237 1119 1291 1146 aut
1318 1113 1372 1147 illa
1392 1114 1555 1155 revocari,
1578 1113 1645 1147 tolli
1671 1124 1729 1147 seu
1749 1114 1901 1158 suspendi
1921 1125 1987 1148 non

1238 1178 1342 1210 posse,
1359 1178 1396 1200 ae
1408 1178 1445 1201 ex
1456 1178 1543 1200 nune
1553 1167 1681 1200 irritum
1697 1172 1728 1199 et
1737 1166 1844 1207 inane,
1856 1166 1881 1199 si
1893 1178 1985 1200 secus

1236 1231 1334 1264 super
1353 1220 1403 1254 his
1422 1232 1439 1253 a
1459 1231 1638 1265 quoquam,
1655 1220 1766 1264 quavis
1783 1220 1986 1261 auctoritate,

1237 1272 1375 1307 scienter
1401 1274 1450 1308 vel
1471 1274 1666 1317 ignoranter,
1687 1273 1858 1317 contigerit
1883 1279 1987 1308 atten-

1237 1327 1307 1360 tari.

1279 1380 1294 1423 ἓ
1314 1380 1344 1412 l11.
1368 1380 1436 1413 Non
1457 1380 1657 1414 obstantibus
1671 1380 1854 1425 praemissis
1864 1392 1900 1413 ac
1912 1392 1987 1414 con-

1237 1432 1457 1467 stitutionibus
1495 1439 1526 1467 et
1562 1434 1819 1468 ordinationibus
1858 1440 1986 1478 aposto-

1237 1486 1326 1527 licis,
1361 1497 1488 1520 necnon
1521 1489 1600 1532 stylo
1628 1487 1738 1520 Palatii
1766 1493 1797 1520 et
1824 1488 1988 1531 quibusvis

1237 1540 1518 1574 commissionibus
1537 1552 1595 1584 pro
1615 1546 1760 1585 tempore
1776 1541 1920 1584 signatis,
1937 1553 1988 1576 ce-

1238 1593 1376 1637 terisque
1397 1595 1569 1628 contrariis
1587 1595 1861 1639 quibuscumque.

1279 1648 1393 1680 Datum
1414 1648 1533 1682 Romae
1549 1649 1635 1693 apud
1651 1649 1681 1682 S.
1700 1649 1844 1690 Petrum,
1858 1649 1918 1682 sub
1933 1660 1988 1682 an-

1237 1701 1315 1733 nulo
1324 1701 1506 1744 piscatoris,
1518 1702 1613 1738 diem
1629 1703 1735 1736 martii
1744 1712 1871 1744 MDXMV,
1881 1702 1988 1748 ponti-

1237 1755 1350 1788 ficatus
1370 1755 1471 1788 nostri
1490 1766 1575 1789 anno
1594 1766 1624 1789 x.

1284 1807 1345 1838 Dat.
1367 1808 1414 1839 die
1436 1808 1454 1839 3
1477 1809 1573 1839 martii
1590 1809 1676 1847 1544,
1694 1810 1799 1850 pontif.
1816 1819 1892 1840 anno
1907 1820 1933 1840 x.

1578 1966 1638 2000 LII.

1237 2034 1282 2066 Dc
1300 2033 1378 2076 salsi
1397 2039 1425 2067 et
1445 2035 1568 2078 ‹Iecupli
1592 2035 1726 2079 aliisque
1742 2037 1855 2079 poenis
1888 2039 1986 2070 mini-

1280 2093 1422 2122 strorum
1435 2089 1636 2125 Rererendne
1652 2090 1806 2124 Gamerae
1827 2091 1986 2135 Apostoli-

1281 2153 1334 2176 ωε
1354 2148 1382 2176 et
1403 2144 1542 2176 aliorum
1558 2145 1701 2178 rationes
1717 2145 1839 2188 mteyre
1858 2150 1888 2180 et
1906 2146 1984 2189 fide-

1280 2197 1355 2230 liter
1374 2208 1441 2230 non
1460 2198 1673 2231 reddentiwn.

1333 2279 1431 2309 Paulus
1451 2279 1520 2315 Papa
1536 2280 1581 2313 nt.
1601 2281 1679 2309 motu
1691 2282 1812 2318 proprio,
1832 2284 1886 2312 etc.

1279 2352 1372 2394 Cum,
1386 2352 1469 2387 sicut
1483 2354 1680 2398 accepimus,
1694 2356 1842 2389 nonnulli
1858 2358 1983 2401 provin-

1236 2407 1358 2440 ciarum
1391 2407 1497 2441 Status
1527 2407 1740 2443 Ecclesiastici
1768 2410 1980 2453 thesaurarii,

1235 2460 1528 2502 viee—thesaurarii,
1564 2467 1759 2497 mercatores
1793 2469 1824 2497 et
1855 2470 1983 2499 nostrae

1235 2522 1292 2544 seu
1325 2510 1476 2544 Gamerae
1500 2511 1702 2556 Apostolicae
1725 2512 1862 2546 ministri
1887 2514 1983 2548 aliae-

1235 2571 1298 2604 que
1332 2570 1486 2604 personae
1504 2586 1511 2600 ,
1546 2567 1699 2605 computa
1731 2562 1981 2597 administratio-

1237 2620 1327 2650 num,
1349 2609 1565 2650 locationum,
1587 2610 1770 2653 amentum,
1793 2612 1982 2655 partitarum

1237 2664 1268 2694 ct
1288 2658 1491 2696 exactionum
1516 2659 1651 2696 reddere
1671 2660 1839 2704 debentes,
1860 2661 1982 2707 integra

2000 263 2050 290 An.
2067 263 2096 290 C.
2117 264 2182 291 muts

2015 1017 2126 1039 Decretum
2137 1019 2160 1039 iri
2168 1019 2185 1039 i-

2002 1052 2055 1070 tans.

2028 1400 2185 1423 Contrariorum

2000 1432 2117 1457 derogatio.

2034 2370 2100 2391 Causa
2119 2370 2181 2391 istius

1998 2402 2163 2424 constitutionis.
