2227 3001
53 274 102 301 An.
119 273 147 301 c.
169 273 234 300 1350
909 271 1010 295 tL'LIL'S
1036 271 1068 294 111
1094 271 1139 294 rr.
1690 260 1753 293 4³25
1814 269 1863 294 An.
1883 268 1910 293 1⁷3,
1931 267 1995 293 ³330

250 331 317 359 tum
342 336 410 359 esse
437 324 774 363 subministraturnm,
806 324 851 357 sie
871 329 1001 357 vox-eant
1045 324 1208 356 studentes
1224 322 1317 356 dictis
1336 322 1429 355 bonis
1449 321 1549 361 abuti,
1568 332 1672 365 neque
1689 322 1797 356 Socie-

99 970 143 993 Non
160 975 228 993 tamen

49 1005 116 1032 quoad
131 1004 228 1030 ennegm,

46 1040 107 1062 quae,
131 1041 168 1062 pro
184 1039 230 1055 stu-

46 1067 138 1087 dentium

45 1098 177 1123 mutationi„
193 1099 230 1118 bo-

45 1135 72 1150 na
86 1130 147 1150 etium
164 1130 230 1150 statii<

44 1161 72 1182 lm
87 1161 165 1182 habere
183 1167 227 1188 pos-

44 1195 100 1213 snm-

178 1067 230 1087 sul)-

90 2107 229 2134 Collegiurum

47 2138 169 2164 gubeunalio
196 2145 231 2165 pe-

46 2176 85 2191 nes
119 2172 230 2198 praepost-

47 2205 89 2223 tum
106 2203 139 2222 vel
159 2202 232 2223 Socie-

46 2237 109 2257 utom
125 2238 166 2256 est.

249 379 365 422 singuli
393 383 424 412 et
449 377 588 411 universi
615 383 802 421 perpetuam
832 382 1002 422 pauperta-

249 439 326 473 tem,
347 438 467 466 utnon
498 432 602 465 solum
623 431 783 475 privatim,
814 432 868 465 sed
896 442 1000 475 neque

248 486 343 520 etiam
356 484 714 529 communiter,possint
726 484 869 528 professi,
881 485 927 518 vel
937 485 1000 517 ulla

247 550 373 573 corum·
390 539 505 572 domus
538 543 593 571 aut
617 538 753 572 ecclesia
769 565 776 577 ‚
812 538 851 571 ad
877 537 1001 581 aliquos

247 598 432 638 proventus,
450 591 606 631 redditus,
626 591 853 635 possessiones,
872 591 926 624 sed
942 602 1000 624 nec

247 646 286 679 ad
306 646 373 679 ulla
387 646 471 679 bona
487 644 622 686 stabilia,
646 649 774 690 praeter
789 655 825 678 ea
847 655 930 689 quae
946 655 1002 690 op-

248 706 387 746 portuna
406 705 502 734 erunt
522 699 560 732 ad
580 710 676 732 usum
702 698 872 742 proprium
893 704 924 732 et
942 699 1000 731 ha-

247 754 435 788 bitationem
460 752 646 791 retinenda,
674 751 724 785 ius
755 751 885 795 aliquod
910 751 1000 785 civile

247 807 434 854 acquirere,
459 806 557 840 rebus
583 805 642 839 sibi
663 816 699 839 ex
720 805 850 838 caritate
877 805 1001 839 donatis

246 861 285 895 ad
306 859 524 894 necessarium
544 859 625 892 vitae
646 869 741 892 usum
762 858 914 892 contenti.

291 916 306 960 ᾗ
325 915 374 949 10.
388 914 468 954 Quia
482 920 591 947 tamen
607 913 734 954 domus,
752 923 832 957 quas
847 913 1001 946 Dominus

246 967 380 1009 dederit,
403 969 442 1002 ad
464 968 664 1013 operandum
688 967 719 1000 in
739 977 832 1000 vinea
852 967 955 1011 Ipsius
971 972 1001 1001 et

246 1023 311 1057 noti
326 1024 365 1057 ad
382 1022 570 1056 scholastica
588 1021 691 1055 studia
712 1021 888 1054 exercenda
904 1021 1001 1054 desti-

246 1077 370 1110 nandae
385 1081 492 1116 erunt,
507 1086 581 1109 cum
592 1075 683 1108 valde
696 1079 918 1119 opportunum
935 1075 1000 1108 sore

245 1131 366 1176 alioqui
385 1131 531 1164 videatur
558 1134 594 1162 ut
613 1140 650 1162 ex
669 1127 851 1165 iuvenibus,
873 1128 910 1161 ad
932 1128 1001 1172 pie-

246 1190 343 1218 tatem
374 1183 544 1228 propensis
568 1192 599 1216 et
624 1181 663 1215 ad
694 1181 861 1215 literarum
898 1181 1001 1214 studia

244 1238 409 1272 tractanda
435 1236 561 1270 idoneis
577 1263 584 1277 ,
607 1234 746 1280 operarii
768 1234 870 1268 eidem
902 1234 1000 1268 vineae

243 1291 371 1325 Domini
400 1296 573 1334 parentur,
591 1289 647 1333 qui
667 1287 834 1323 Societatis
859 1293 999 1329 nostrae,

243 1346 338 1379 etiam
372 1345 545 1390 professae,
567 1343 654 1377 velut
673 1343 836 1387 quoddam
861 1343 1000 1376 semina-

244 1400 329 1434 rium
350 1399 496 1440 existant,
511 1397 765 1444 possitprosessa
785 1397 938 1437 Societas,
962 1397 1000 1429 ad

243 1453 424 1488 studiorum
438 1451 713 1489 commoditatem,
733 1449 930 1483 scholarium
947 1450 1001 1483 ha-

243 1507 320 1541 bere
334 1505 689 1550 collegia,11bicun1que
705 1504 744 1536 ad
760 1514 797 1537 ea
813 1510 1001 1537 construen-

244 1562 285 1595 da
304 1566 335 1594 et
363 1560 502 1594 dotanda
527 1570 563 1592 ex
584 1558 752 1592 devotione
772 1557 872 1602 aliqui
898 1568 1001 1591 move-

244 1616 385 1655 buntur,
412 1624 495 1658 quae
521 1612 616 1646 simul
641 1618 737 1656 atque
762 1617 947 1645 constructa
971 1617 1001 1645 et

244 1669 352 1704 dotata
371 1667 491 1701 fuerint
510 1668 595 1710 (non
616 1672 723 1699 tamen
741 1677 777 1699 ex
794 1665 898 1705 bonis,
923 1676 1002 1710 quo-

243 1733 317 1757 rum
339 1721 466 1756 collatio
487 1721 526 1754 ad
547 1720 661 1755 Sedem
686 1719 902 1765 Apostolieam
929 1730 1001 1764 per-

244 1777 347 1820 tinet),
363 1788 399 1810 ex
412 1786 500 1809 nunc
521 1774 710 1808 auctoritate
726 1773 902 1818 apostolica
922 1773 1000 1817 erigi

244 1831 479 1877 supplicamus,
493 1840 550 1863 seu
568 1839 626 1872 pro
642 1827 758 1861 erectis
774 1827 899 1868 haberi;
917 1838 1000 1871 quae

244 1884 379 1928 collegia
403 1882 529 1929 possint
556 1881 676 1916 habere
696 1881 859 1921 redditus,
885 1891 1001 1914 census

245 1949 301 1973 seu
321 1937 540 1984 possessiones
567 1935 680 1969 usibus
704 1940 734 1969 et
756 1934 1001 1968 necessitatibus

245 1991 441 2028 studentium
460 1990 679 2035 applicandas.

289 2046 378 2090 §ll
405 2045 539 2078 Retenta
568 2054 666 2088 penes
698 2042 919 2087 praepositum
953 2043 1000 2076 vel

246 2100 438 2135 Societatem
465 2098 650 2132 omnimoda
676 2096 911 2140 gubernatione
945 2107 998 2129 seu

246 2153 545 2199 superintendentia
577 2162 676 2196 super
701 2151 785 2184 dicta
809 2150 944 2193 collegia
972 2156 1002 2183 et

247 2207 428 2253 praedictos
447 2206 622 2246 studentes,
642 2205 749 2249 quoad
765 2209 928 2238 rectorum
945 2213 1002 2238 seu

246 2261 500 2306 gubernatorum
521 2271 557 2294 ac
577 2259 774 2293 studentium
796 2257 999 2298 electionem,

246 2327 283 2350 ac
303 2315 492 2349 eorumdem
512 2313 754 2353 admissionem,
781 2311 1000 2351 emissionem,

246 2369 480 2414 receptionem,
491 2368 722 2407 exclusionem,
740 2371 933 2400 statutorum
949 2376 1001 2398 or-

247 2423 444 2457 dinationem
454 2427 485 2456 et
500 2421 586 2455 circa
601 2420 800 2454 studentium
818 2419 1002 2453 instructio-

247 2488 335 2518 nem,
352 2475 580 2516 eruditionem‚
603 2474 858 2508 aedificationem
875 2484 912 2505 ac
931 2483 1003 2506 cor-

248 2526 437 2564 rectionem,
454 2525 555 2557 victus
569 2552 576 2564 ,
598 2524 793 2567 vestitusque
818 2528 847 2555 et
867 2522 1002 2555 aliarum

248 2585 359 2609 rerum
375 2574 632 2608 necessariarum
648 2573 693 2606 eis
719 2572 1003 2605 ministrandarum

249 2624 395 2664 modum,
417 2628 512 2666 atquc
534 2623 628 2656 aliam
650 2621 869 2656 omnimodam
886 2621 1003 2663 guber-

329 2727 403 2758 Bau.
423 2726 499 2757 Rom.
522 2725 575 2755 Vos.
599 2725 641 2755 t'l.
848 2723 886 2753 54

1045 382 1089 410 tas
1110 376 1253 420 professa
1276 377 1309 409 in
1333 376 1484 420 proprios
1511 386 1589 408 usus
1613 382 1798 410 convertere

1044 430 1154 474 possit,
1177 430 1230 463 sed
1256 430 1452 463 studentium
1479 429 1658 462 necessitati
1684 429 1797 463 subve-

1043 485 1125 517 nire.
1139 484 1198 523 Qui
1214 483 1345 527 quidem
1358 483 1533 523 studentes,
1546 482 1665 525 ingenii
1682 488 1713 516 et
1729 493 1797 517 mo-

1044 548 1116 569 rum
1133 537 1240 570 indole
1257 537 1335 570 tales
1352 547 1419 570 esse
1440 536 1615 575 debebunt,
1633 542 1667 568 ut
1683 536 1798 570 merito

1044 596 1204 634 speretur,
1216 596 1287 634 post
1297 590 1442 623 absoluta
1453 589 1570 631 studia,
1581 589 1621 623 ad
1632 589 1797 623 Societatis

1043 643 1226 677 functiones
1242 643 1376 677 idoneos
1389 643 1469 684 fore3
1481 648 1512 677 et
1527 643 1572 676 sic
1587 644 1718 676 demum
1728 648 1799 688 post.

1044 699 1208 740 cognitum
1230 697 1262 730 in
1284 697 1400 741 spiritu
1421 703 1451 730 et
1471 696 1571 730 literis
1591 707 1704 731 eorum
1727 708 1799 741 pro-

1043 751 1175 791 fectum,
1193 756 1223 784 et
1243 757 1314 795 post
1330 751 1543 784 sufficientem
1560 750 1795 795 probationem,

1043 805 1075 838 in
1096 805 1287 839 Societatem
1300 810 1440 838 nostram
1459 804 1582 838 admitti
1594 804 1728 849 possint.

1087 859 1102 903 g
1123 859 1175 892 «12.
1199 858 1283 893 Socii
1303 864 1410 891 autem
1435 869 1548 892 omnes
1573 869 1646 892 cum
1668 859 1798 904 presby-

1043 911 1103 945 teri
1128 923 1195 946 esse
1216 912 1368 953 debeant,
1398 911 1437 945 ad
1461 911 1634 945 dicendum
1655 912 1798 946 officium

1044 966 1221 999 secundum
1235 976 1441 999 communem
1460 966 1610 999 Ecclesiae
1620 966 1730 1005 ritum,
1744 967 1798 1000 sed
1814 975 1822 988 ¹⁴
1839 978 1841 984 ·

1813 1003 1851 1019 eli.

1046 1019 1202 1063 privatim,
1215 1025 1245 1052 et
1261 1030 1325 1053 non
1342 1019 1560 1052 communiter
1570 1020 1619 1052 vel
1635 1019 1667 1052 in
1684 1020 1796 1060 choro,

1045 1078 1225 1106 teneantur.
1248 1072 1286 1106 Et
1311 1073 1343 1105 in
1370 1073 1429 1112 iis,
1456 1083 1538 1116 quae
1568 1073 1606 1105 ad
1626 1073 1746 1106 victum
1770 1079 1801 1107 et

1043 1127 1191 1160 vestitum
1209 1132 1240 1160 et
1255 1132 1361 1160 cetera
1377 1127 1534 1160 exteriora
1552 1126 1725 1171 pertinent,
1743 1128 1800 1161 ho·

1044 1185 1210 1213 nestorum
1232 1180 1436 1213 sacerdotum
1462 1190 1669 1213 communem
1690 1186 1720 1213 et
1746 1191 1800 1223 ap-

1045 1234 1218 1278 probatum
1239 1244 1334 1267 usum
1354 1239 1544 1277 sequentur,
1567 1238 1603 1266 ut
1619 1233 1705 1277 quod
1726 1234 1800 1268 inde

1044 1298 1103 1332 pro
1138 1288 1296 1332 cuiusque
1323 1287 1513 1321 necessitate
1543 1286 1592 1320 vel
1625 1287 1802 1330 spiritualis

1044 1342 1208 1386 profectus
1228 1341 1387 1375 desiderio
1408 1341 1610 1374 subtractum
1631 1341 1738 1379 fuerit,
1764 1352 1801 1374 ex

1044 1396 1213 1429 devotione
1225 1401 1255 1429 et
1264 1406 1328 1429 non
1339 1406 1376 1429 ex
1391 1394 1597 1436 obligatione,
1610 1395 1801 1428 rationabile

1044 1450 1235 1494 obsequium
1254 1449 1400 1494 corporis
1419 1449 1496 1490 Deo,
1519 1455 1616 1492 prout
1640 1449 1799 1494 expediet,

1044 1505 1211 1538 offeratur.

1087 1559 1102 1602 ἓ
1122 1558 1174 1592 13.
1200 1559 1283 1591 Haec
1304 1562 1389 1596 sunt,
1411 1569 1494 1601 quae
1512 1557 1571 1591 sub
1591 1557 1725 1602 praefati
1747 1558 1803 1591 do·
1851 1567 1907 1588 rint<
1931 1569 1973 1589 dict
1989 1573 2001 1589 ο

1834 1600 1916 1626 paul-iffi

1044 1612 1122 1646 mini
1142 1612 1243 1645 nostri
1263 1611 1353 1645 Pauli
1375 1616 1404 1644 et
1421 1611 1510 1645 Sedis
1530 1611 1732 1655 Apostolicae
1749 1611 1802 1645 be·
1815 1599 1831 1621 Β

1043 1666 1217 1711 neplacito,
1230 1666 1269 1699 de
1287 1671 1394 1699 nostra
1409 1664 1619 1710 professione,
1638 1670 1712 1709 typo
1724 1675 1802 1709 quo-

1043 1720 1115 1754 dam
1137 1719 1298 1765 explicare
1319 1720 1498 1764 potuimus,
1516 1719 1602 1764 quod
1619 1729 1707 1753 nunc
1727 1719 1804 1752 feci·

1044 1785 1133 1814 mus,
1165 1779 1198 1807 ut
1229 1774 1412 1807 summatim
1447 1773 1698 1806 informaremus
1733 1779 1803 1807 tum

1043 1828 1127 1868 illos,
1153 1828 1283 1872 quinos
1302 1827 1341 1861 de
1362 1833 1472 1861 nostro
1492 1827 1573 1861 vitae
1591 1827 1736 1860 instituto
1752 1827 1800 1860 in-

1042 1887 1218 1925 terrogant,
1240 1888 1308 1916 tum
1327 1881 1422 1915 etiam
1444 1887 1590 1926 posteros
1611 1887 1748 1921 nostros,
1776 1880 1801 1914 si

1042 1947 1135 1980 quos,
1148 1936 1211 1969 Deo
1226 1936 1364 1975 volente,
1378 1934 1556 1968 imitatores
1573 1945 1726 1979 umquam
1743 1934 1801 1968 ha-

1042 1990 1191 2025 bebimus
1211 1990 1308 2023 huius
1327 1990 1420 2023 ritae.

1087 2045 1101 2088 ξ
1127 2044 1180 2078 Μ.
1217 2046 1317 2084 Quam
1349 2054 1422 2077 cum
1456 2043 1574 2076 multas
1604 2053 1800 2087 magnasque

1043 2099 1162 2132 haltere
1177 2109 1317 2131 annexas
1337 2097 1541 2130 difficultates
1569 2096 1727 2130 fuerimus
1747 2107 1800 2130 ex-

1043 2152 1138 2197 perti,
1150 2157 1371 2196 opportunum
1389 2150 1601 2184 iudicavimus
1620 2149 1714 2183 etiam
1741 2156 1801 2183 sta·
1816 2151 1955 2210 {252}th

1043 2212 1134 2239 tuere
1151 2216 1190 2239 ne
1210 2205 1283 2250 quis
1301 2205 1340 2238 ad
1360 2204 1594 2249 professionem
1609 2203 1641 2236 in
1657 2203 1718 2237 hac
1741 2204 1799 2238 So·

1045 2259 1158 2293 cietate
1183 2258 1403 2299 emittendam,
1422 2258 1482 2291 nisi
1498 2257 1661 2291 diuturnis
1677 2263 1707 2291 et
1730 2257 1801 2291 dili·

1044 2312 1238 2358 gentissimis
1263 2312 1520 2358 probationibus,
1544 2317 1643 2356 prout
1665 2311 1698 2345 in
1726 2322 1801 2345 con·

1045 2367 1265 2401 stitutionibus
1282 2366 1511 2406 declarabitur,
1530 2365 1599 2399 eius
1615 2364 1677 2398 vita
1692 2370 1723 2398 et
1742 2365 1799 2398 do-

1046 2421 1147 2454 ctrina
1164 2421 1327 2464 explorata
1343 2420 1451 2460 fuerit,
1469 2419 1657 2463 recipiatur,
1674 2419 1749 2463 quia
1766 2429 1799 2452 re

1045 2485 1119 2508 vera
1139 2475 1201 2508 hoc
1234 2474 1415 2507 institutum
1450 2473 1582 2506 omnino
1606 2472 1747 2505 humiles
1770 2477 1801 2505 et

1047 2524 1221 2569 prudentes
1242 2523 1272 2556 in
1298 2523 1424 2557 Christo
1454 2528 1483 2555 et
1504 2521 1696 2555 christianae
1718 2520 1800 2553 vitae

1047 2573 1185 2617 puritate
1205 2583 1242 2606 ac
1263 2572 1362 2605 literis
1387 2571 1580 2614 conspicuos
1604 2569 1708 2611 exigit.

1091 2622 1105 2666 ξ
1126 2622 1179 2656 15.
1209 2622 1311 2655 Immo
1332 2626 1363 2654 et
1382 2620 1423 2661 ii,
1450 2620 1505 2664 qui
1529 2620 1560 2652 in
1581 2619 1797 2658 coadiutores,

1825 871 1851 893 Sui
1862 874 1880 893 i·
1893 874 1912 892 in
1929 873 1996 893 sari-lx

1813 906 1922 925 misni-ui
1955 904 1999 924 ott}-

1826 936 1830 940 “
1903 937 1999 961 privatim

1853 972 1865 987 ιτ
1883 974 1906 988 re
1919 969 1999 988 delient

1813 942 1830 956 <⁴1
1842 951 1843 954 ,
1856 942 1866 954 it

1830 2056 1858 2076 Avl
1876 2056 1935 2075 ruins
1952 2060 2002 2081 pro-

1816 2089 1930 2109 fruinnrm
1958 2093 2000 2107 non

1816 2120 1959 2141 admittantur,
1971 2121 2001 2138 ni-

1907 2157 1937 2169 mn
1950 2153 2002 2170 tum·

1828 2618 1967 2639 (Inadlntores
1978 2622 2000 2639 et

1815 2650 1924 2670 scholares
1951 2653 2000 2670 vota

250 2673 412 2708 nationem
426 2699 433 2713 ,
455 2672 598 2716 regimen
618 2682 655 2705 ac
676 2681 808 2711 curam,
837 2675 872 2702 ut
901 2680 1004 2714 neque
1023 2662 1029 2710 l
1046 2677 1110 2705 tam
1132 2671 1165 2705 in
1194 2670 1416 2717 spiritualibus
1441 2680 1538 2714 quam
1563 2668 1595 2702 in
1625 2667 1800 2712 corporati·
1815 2687 1852 2702 sui
1875 2682 1953 2703 aetem
1975 2687 2000 2703 0-
