2227 3001
49 244 102 272 An.
119 244 148 271 C.
166 243 232 271 ¹558

61 354 163 375 Concedit
175 353 234 375 Pon-

49 386 107 410 tilcx3

71 1489 163 1516 Derogat
178 1495 231 1511 con-

45 1521 123 1541 tr.:rtis.

79 2557 199 2580 Exordium.

890 244 1007 268 PAULL'S
1032 244 1061 266 lt*
1088 245 1132 267 ΡΙ).

291 297 305 341 ἓ
326 297 357 331 5.
379 296 442 330 Nos
456 296 565 339 igitur,
583 296 769 329 huiusmodi
786 296 995 341 supplicatio-

247 350 342 383 nibus
356 349 511 391 inclinafi,
529 349 721 382 auctoritate
737 350 923 393 apostolica,
940 361 998 394 per

246 408 430 448 praesentes
473 403 704 436 committimus
737 410 767 435 et
807 404 997 437 mandamus

245 457 333 501 quod
348 456 551 501 supradictae
567 456 689 500 copiae,
708 457 752 490 sic
767 463 802 490 ut
818 458 998 501 praesertin·

245 511 454 550 auscultatae,
473 520 489 541 a
505 509 669 554 quibusvis
690 510 852 543 iudicibus
871 510 999 543 ordina-

245 564 300 597 riis
342 568 373 596 et
401 563 661 596 extraordinariis
694 574 748 596 seu
784 563 935 606 delegatis
968 569 997 596 et

245 617 355 662 quavis
366 617 517 660 dignitate
529 623 560 650 et
575 617 763 650 auctoritate
780 617 996 659 fungentibus,

245 673 277 705 in
307 671 426 705 iudicio
458 677 489 704 ct
521 676 620 711 extra,
643 671 763 714 ubique
792 672 887 715 plena
919 671 998 704 fides

245 721 452 765 adhibeatur,
479 731 509 758 et
542 737 624 769 quae
645 725 737 758 aliter
770 724 995 768 interpretari,

245 779 395 823 cognosci
411 784 467 812 aut
487 779 652 812 terminari
678 790 742 813 non
764 778 860 823 possit
891 790 996 822 neque

244 834 366 873 valeat,
388 832 568 876 quinimmo
595 833 751 877 quicquid
778 843 834 876 per
853 832 998 875 quemvis

245 887 403 928 iudicem,
426 898 443 919 a
463 887 513 920 die
534 887 749 920 concessionis
770 886 924 930 praedicti
946 897 997 919 re-

245 941 368 985 scripti,
391 940 482 981 citra,
504 941 543 974 de
559 946 589 973 et
604 951 701 984 super
720 940 996 973 administratione

245 1005 280 1028 ac
302 995 398 1028 rebus
417 994 578 1028 dictorum
608 994 819 1038 collegiorum
847 995 895 1027 vel
921 994 999 1027 alias

246 1054 358 1082 contra
378 1050 514 1082 sormam
535 1048 690 1093 praedicti
711 1049 858 1092 rescripti
878 1049 997 1081 factum

245 1103 352 1143 suerit,
376 1102 502 1136 irritum
525 1109 555 1136 et
575 1103 696 1136 nullius
716 1102 842 1135 roboris
862 1103 909 1135 vel
931 1113 997 1136 mo-

244 1157 344 1191 menti
369 1156 407 1190 sit
427 1163 457 1190 et
486 1167 553 1190 esse
574 1157 700 1192 debeat:
723 1161 753 1189 et
769 1156 994 1197 nihilominus,

245 1211 362 1255 potiori
383 1222 441 1255 pro
463 1211 586 1244 cautela
601 1238 608 1251 ,
631 1210 751 1243 dictum
783 1210 975 1253 rescriptum
989 1237 996 1251 ‚

245 1270 405 1308 quatenus
422 1276 504 1309 opus
519 1264 569 1304 sit,
587 1263 698 1297 eadem
715 1263 904 1297 auctoritate
920 1275 998 1308 apo-

246 1319 356 1352 stolica
384 1330 442 1362 per
465 1318 594 1352 easdem
615 1322 800 1362 praesentes
825 1318 998 1351 confirma-

246 1382 330 1414 mus,
352 1372 497 1415 illudque
517 1372 556 1405 de
576 1382 658 1405 novo
679 1371 898 1404 concedimus.

289 1427 304 1470 g
330 1426 359 1460 6.
391 1426 460 1459 Non
490 1425 690 1459 obstantibus
715 1424 1000 1458 constitutionibus

245 1486 277 1513 et
304 1479 561 1513 ordinationibus
586 1479 789 1522 apostolicis,
820 1479 999 1523 ceterisque

245 1533 416 1567 contrariis
441 1534 713 1577 quibuscumque.

287 1588 403 1621 Datum
428 1588 548 1621 Romae
578 1588 663 1631 apud
689 1587 841 1621 Sanctum
868 1587 999 1620 Petrum

246 1641 306 1674 sub
330 1642 452 1675 annulo
486 1641 655 1675 Piscatoris
680 1641 732 1674 die
765 1640 915 1684 vigesima
943 1641 999 1674 de-

246 1695 396 1735 cembris,
419 1694 591 1728 millesimo
616 1695 875 1738 quingentesimo
903 1695 999 1738 quin-

245 1749 433 1792 quagesimo
474 1754 603 1787 octavo,
648 1748 854 1791 pontificatus
899 1750 998 1781 nostri

245 1812 330 1835 anno
350 1812 392 1835 tv.

307 1855 369 1886 Dat.
388 1856 436 1886 die
452 1856 490 1886 ΞΟ
505 1856 568 1885 dec.
586 1856 669 1893 1558,
688 1856 789 1894 pontis.
810 1865 886 1885 anno
903 1865 938 1886 tv.

563 1967 678 2000 XXVII.

242 2031 418 2065 Innovatio
444 2042 715 2075 quarumcumque
741 2042 950 2064 censurarum
971 2036 1000 2064 et

283 2091 464 2124 poenarum
480 2085 593 2113 contra
609 2081 784 2113 haereticos
799 2086 829 2113 et
843 2081 1000 2114 schisma-

290 2131 367 2163 ticos
391 2130 621 2173 quomodolibet
644 2131 925 2173 promulgaturum
940 2142 950 2169 ‚·
971 2135 1000 2163 el

287 2180 429 2213 aliarum
447 2190 627 2223 poenarum
653 2180 816 2222 impositio
841 2180 876 2212 in
892 2180 997 2212 cuins-

288 2239 419 2272 cumque
439 2230 559 2272 praelus-
585 2233 613 2261 et
641 2230 815 2272 diffinitatis
836 2230 999 2272 praelatos

287 2283 316 2311 et
346 2279 531 2322 principes,
564 2279 744 2312 haereticae
771 2279 815 2310 asel
839 2278 997 2311 schisma-

289 2327 370 2359 ticae
385 2327 563 2370 pravitatis
587 2338 655 2361 reos
678 2327 701 2360 ¹.

307 2389 406 2419 Paulus
425 2391 567 2426 episcopus
596 2399 693 2420 servus
712 2399 852 2420 servorum
871 2392 930 2425 Dei,

378 2445 412 2473 ad
437 2446 602 2481 perpetuam
622 2446 662 2474 rei
681 2446 849 2474 memoriam.

289 2497 368 2531 Cum
390 2508 426 2530 ex
446 2498 644 2542 apostolatus
664 2498 780 2539 officio,
806 2499 908 2537 nobis,
935 2511 1000 2533 me-

244 2547 314 2580 ritis
343 2547 418 2580 licet
449 2546 649 2591 imparibus,
680 2548 830 2582 divinitus
853 2549 996 2589 credito,

282 2610 292 2635 1
312 2610 350 2636 De
370 2609 462 2645 poenis
478 2614 566 2636 autem
584 2618 630 2646 per
646 2610 711 2638 alios
727 2611 866 2639 Pontifices
886 2613 911 2638 in
929 2612 999 2639 eius-

244 2649 316 2679 modi
342 2649 490 2678 haereticos
508 2650 584 2681 latis,
614 2651 695 2679 babes
722 2652 819 2680 Nicolai
839 2653 875 2680 111
899 2658 998 2681 consti-

1687 234 1745 267 551

1039 307 1116 329 cura
1136 296 1289 329 dominici
1309 295 1414 340 gregis
1435 294 1526 328 nobis
1547 295 1713 328 immincat
1739 307 1793 338 gc-

1041 350 1166 386 neralis,
1192 355 1219 383 ct
1242 350 1355 383 exinde
1375 355 1552 384 teneamur,
1573 360 1632 393 pro
1650 349 1735 381 fideti
1756 349 1813 381 il-.

1041 404 1101 436 lius
1119 405 1264 437 custodia
1284 410 1312 437 et
1334 404 1452 437 salubri
1484 403 1660 436 directione
1674 430 1681 441 ,
1705 413 1793 436 mors·r

1040 457 1140 499 vigilis
1162 458 1314 501 pastoris,
1337 457 1463 490 assiduo
1485 456 1614 498 vigilare
1640 461 1670 489 et
1690 461 1794 489 atten-

1041 511 1102 543 tius
1118 511 1295 554 providere,
1313 517 1347 543 ut
1367 511 1421 554 qui
1443 511 1503 543 ltac
1523 515 1637 550 aetate,
1658 510 1796 553 peccatis

1040 564 1251 606 exigentibus,
1276 565 1425 608 propriae
1446 563 1635 607 prudentiae
1652 563 1792 596 inniten-

1040 623 1098 657 tes,
1112 617 1288 651 scientius!
1303 624 1331 651 et
1350 618 1562 662 perniciosius
1574 618 1665 650 solito
1679 623 1791 651 contra

1040 672 1258 705 ortliodoxoac
1284 672 1356 705 fidei
1378 672 1580 716 disciplinam
1608 671 1791 714 insurgunt,

1040 730 1069 756 ct
1093 725 1323 769 superstitiosis
1348 737 1384 758 ac
1413 725 1532 758 fictitiis
1561 725 1794 758 adinventioni-

1040 778 1099 810 bus
1115 789 1278 812 sacrarum
1292 780 1533 824 Scripturarum
1551 779 1794 823 intelligentiam

1040 837 1276 875 pervertentes,
1299 832 1474 866 catholicae
1501 832 1661 866 Ecclesiae
1689 832 1795 866 unita-

1041 891 1102 917 tem
1116 891 1145 918 et
1162 885 1387 919 inconsutilem
1406 886 1533 919 Domini
1554 885 1695 919 tunicam
1716 886 1797 920 scin·

1040 940 1115 972 dere
1137 940 1328 980 moliuntur,
1351 940 1390 973 ab
1411 940 1482 973 ovili
1504 939 1618 974 Christi
1641 940 1797 984 repellan-

1040 999 1104 1033 tur,
1137 1005 1176 1027 ne
1207 994 1426 1038 magisterium
1447 995 1566 1029 erroris
1587 995 1794 1036 continuent,

1040 1049 1095 1090 qui
1115 1049 1265 1093 discipuli
1285 1050 1425 1083 veritatis
1445 1061 1513 1083 esse
1534 1056 1757 1084 contemnunt.

1085 1103 1099 1147 ξ
1119 1103 1150 1136 t.
1173 1104 1246 1144 Nos,
1269 1105 1508 1138 considerantes
1528 1116 1595 1138 rem
1611 1105 1797 1140 huiusmodi

1040 1158 1120 1191 adeo
1140 1168 1267 1201 gravem
1284 1163 1315 1191 et.
1335 1157 1550 1201 periculosam
1571 1169 1652 1198 esse,
1675 1164 1710 1191 ut
1730 1159 1794 1193 Ro-

1041 1222 1156 1245 manus
1172 1211 1328 1248 Pontifex,
1351 1212 1405 1255 qui
1427 1212 1483 1245 Dei
1503 1218 1530 1245 ct
1552 1213 1679 1246 Domini
1695 1214 1796 1247 nostri

1040 1267 1111 1298 Iesu
1130 1265 1244 1299 Christi
1260 1265 1342 1299 vices
1363 1265 1441 1309 gerit
1464 1266 1495 1298 in
1516 1266 1621 1303 terris,
1644 1273 1675 1300 et
1695 1278 1795 1312 super

1041 1325 1150 1363 gentes
1170 1325 1200 1353 et
1220 1331 1318 1363 regna
1338 1319 1573 1364 plenitudinem
1594 1320 1716 1353 obtinet
1736 1333 1796 1365 po—

1041 1373 1174 1411 testatis,
1195 1384 1373 1418 omnesque
1398 1374 1530 1413 iudicat,
1563 1385 1580 1406 a
1614 1374 1743 1408 nemine
1764 1375 1797 1408 in

1041 1428 1103 1460 hoc
1123 1428 1252 1460 saeculo
1274 1427 1484 1468 iudicandus,
1508 1428 1618 1471 possit,
1636 1429 1661 1461 si
1682 1429 1798 1473 depre-

1042 1481 1203 1513 hendatur
1218 1492 1234 1513 a
1251 1481 1313 1518 side
1329 1481 1450 1519 devius,
1469 1482 1633 1525 redargui3
1648 1487 1678 1515 et
1694 1483 1794 1526 quod,

1044 1533 1096 1566 ubi
1132 1534 1235 1567 maius
1266 1534 1446 1567 intenditur
1465 1535 1665 1578 periculum,
1688 1535 1732 1568 ihi
1752 1540 1799 1569 est

1042 1588 1170 1632 plenius
1203 1594 1233 1621 et
1266 1588 1452 1631 diligentius
1485 1589 1723 1622 consulendum
1758 1600 1797 1622 ne

1042 1643 1344 1687 pseudoprophetae
1378 1648 1431 1675 aut
1462 1643 1516 1676 alii
1537 1643 1631 1676 etiam
1653 1644 1797 1677 saecula-

1042 1707 1109 1728 rem
1132 1697 1389 1731 iurisdictionem
1412 1698 1568 1730 habentes
1601 1697 1797 1742 simplicium

1042 1751 1166 1783 animas
1187 1751 1415 1784 miserabiliter
1439 1751 1626 1796 illaqueent,
1647 1752 1798 1786 innume-

1042 1803 1224 1848 rabilesque
1237 1805 1386 1848 populos,
1401 1815 1515 1838 eorum
1528 1805 1561 1838 in
1578 1805 1800 1849 spiritualibus

1042 1862 1098 1890 aut
1111 1858 1345 1902 temporalibus
1365 1869 1463 1892 curae
1484 1865 1515 1892 et
1539 1859 1689 1902 regimini
1715 1870 1800 1893 com-

1043 1910 1165 1952 missos⁷
1192 1923 1302 1945 secum
1324 1913 1356 1945 in
1377 1913 1591 1957 perditionem
1613 1919 1643 1946 et
1662 1914 1796 1947 damna-

1042 1965 1138 1998 tionis
1167 1966 1332 1999 interitum
1363 1967 1507 2007 trahant,
1538 1978 1597 2000 nec
1626 1968 1800 2012 aliquando

1043 2021 1207 2064 contingat
1235 2031 1292 2054 nos
1321 2021 1595 2055 abominationem
1626 2022 1798 2056 desolatio-

1042 2069 1103 2107 nis,
1126 2081 1207 2114 quae
1228 2071 1313 2104 dicta
1334 2076 1380 2103 est
1395 2082 1412 2103 a
1431 2071 1561 2104 Daniele
1582 2072 1752 2116 propheta,
1766 2073 1798 2105 in

1043 2120 1113 2153 loco
1142 2126 1252 2153 sancto
1282 2120 1408 2159 videre;
1432 2121 1617 2164 cupientes,
1640 2127 1798 2166 quantum

1019 2189 1021 2195 ν
1043 2181 1115 2203 cum
1146 2170 1210 2203 Deo
1237 2180 1428 2214 possumus,
1453 2181 1510 2214 pro
1532 2176 1641 2204 nostro
1663 2182 1797 2206 munere

1042 2219 1207 2264 pastorali,
1231 2220 1353 2264 vulpes.
1371 2220 1496 2253 vineam
1508 2220 1634 2254 Domini
1647 2221 1795 2255 demoliri

1043 2274 1230 2312 satagentes,
1254 2280 1380 2313 rapere,
1395 2275 1423 2302 et
1440 2270 1536 2314 lupos
1547 2271 1586 2303 ab
1599 2271 1734 2304 ovilibus
1749 2282 1798 2304 ar-

1043 2329 1135 2359 cere,
1159 2329 1198 2351 ne
1220 2329 1314 2351 canes
1336 2319 1415 2352 inuti
1436 2319 1602 2353 videamur
1628 2331 1796 2365 nequeun—

1043 2389 1171 2412 tntionem
1189 2393 1227 2418 tv,
1245 2387 1367 2417 Nuces-11,
1387 2390 1451 2413 toin.
1466 2395 1502 2419 iv,
1517 2395 1575 2422 pag.
1589 2389 1633 2416 ta7:
1653 2388 1796 2416 innocentii

1043 2430 1076 2456 lv
1094 2430 1296 2457 constitunoncs
1310 2439 1375 2457 xxvi
1388 2437 1413 2457 ct
1426 2440 1518 2464 xxm,
1534 2436 1597 2459 tom.
1615 2440 1654 2465 111,
1669 2442 1726 2468 pag.
1746 2434 1791 2460 551

1041 2480 1066 2502 et
1086 2483 1171 2511 seqq.‚
1186 2479 1212 2502 et
1228 2480 1313 2503 const.
1332 2485 1408 2505 xxix.
1428 2477 1521 2504 eodem
1548 2483 1629 2511 tomo,
1648 2487 1706 2514 pag.
1725 2480 1770 2506 561
1786 2487 1794 2510 ‚·

1042 2520 1183 2547 Alexandri
1206 2521 1239 2549 lV
1256 2522 1363 2548 constit.
1386 2530 1486 2550 xxxvi,
1506 2522 1581 2555 ibid„
1606 2531 1662 2558 pag.
1687 2523 1748 2554 6116,
1770 2527 1795 2550 et

1041 2570 1127 2592 const.
1149 2573 1212 2593 vat
1223 2572 1249 2593 et
1260 2575 1354 2602 seqq,
1374 2572 1397 2593 et
1416 2568 1496 2595 habes
1512 2569 1590 2594 etiam
1607 2568 1669 2595 alias
1685 2568 1795 2595 aliorum

1041 2609 1200 2637 Pontificum
1222 2612 1434 2639 constitutiones,
1477 2614 1485 2641 t
1508 2615 1649 2645 licentius,
1676 2613 1792 2643 Cherub.

1041 2659 1064 2682 et
1087 2655 1183 2683 Matth.
1201 2656 1239 2691 (n.
1259 2657 1305 2694 1.).

1812 243 1862 268 An.
1879 241 1908 269 C.
1929 240 1995 268 1559

1857 1114 1924 1136 canza
1939 1114 2000 1136 huin·

1814 1147 1979 1168 constitutionis.
