2227 3001
62 267 113 296 Αη.
131 269 161 296 C.
180 271 249 299 ¹525

71 1498 141 1525 Opera
156 1497 241 1524 pietatis

58 1534 95 1549 suc
111 1530 180 1548 nsstve
196 1528 241 1554 ipsc

59 1560 155 1579 exercuit
169 1558 190 1578 in
206 1564 242 1578 ai·-

59 1589 228 1616 ehiepiscopatu;

895 275 1036 300 CLEMENS
1060 275 1102 299 VII
1128 275 1174 297 ΙΨ.

262 329 382 369 volens,
395 333 462 362 tum
479 330 586 373 ipsum
602 331 781 374 Eugenium
798 331 930 373 Papam,
949 335 1016 361 tum

262 381 356 415 etiam
373 382 524 416 Cosmum
542 384 688 424 Medices,
701 383 756 427 qui
777 389 852 416 tune
865 382 1017 426 temporis

260 434 293 467 in
314 434 382 478 ipsa
403 435 526 469 civitate
547 437 688 480 ingenio,
717 437 832 479 opibus
852 441 883 469 et
903 441 1016 469 aucto-

260 487 352 521 ritate
373 489 487 522 ceteris
507 490 699 533 praestabat,
718 501 754 522 ac
775 489 858 522 inter
873 488 1016 532 egregias

259 540 357 574 animi
378 542 468 575 dotes
487 547 582 585 atque
602 543 735 575 vii-tutes
763 542 952 585 religionem
983 542 1015 574 in

259 594 372 638 primis
393 595 528 635 colebat,
552 596 760 640 inspiraverat
778 601 811 628 ut
833 595 1011 635 bominem,

258 647 376 691 partim
404 659 537 692 precum
558 648 730 689 blanditiis,
754 649 871 692 partim
897 660 1012 681 censu-

258 711 368 733 rarum
379 701 506 739 timore,
521 702 749 745 compellerent
761 702 799 734 ad
810 701 1012 734 consentien-

258 753 335 786 dum
345 753 518 798 provisioni
533 754 612 787 dese
626 755 737 787 tactae.
752 755 824 794 Qui,
839 765 912 787 enm
924 754 1011 787 illam

257 806 311 839 Dei
338 808 533 840 voluntatem
568 818 635 840 esse
663 814 867 850 agnosceret,
899 819 938 841 ne
967 806 1012 840 illi

257 861 481 893 contumacius
496 861 576 894 velle
593 861 741 894 resistere
750 862 925 899 videretur,
940 861 1012 894 obe-

256 912 394 946 dientiae
415 913 490 957 iugo
511 915 630 947 collum
653 915 856 953 submiserat,
874 925 909 947 ac
926 915 1011 947 Pon-

257 965 351 999 tificis
371 967 529 1000 mandatis
545 967 689 1001 etCosmi
710 968 862 1011 precibus
877 968 936 1010 (uti
954 979 1012 1011 par

257 1019 337 1061 erat)
357 1025 507 1064 paruerat
533 1026 564 1053 et.
583 1021 871 1064 obtemperaverat;
893 1032 929 1053 ac
946 1032 1010 1053 non

257 1073 361 1105 solum
388 1072 447 1116 ipsi
467 1074 634 1113 ecclesiae,
657 1074 711 1107 sed
732 1073 826 1107 etiam
844 1073 1010 1107 universae

256 1124 582 1159 civitatiFlorentinae
593 1127 741 1170 illiusque
754 1128 875 1170 populo
886 1132 913 1159 et
922 1128 1010 1170 gregi

256 1177 315 1212 sibi
336 1179 508 1212 commisso
534 1179 575 1212 ita
600 1179 721 1213 utiliter
746 1180 947 1224 praefuerat.
976 1186 1011 1213 ut

256 1232 329 1265 inde
351 1233 684 1276 omnestnivtttgerent
708 1233 811 1276 ipsum
828 1234 934 1266 divino
951 1245 1009 1277 po-

255 1284 331 1325 tius,
345 1296 441 1329 quam
456 1286 598 1319 humano
611 1286 747 1318 consilio
764 1286 823 1329 ipsi
840 1286 1007 1323 ecclesiae,

255 1348 313 1381 pro
324 1337 409 1371 illius
418 1339 528 1382 populi
547 1339 660 1378 salute,
679 1339 710 1371 in
727 1339 1008 1382 arehiepiscopum

255 1391 456 1434 praetectum
479 1391 586 1425 fuisse.

299 1444 313 1487 ξ
333 1443 386 1477 26.
409 1444 487 1476 Nam
509 1456 619 1477 secum
642 1445 708 1488 ipse
730 1450 884 1489 reputans
900 1445 937 1477 ad
952 1447 1009 1478 1111-

255 1496 392 1530 iusmodi
414 1497 584 1539 dignitates
618 1503 746 1531 vocatos
766 1509 830 1530 non
856 1498 944 1530 luxui
973 1510 1010 1531 ae

255 1549 378 1583 deliciis
403 1550 527 1583 deditos
552 1561 619 1583 esse.
641 1556 808 1594 oportere,
832 1550 886 1582 sed
907 1551 1011 1583 omni-

255 1603 327 1643 bus,
342 1608 370 1636 et
385 1604 574 1646 pracsertim
592 1603 738 1643 subditis,
762 1603 953 1645 frugalitatis
973 1615 1009 1636 ae

254 1656 380 1689 virtutis
396 1656 561 1699 exemplar
581 1667 648 1688 esse
670 1656 800 1695 debere,
824 1656 905 1689 nihil
922 1668 1011 1700 pror-

256 1720 310 1742 sus
333 1709 370 1742 de
400 1709 454 1742 illo
475 1708 563 1741 tenui
592 1720 628 1741 ac
656 1708 793 1753 simplici
813 1709 919 1749 victu,
946 1721 1010 1754 quo

256 1773 314 1806 per
324 1762 512 1807 quadragint
520 1767 680 1805 aquatnor
690 1772 792 1795 annos
801 1762 832 1794 in
846 1763 1010 1805 Religione

257 1826 334 1848 usus
353 1816 469 1855 suerat,
492 1814 908 1858 immutaveratss.ipsamque
930 1828 1010 1859 pau-

256 1872 425 1911 pertatem,
444 1878 554 1910 quam,
572 1867 669 1900 veluti
690 1879 838 1911 sponsam
861 1869 1010 1902 charissi-

255 1930 340 1953 mam
351 1931 480 1964 semper
489 1921 654 1961 dilexerat,
668 1921 924 1954 constantissime
936 1922 1010 1955 reti-

255 1978 383 2013 nuerat,
395 1973 489 2006 etiam
501 1985 628 2018 semper
637 1974 758 2017 aliquid
770 1975 807 2007 de
824 1975 1011 2008 necessariis

256 2026 368 2060 usibus
385 2026 450 2060 suis
465 2027 649 2066 detrahens,
667 2033 701 2060 ut
715 2027 834 2070 largior
843 2039 917 2071 erga
935 2040 1012 2072 pau-

256 2090 350 2123 peres
366 2091 402 2113 ac
422 2080 587 2113 liberalior
604 2092 671 2113 esse
688 2086 806 2124 posset.
826 2081 903 2114 Octo
925 2082 1013 2114 sami-

257 2133 408 2173 liarihus,
430 2133 515 2167 inter
533 2145 615 2177 quos
641 2145 725 2167 unus
742 2140 806 2167 erat
830 2135 1010 2179 religiosus,

258 2191 371 2227 utens,
394 2186 450 2229 qui
471 2198 528 2230 pro
549 2187 847 2231 archiepiscopatus
870 2190 1013 2231 negociis

258 2239 306 2272 vix
327 2240 475 2273 sufficere
496 2245 657 2285 poterant,
681 2241 846 2273 charitatis
866 2247 893 2274 et
916 2243 1012 2276 mise-

258 2293 416 2326 ricordiae
437 2293 591 2337 operibus
611 2305 739 2338 semper
760 2295 910 2327 intentus.
934 2296 1012 2328 Nam

258 2352 294 2380 ut
314 2347 484 2390 hospitale,
507 2347 593 2390 quod
614 2358 795 2391 pauperum
817 2349 1013 2381 verecundo-

260 2410 333 2433 rum
354 2399 482 2440 dicitur,
496 2399 526 2431 in
538 2399 621 2432 dicta
632 2399 768 2437 civitate,
781 2400 812 2432 in
824 2411 927 2444 eoque
938 2412 1011 2434 con-

248 2451 442 2485 ·sraternitas
463 2463 521 2496 pro
547 2452 633 2485 illius
652 2452 808 2495 regimine.
828 2452 1012 2487 instituere-

261 2507 325 2542 tur,
338 2502 480 2546 praefato
494 2500 608 2534 Cosmo
619 2501 684 2534 viro
701 2501 900 2545 pientissimo
915 2502 1014 2546 pluri-

261 2560 351 2583 mum
369 2549 548 2589 adim-ante,
560 2550 797 2590 auctorsuerm3
815 2551 1012 2584 solentenim

263 2598 363 2643 ipsius
382 2598 651 2632 confraternitatis
675 2600 851 2632 confratres
875 2605 1013 2642 egestate

264 2646 424 2692 oppressis
452 2658 507 2680 seu
537 2647 718 2681 mendicare
748 2648 1014 2682 erubescentibus

343 2700 417 2731 Butt.
433 2699 508 2731 Rom.
539 2700 589 2730 Vol.
613 2700 654 2730 Vl.
877 2702 895 2734 5

1723 262 1765 294 aa

1059 327 1174 360 uberes
1198 326 1408 369 copiosas-que
1428 323 1646 365 eleemosmas
1669 323 1808 364 elargiri.

1059 380 1095 412 Et
1116 384 1147 412 ut
1172 379 1236 422 ipse
1262 378 1373 410 beatus
1393 375 1573 408 Antoninus
1593 375 1700 407 omnia
1717 376 1812 409 miso-

1058 431 1217 464 ricordiae
1246 441 1344 474 opera
1369 433 1565 472 praestaret,
1599 427 1744 460 infirmos
1775 439 1812 461 ac

1057 484 1152 517 etiam
1178 488 1266 527 peste
1289 483 1472 515 laborantes
1496 481 1661 519 visitabat,
1683 480 1811 524 illisque

1056 548 1119 570 non
1142 538 1245 569 solum
1271 536 1310 568 de
1326 534 1558 579 spiritualibus,
1581 534 1635 567 sed
1657 533 1751 566 etiam
1773 534 1811 567 do

1056 589 1290 633 temporalibus
1300 588 1379 621 cibis
1395 592 1426 621 et
1441 587 1609 620 medicinis
1619 587 1810 630 opportunis

1055 641 1254 686 providebam
1278 641 1404 683 illisque
1420 640 1582 673 interdum
1604 639 1661 672 sibi
1682 644 1811 682 paratos

1054 696 1160 732 cibos,
1191 705 1263 726 cum
1294 694 1386 726 aliter
1413 693 1571 737 prandere
1591 702 1656 725 non
1682 697 1807 735 posset,

1055 747 1195 780 inaudita
1207 745 1362 779 charitate
1372 746 1581 789 largiebatur;
1599 745 1703 778 nudos
1713 745 1808 778 ctiam

1054 800 1182 844 propria
1198 800 1393 843 quandoque
1405 799 1524 839 tunica,
1543 809 1617 831 cum
1628 799 1689 831 iam
1701 797 1807 831 onmia

1053 858 1211 896 erogasset
1220 880 1226 889 ,
1236 852 1386 885 vestiebat
1396 880 1400 884 .
1412 852 1556 895 Cumque
1568 863 1679 884 omnes
1690 862 1808 885 menszev

1053 918 1128 940 suae
1165 904 1448 948 archiepiscopalis
1482 905 1605 937 fruetus
1624 932 1630 944 ,
1666 904 1808 937 redditus

1052 965 1147 1002 atque
1168 964 1342 1002 proventus
1363 958 1393 989 in
1414 968 1595 1002 patipt‘·ruiii
1607 956 1805 996 alimoniam,

1051 1012 1210 1056 virginum
1232 1012 1322 1044 dotes
1344 1016 1439 1053 atque
1456 1011 1665 1054 hospitalium
1683 1016 1808 1043 susten-

1052 1066 1205 1098 tationem
1230 1064 1374 1107 aliosque
1398 1064 1468 1107 pios
1490 1073 1566 1095 usus
1587 1069 1808 1105 erog-assensio

1052 1129 1111 1163 pro
1138 1124 1323 1162 temljtorum
1345 1115 1501 1159 angustiis
1524 1122 1603 1149 esset
1627 1128 1808 1160 pauperum

1052 1172 1197 1215 ‹i·opia‚et
1220 1171 1300 1203 1111111
1317 1171 1403 1203 aliud
1416 1176 1596 1213 superesset
1619 1172 1704 1204 unde
1728 1183 1807 1216 pau-

1052 1224 1269 1269 peribusipsis
1285 1229 1311 1256 et
1336 1224 1552 1266 indigentibus
1562 1224 1722 1257 subwniri
1738 1236 1809 1270 pos-

1052 1285 1109 1319 set,
1127 1290 1142 1311 a
1161 1279 1304 1322 praefato
1325 1277 1469 1320 Eugenio
1491 1283 1518 1309 et
1537 1279 1728 1312 recolendae
1745 1291 1810 1312 me-

1053 1331 1172 1364 moriae
1197 1331 1327 1364 Nicolau
1349 1331 1462 1374 quinto
1489 1343 1526 1365 ac
1559 1332 1687 1365 Callisto
1715 1333 1807 1366 tertio

1051 1391 1078 1419 et
1091 1385 1144 1417 Pio
1156 1385 1297 1418 serundo
1308 1412 1315 1424 ⁷
1327 1384 1479 1417 Romanis
1498 1385 1708 1419 Pontificibus
1724 1387 1808 1419 simi-

1052 1439 1124 1471 liter
1147 1437 1447 1482 praed<*ressoribus
1472 1439 1600 1479 nostris,
1624 1440 1741 1483 quibus
1767 1440 1807 1473 ob

1050 1491 1130 1523 vitae
1155 1490 1355 1524 sanctitatem
1378 1502 1472 1525 carus
1497 1497 1583 1530 erat,
1612 1504 1675 1526 non
1697 1503 1808 1537 parvas

1052 1544 1264 1587 [ιι;»1;·11111τ11·11111
1296 1555 1438 1577 summas
1463 1544 1493 1577 in
1527 1546 1713 1579 huiusmodi
1739 1546 1808 1590 pios

1053 1609 1129 1629 usus
1150 1597 1576 1641 convertemlasrecipiebat,
1599 1609 1717 1642 easque
1728 1611 1807 1643 pau-

1054 1651 1184 1693 peribus
1204 1651 1281 1695 ipsis
1291 1650 1513 1683 distrilniebat.
1526 1652 1670 1694 Denique
1682 1654 1808 1686 nullutn

1052 1705 1193 1737 caritatis
1213 1710 1241 1737 et
1268 1704 1508 1738 misericordiae
1529 1716 1630 1747 genus
1650 1716 1724 1748 erga
1741 1717 1809 1739 car-

1053 1764 1188 1799 ceratos,
1206 1757 1316 1791 viduas
1332 1764 1359 1790 et
1383 1758 1523 1802 pupillos
1544 1758 1722 1800 omittebat,
1740 1771 1807 1793 me-

1053 1823 1123 1844 ntor
1143 1812 1265 1844 seilicet
1286 1812 1372 1844 verbi
1393 1812 1481 1844 Pauli
1503 1812 1639 1855 apostoli
1659 1813 1806 1846 dicentis:

1053 1866 1095 1898 ΕΙ
1111 1866 1139 1897 si
1154 1866 1291 1897 habuero
1308 1876 1431 1898 ontnem
1445 1867 1553 1908 sidem,
1573 1866 1619 1898 ita
1639 1870 1671 1898 111
1687 1871 1808 1899 moines

1055 1920 1264 1961 tram-seram,
1279 1919 1446 1951 caritatem
1461 1923 1565 1952 autem
1579 1930 1642 1951 11011
1656 1919 1805 1959 habuero,

1054 1973 1141 2004 nihil
1160 1984 1240 2004 sime.
1261 1972 1294 2004 ln
1315 1972 1568 2005 administranda
1584 1972 1715 2011 iustitia,
1738 1974 1809 2005 nnl-

1054 2027 1259 2059 lusiudicum
1281 2031 1474 2070 eotcmporc
1496 2027 1540 2059 illi
1562 2027 1809 2072 compararipo-

1056 2085 1146 2118 terat,
1183 2080 1225 2112 ita
1251 2085 1281 2112 ut
1318 2080 1480 2123 praefatus
1504 2080 1653 2113 Nicotaus<
1674 2082 1807 2124 praede-

1054 2144 1162 2167 eessor
1182 2133 1427 2177 appellationes,
1449 2144 1553 2177 quasa
1566 2134 1631 2166 suis
1644 2134 1809 2167 sententiis

1054 2187 1092 2218 ad
1109 2187 1222 2219 Sedent
1239 2186 1456 2229 Apostolieam
1468 2186 1584 2219 deferri
1595 2187 1806 2230 contingeret,

1054 2240 1135 2273 nulli
1156 2240 1246 2273 alteri
1268 2239 1444 2279 committi,
1468 2240 1521 2273 sed
1542 2241 1581 2272 ad
1602 2251 1675 2273 eum
1703 2240 1808 2285 ipsum

1055 2293 1280 2326 examinamlas
1297 2293 1415 2326 remitti
1440 2293 1623 2333 mandabat,
1647 2298 1734 2327 ratus
1749 2294 1807 2327 lto-

1054 2346 1173 2379 minem
1200 2348 1239 2379 ab
1265 2347 1352 2379 omni
1378 2347 1470 2388 odio,
1501 2347 1657 2387 amicitia,
1691 2358 1805 2390 prece,

1055 2401 1163 2444 precio
1178 2400 1312 2443 aliisque
1329 2400 1490 2441 omnibus,
1505 2400 1806 2444 quaeiudicantium

1054 2454 1177 2487 animos
1198 2454 1229 2486 in
1253 2453 1417 2487 sententiis
1442 2453 1597 2487 dictandis
1618 2453 1807 2496 perturbare

1054 2515 1088 2536 ac
1102 2508 1282 2547 pervertere
1294 2504 1408 2543 solent,
1428 2503 1555 2547 [amitus
1566 2502 1705 2534 alienum
1723 2512 1801 2534 esse.

1054 2553 1172 2586 Causas
1192 2562 1304 2585 omnes
1324 2552 1362 2584 ad
1390 2563 1463 2585 eum
1493 2551 1612 2583 delatas
1633 2549 1805 2582 eoncordia

1055 2611 1252 2645 componere
1280 2606 1331 2634 aut
1372 2599 1467 2633 celeri
1490 2598 1645 2631 sententia
1670 2597 1805 2630 definire

1055 2650 1213 2683 studebat.
1236 2649 1334 2683 Cuius
1356 2648 1472 2682 indicio
1494 2648 1559 2681 fere
1579 2656 1691 2679 omnes
1710 2656 1805 2691 prop-

1825 269 1876 296 An.
1891 268 1921 296 C.
1940 268 2006 294 1525
