2227 3001
75 281 126 308 An.
141 281 170 307 (2.
190 280 254 306 15511

86 336 102 357 Α
118 336 253 361 decimarum,

73 368 200 393 {abellinum
216 371 253 387 etc.

73 399 177 420 solutione
202 399 256 420 tibe—

73 431 133 455 [Uni

80 2484 200 2511 Religiosos
215 2483 253 2504 01--

68 2517 122 2537 uinis
143 2517 167 2536 ad
182 2516 251 2536 mino-

67 2554 103 2570 res
109 2548 196 2569 ordines
205 2552 253 2573 pro-

68 2581 148 2600 moveri
162 2578 252 2599 faciendi

69 2615 108 2636 per
139 2609 253 2637 quemlibet

69 2641 184 2663 antistitem
191 2644 213 2661 ei
219 2645 255 2661 ex-

905 274 1021 296 exures

269 330 417 370 decimis,
440 328 582 362 collectis
595 355 602 368 ‚
620 326 849 366 exactionibus,
873 326 1015 368 gabellis,

270 382 374 424 talliis,
393 381 513 422 dativis,
527 379 760 419 datiis,tractis,
780 379 927 412 subsidiis
939 379 1017 411 cari-

268 436 382 477 tativis,
392 434 650 480 impositionibus
661 433 867 467 ordinariiset
881 439 1018 465 extraor-

266 491 409 531 dinariis,
429 488 582 532 collegiis,
600 487 815 531 parochianis,
834 486 1017 519 universita-

266 545 363 584 tibus,
382 541 595 581 monasteriis,
620 540 746 573 fabricis
762 546 792 573 et
807 539 877 573 aliis
887 539 1018 582 quibus-

265 597 310 630 vis
330 596 488 641 personis,
506 605 712 638 quacumque
733 593 920 626 auctoritate
941 598 1016 625 etex

265 650 375 693 quavis
392 659 487 682 causa
507 653 534 681 et
557 646 823 685 consideratione,
842 645 937 678 etiam
958 655 1016 688 pro

265 701 466 745 expeditione
487 705 598 733 contra
616 699 762 732 infideles
790 704 845 731 aut
877 697 1015 730 fabricae

264 755 414 788 basilicae
433 753 592 797 Principis
618 753 837 797 apostolorum
859 752 897 786 de
918 751 1012 791 Urbe,

264 814 319 841 aut
330 808 399 841 aliis
419 807 662 840 immineniibus
674 805 917 839 necessitatibus
927 805 1016 838 Sedis

263 860 457 905 praedictae,
480 860 668 894 auctoritate
693 860 835 893 eiusdem
859 858 948 891 Sedis
969 859 1014 891 rel

262 916 372 959 quavis
391 916 452 948 alia
480 914 636 959 impositis
656 920 686 947 et
705 913 908 957 imponendis
921 939 928 953 ,
955 911 1015 945 sub

262 980 469 1013 quacumque
489 969 660 1002 verborum
680 967 711 1000 vi
731 972 761 1000 et
780 967 895 1005 forma,
920 966 1013 999 etiam

263 1023 322 1055 5111)
356 1021 698 1056 excommunicationis
730 1021 811 1053 latae
840 1019 1015 1052 sententiae

262 1087 378 1119 poena,
405 1076 543 1119 exempti
573 1081 603 1108 et
622 1079 767 1117 exempta
792 1079 1012 1113 censerentur,

262 1129 321 1162 nisi
338 1129 377 1162 de
397 1129 520 1162 indulto
537 1133 565 1161 et
582 1128 731 1161 societate
751 1127 937 1159 huiusmodi
948 1138 1016 1171 spe-

262 1181 350 1215 cialis
375 1188 404 1215 et
421 1193 568 1226 expressa
588 1181 707 1214 mentio
729 1180 759 1212 111
776 1180 875 1213 literis
890 1186 1016 1224 aposto-

261 1235 330 1268 licis
350 1235 453 1275 fieret,
476 1241 506 1268 et,
526 1241 603 1268 tunc
627 1245 691 1266 non
708 1245 814 1267 veram
841 1234 1012 1273 decimam,

261 1288 315 1321 sed
329 1288 466 1322 mediam
482 1288 552 1321 auri
565 1288 692 1320 unciam
712 1287 863 1320 Camerae
884 1288 1015 1331 Aposto-

260 1341 339 1374 licae
360 1342 520 1382 solvendo,
545 1352 603 1385 pro
624 1340 774 1373 omnibus
796 1351 909 1373 eorum
938 1340 1015 1373 loeis

260 1406 297 1428 ac
313 1395 515 1435 eremitoriis,
529 1394 623 1428 bonis
638 1400 669 1427 et
689 1394 844 1438 personis,
855 1393 1015 1427 liberatio-

259 1459 333 1481 nem
359 1453 655 1492 consequerwntur,
683 1458 815 1490 prorsus
850 1448 963 1479 exemit
986 1454 1015 1480 61,

260 1501 399 1536 totaliter
417 1501 578 1541 liberavitss.
602 1511 703 1544 eaque
723 1501 829 1533 omnia
852 1505 882 1533 et
901 1511 1012 1533 eorum

260 1555 426 1599 quodlibet
438 1555 470 1588 in
486 1555 536 1588 ius
548 1560 577 1588 et
588 1555 817 1599 proprietatem
835 1554 917 1586 beat.
931 1554 1015 1586 Petri

261 1615 288 1641 et
299 1609 389 1641 Pauli
401 1614 432 1642 et
452 1608 541 1641 Sedis
558 1608 752 1652 praedictae,
779 1618 814 1640 ac
831 1607 890 1640 5111)
901 1617 1012 1639 eorum

260 1667 288 1694 et
305 1661 408 1694 dictae
428 1661 517 1694 Sedis
538 1659 737 1704 protectione
758 1659 909 1704 suscepit.
933 1660 967 1692 Et
990 1659 1013 1690 si

262 1715 354 1757 legati
380 1719 410 1747 et
430 1713 650 1756 subdelegati,
675 1712 828 1745 (ιι-1111111111
854 1718 908 1745 aut,
932 1713 1014 1745 aliae

260 1779 415 1811 personae
435 1768 619 1812 praedictae
642 1772 752 1799 contra
777 1766 1013 1810 exemptionem

261 1827 288 1854 et
300 1822 522 1854 liberationem
532 1820 717 1854 huiusmodi
731 1820 903 1864 quicquam
917 1826 1016 1853 atten-

260 1881 327 1908 tare
347 1886 478 1919 quoquo
499 1875 594 1907 modo
616 1879 870 1918 praesumermt,
890 1885 926 1906 ac
946 1874 1016 1907 lite-

261 1939 369 1962 rarum
390 1929 530 1972 desuper
550 1927 826 1961 conficiendarum
845 1928 951 1970 vigore
968 1939 1016 1961 re.-

261 1982 368 2025 quisiti
387 1993 444 2025 per
459 1981 608 2026 ipsiusde
618 1992 698 2014 noro
716 1986 840 2014 erectae
857 1981 1015 2014 societatis

261 2036 420 2079 pizelatos,
431 2035 586 2069 Eremitas
596 2035 639 2068 vel
650 2040 877 2078 procuratores
887 2045 1012 2075 eorum,

262 2088 344 2121 infra
372 2094 436 2122 tres
463 2088 530 2121 dies
557 2099 574 2120 a
598 2088 648 2120 die
670 2087 886 2130 requisitionis
905 2088 1017 2121 huius-

263 2141 347 2174 modi
357 2141 591 2184 computandos
603 2137 667 2174 n'on
679 2140 877 2181 desisterent,
890 2152 1016 2174 excom-

262 2193 490 2228 municationis
514 2194 689 2227 sententiae
710 2194 779 2238 ipso
802 2195 884 2227 sacto
902 2205 1014 2228 nosce-

263 2253 334 2281 rent
353 2258 385 2280 se
405 2247 577 2287 subiectos:
595 2253 622 2279 et
640 2248 663 2279 si
685 2248 764 2280 sorte
785 2247 876 2280 aliter
897 2250 1014 2281 stictum

262 2302 355 2340 soret,
371 2312 411 2334 eo
440 2301 508 2344 ipso
529 2308 607 2333 esset
630 2301 754 2333 irritum
778 2308 804 2333 et
829 2302 922 2334 inane
946 2303 1016 2335 nul-

263 2354 388 2398 liusque
408 2354 534 2387 roboris
558 2355 605 2387 vcl
627 2354 791 2387 momenti.

308 2408 322 2450 ἓ
344 2407 395 2441 13.
418 2408 584 2440 Praeterea
600 2407 687 2451 ipsis,
712 2408 878 2451 religiosos
902 2419 1014 2441 eorum

264 2461 390 2495 Ordinis
409 2462 446 2493 ad
475 2461 611 2505 primam
634 2467 798 2494 tonsuram
828 2470 855 2495 et
877 2473 1017 2506 qrb-uuor

265 2511 406 2544 minores
431 2509 559 2542 ordines
587 2511 814 2553 promovendi:
844 2512 880 2543 ad
910 2521 1017 2544 sacros

262 2569 353 2599 vero,
370 2559 464 2592 etiam
476 2559 499 2590 si
511 2564 637 2602 tempus
647 2570 664 2591 a
674 2560 851 2592 canonibus
862 2565 1015 2593 statutum

266 2619 331 2642 non
347 2608 551 2650 attingerent,
564 2619 621 2651 per
635 2608 808 2651 quemlibet
822 2609 1017 2642 catholicum

1702 268 1765 302 177

1061 335 1199 368 cumque
1221 325 1265 357 eis
1285 326 1492 358 commodum
1515 326 1611 364 soret,
1634 329 1753 372 absque
1774 332 1809 364 li-

1061 379 1161 410 eentia
1189 378 1389 418 dioecesani,
1413 378 1505 411 etiam
1537 386 1623 413 extra
1644 387 1806 426 tempora,

1059 431 1171 465 diebus
1196 437 1301 465 tamen
1334 433 1502 465 dominicis
1526 434 1573 466 vel
1598 434 1733 476 festivis,
1756 449 1810 470 eos

1060 486 1240 527 proi‘uoveri
1261 486 1410 525 faciendi,
1433 486 1550 520 acillos
1566 488 1720 523 eislibere
1732 501 1809 524 con-

1059 537 1194 578 ferendi3
1212 539 1428 583 eunnlemque
1445 541 1643 585 episcopum,
1661 554 1719 586 pro
1736 555 1810 577 con-

1059 591 1290 625 secrationibus
1323 593 1473 626 altarium
1503 605 1559 628 seu
1585 597 1807 638 ecclesiarum,

1058 655 1094 676 ac
1104 655 1162 688 pro
1172 645 1248 678 Oleo
1261 646 1376 680 Sancto
1391 652 1421 680 et
1435 648 1579 691 quolibet
1594 649 1808 685 ecclesiastico

1058 704 1270 739 sacramento,
1285 700 1436 740 adeundi,
1448 706 1489 741 et,
1504 702 1542 734 de
1558 702 1685 737 licentia
1696 715 1808 739 eorum

1058 751 1189 795 capituli
1210 753 1369 794 generalis
1385 765 1440 787 seu
1452 755 1666 798 provincialis,
1689 758 1810 792 Ierusa-

1058 807 1120 838 lem
1147 812 1177 839 et
1196 806 1257 839 alia
1286 808 1354 839 loca
1375 813 1484 840 sancta
1508 808 1653 842 visitandi
1674 816 1704 844 et
1732 812 1808 845 inibi

1057 859 1238 897 habitandi,
1257 871 1294 892 ac
1315 861 1383 894 loca
1405 867 1432 893 et
1455 862 1691 905 eleemosynas,
1714 865 1808 898 etiam

1057 912 1096 944 ab
1116 913 1316 953 infidelibus,
1340 913 1516 957 recipiendi
1535 915 1695 949 licentiam
1714 924 1744 951 et
1762 920 1807 952 sa-

1057 967 1207 999 cultatem
1229 966 1396 999 concessit.

1100 1020 1114 1062 §
1130 1019 1182 1052 114.
1196 1019 1386 1064 Etinsuper,
1404 1032 1461 1065 pro
1473 1024 1713 1058 conservatione
1723 1027 1808 1069 puri-

1057 1073 1127 1106 tatis
1152 1084 1265 1106 eorum
1295 1074 1493 1115 solitudinis,
1520 1086 1559 1108 ne
1590 1077 1741 1111 mulieres
1769 1081 1807 1112 ad

1057 1138 1170 1160 eorum
1191 1127 1386 1168 eremitoria,
1399 1128 1493 1161 etiam
1505 1129 1611 1162 Sancti
1624 1131 1807 1167 Hieroni'mi

1057 1181 1094 1213 de
1115 1180 1297 1224 Paseilupo,
1323 1181 1511 1224 Eugubinae
1531 1182 1702 1225 dioecesis,
1732 1171 1809 1219 tunc

1058 1235 1236 1278 praesentia
1247 1240 1274 1267 et
1287 1235 1405 1274 sutura,
1424 1234 1507 1268 intra
1523 1235 1670 1270 videlicet
1688 1250 1810 1281 pereos

1057 1290 1215 1332 pi‘aii¹tixos
1234 1299 1289 1321 seu
1306 1289 1530 1332 praefigendos
1540 1291 1707 1332 terminos,
1721 1304 1811 1335 prae-

1056 1348 1104 1375 ter
1120 1342 1324 1374 illostantum
1345 1341 1424 1381 dies,
1447 1353 1528 1385 quos
1545 1342 1603 1387 ipsi
1620 1349 1807 1386 statuerent,

1046 274 1079 296 111
1104 274 1150 296 ΓΡ.

1035 1431 1036 1435 Ἰ
1056 1396 1231 1429 dummodo
1252 1407 1317 1429 non
1334 1396 1417 1429 ultra
1438 1402 1503 1430 tres
1523 1397 1590 1430 dies
1610 1397 1642 1431 in
1667 1399 1811 1442 quolibet

1056 1460 1152 1491 anno,
1171 1450 1326 1482 accedere
1347 1450 1601 1493 quomodolibet,
1615 1452 1674 1484 sub
1684 1463 1811 1486 excom-

1034 1513 1036 1552 3
1057 1503 1283 1536 munieationis
1304 1514 1420 1546 poena,
1442 1504 1599 1537 auderent
1614 1506 1661 1538 rel
1681 1517 1811 1549 praesu—

1057 1562 1192 1595 merent,
1205 1557 1397 1589 cellularum
1410 1563 1516 1590 tamen
1533 1558 1675 1602 ipsorum
1685 1559 1808 1602 ingres—

1057 1620 1091 1642 su
1114 1621 1241 1654 semper
1258 1609 1422 1653 prohibito
1443 1617 1642 1652 remanente,
1656 1612 1806 1646 inhibuit.

1100 1664 1114 1706 ξ
1134 1663 1187 1696 15.
1208 1663 1355 1703 Demuin,
1369 1674 1427 1706 pro
1443 1664 1670 1698 commoditate
1680 1670 1710 1698 et
1725 1665 1810 1699 utili-

1058 1722 1119 1750 tate
1134 1716 1394 1749 eremitoriorum
1405 1722 1436 1749 et
1449 1718 1596 1750 locorum
1608 1718 1806 1760 huiusmodi,

1056 1777 1133 1803 tunc
1142 1771 1359 1814 praesentium
1376 1775 1406 1803 et
1422 1770 1618 1811 futurorum,
1631 1772 1669 1805 de
1681 1772 1809 1806 licentia

1057 1835 1169 1857 eorum
1187 1824 1317 1868 capituli
1338 1823 1496 1867 generalis
1515 1835 1570 1857 sen
1593 1825 1806 1868 provincialis,

1057 1878 1101 1910 eis
1121 1883 1151 1910 et
1171 1877 1303 1911 cuilibet
1322 1889 1436 1911 eorum
1456 1889 1492 1911 ac
1504 1889 1564 1922 pro
1584 1884 1731 1924 tempore
1744 1881 1809 1914 exi-

1034 1959 1037 1971 ,
1057 1932 1224 1973 stentibns,
1247 1943 1472 1975 quaecumque
1494 1932 1671 1966 immobilia
1696 1935 1735 1967 ad
1756 1946 1810 1968 eos

1057 1996 1235 2030 eorumque
1252 1985 1416 2026 ecclesias,
1433 1986 1629 2027 eremitoria,
1652 1988 1765 2021 altaria
1781 1994 1812 2022 et

1057 2042 1124 2073 loca
1143 2039 1328 2072 huiusmodi
1345 2050 1403 2083 pro
1418 2044 1565 2083 tempore
1583 2042 1759 2084 spectantia
1780 2048 1812 2075 et

1057 2093 1262 2138 pertinentia,
1298 2093 1329 2125 in
1350 2093 1586 2137 emphyteusim
1618 2101 1807 2138 perpetuam

1056 2148 1103 2180 vel
1123 2158 1182 2191 per
1202 2152 1340 2190 teinpus,
1363 2147 1422 2180 sub
1442 2147 1550 2191 aliquo
1566 2158 1674 2182 annuo
1686 2160 1810 2183 canone

1057 2201 1119 2233 sive
1140 2212 1238 2234 censu
1260 2200 1424 2243 quibusvis
1444 2201 1607 2245 personis,
1630 2202 1663 2235 in
1684 2202 1810 2238 eviden-

1056 2256 1120 2283 tem
1142 2249 1366 2289 ecclesiarum,
1379 2250 1648 2284 monasteriorum
1665 2258 1695 2285 et
1716 2263 1808 2297 regu-

1824 271 1875 297 Αῐι.
1894 271 2002 298 (11531

1823 332 1854 350 tra
1865 333 1958 356 iempnra
1979 330 2008 349 t».-

1823 360 2005 382 6111111161111111111”“

1823 395 1860 411 eto.
1878 392 1899 417 13

1836 1030 1954 1055 triguesanm
1981 1032 2005 1051 :ed

1823 1065 1942 1082 Preniitoria
1961 1069 1992 1081 mu

1823 1093 1909 1113 tit-ribus
1934 1094 2008 1119 prohi-

1823 1124 1874 1147 buit3

1849 1670 1936 1691 stabilia
1954 1671 2009 1691 alie-

1822 1703 1886 1722 nssndi
1911 1704 1934 1722 :id
1960 1704 2007 1723 ovi<

1823 1733 1907 1753 dentem
1926 1735 2009 1754 utitita-

1823 1766 1864 1784 tem
1879 1764 1964 1785 Ordinis
1981 1765 2009 1785 li-

1823 1798 1915 1816 centiam
1932 1797 2009 1823 irnper-

1823 1827 1874 1847 titus
1889 1827 1934 1851 tuin

1058 2303 1174 2335 larium
1215 2304 1360 2336 locorum
1400 2302 1585 2336 huiusmodi
1618 2304 1805 2346 utilitatem,
1835 2334 1842 2339 .

1058 2358 1255 2394 concedere,
1278 2358 1396 2400 illaque
1416 2368 1474 2400 pro
1495 2358 1564 2390 aliis
1588 2358 1808 2392 immobilibus

1059 2410 1247 2443 utilitatibus
1258 2417 1441 2454 permutare
1457 2422 1512 2444 scu
1532 2411 1669 2445 vendere
1685 2417 1715 2445 et
1730 2412 1807 2445 alie-

1059 2476 1146 2503 nare,
1170 2470 1196 2497 et
1220 2466 1357 2508 pretium
1380 2465 1451 2498 inde
1478 2466 1666 2509 proveniens
1687 2466 1718 2498 in
1738 2464 1808 2498 aliis

1059 2518 1277 2551 immobilibus
1296 2519 1389 2552 bonis
1399 2530 1510 2552 eorum
1522 2520 1676 2559 eeclesiis,
1694 2520 1808 2553 eremi-

1097 2584 1104 2607 t
1126 2581 1243 2608 Primum
1263 2581 1378 2608 declarat
1398 2582 1495 2609 Concil.
1518 2582 1602 2613 Trici„
1629 2589 1694 2608 sess.
1716 2590 1785 2608 xxiii
1799 2602 1806 2613 ,

1058 2628 1095 2652 De
1119 2626 1246 2660 Reform,
1265 2634 1322 2661 cap.
1344 2628 1388 2659 lt3
1413 2626 1557 2653 secundum
1582 2627 1718 2654 revocavit
1738 2627 1807 2655 idem

267 2665 455 2702 episcopum
487 2657 517 2688 in
538 2667 650 2690 eorum
681 2657 757 2690 locis
778 2663 804 2690 et
826 2657 920 2697 alibi,
944 2657 1015 2690 ubi-
1034 2652 1169 2709 1000011„
1191 2669 1232 2697 ubi
1253 2678 1325 2707 sup„
1343 2677 1401 2707 cap.
1424 2671 1453 2698 μὶ
1469 2674 1495 2697 et
1515 2678 1590 2706 seqq.

840 2710 875 2726 :¹³

841 2723 876 2741 4.)

346 2710 419 2745 Ball.
443 2710 518 2740 Itum.
550 2711 600 2740 inl.
629 2710 669 2740 i'l.
