2227 3001
208 228 257 255 Λῃ.
277 229 304 255 C.
324 229 386 256 ΙδίΟ

201 819 329 846 Amoveiqne
345 819 383 839 de-

199 854 282 877 putatos
318 856 382 877 quos-

200 887 288 908 cumque
304 885 323 901 et
340 882 382 907 pii-

199 912 275 937 iilegia

199 944 324 970 cumqueeis
333 949 381 963 eon-

199 980 267 1000 ressa‚
310 975 382 1001 protit-

198 1006 251 1026 bens
284 1009 381 1032 qnaesias

198 1037 251 1061 fleri,
281 1038 320 1057 nisi
356 1037 380 1057 de

199 1073 304 1087 consensu
329 1073 382 1093 ρη-

198 1099 262 1118 sidunt
275 1099 342 1119 dictae
354 1098 382 1118 ta-

198 1129 277 1154 briem

317 918 382 938 qun?-

444 219 508 248 oea

447 238 508 253 ...L-⁶

992 231 1167 256 BFLLARH'M
1193 233 1340 256 ROMANUM

1946 237 1995 263 An.
2017 237 2044 263 C.
2065 237 2130 264 1500

400 281 472 315 tatis
492 282 610 315 fuerint
635 282 797 316 existentia
811 309 818 323 ,
854 293 935 325 quae
955 283 1060 315 adhuc
1084 284 1142 316 ho-
1185 289 1239 316 aut
1260 284 1487 328 deputatorum
1503 286 1605 319 dictae
1622 286 1759 320 fabricae
1775 298 1834 331 pro
1851 294 1930 322 tern-

399 335 582 380 spitalibus,
610 335 810 369 monasteriis
837 340 867 368 et
893 334 962 368 aliis
987 336 1046 380 piis
1066 336 1144 369 locis

399 389 571 434 praedictis
603 400 677 423 curn
705 388 819 421 effectu
847 388 1049 432 incorporata
1079 400 1143 422 non

399 448 484 484 sunt,
502 444 616 476 harum
633 442 713 475 serie
731 442 832 475 dictae
849 442 984 475 fabricae
1004 442 1143 476 basilicae

399 496 555 540 Principis
586 495 806 539 apostolorum
836 495 874 528 de
900 495 985 528 Urbe
1010 501 1038 528 et
1060 496 1144 529 illius

398 550 532 593 collegio
553 554 581 582 et
602 548 761 593 deputatis
781 549 819 581 ad
836 560 917 593 opus
929 554 956 582 et
974 549 1142 582 utilitatem

398 603 498 636 dictae
519 602 657 635 fabricae
668 602 875 635 concedimus
886 608 914 635 et
931 602 1141 646 applicamus,

398 667 434 689 ac
458 667 516 700 pro
542 655 700 689 concessis
724 661 754 689 et
782 655 947 700 applicatis
976 656 1077 689 dictae
1098 657 1142 689 fa-

397 709 503 742 bricae
523 709 634 742 haberi
653 709 812 742 volumus.

440 763 454 807 §
479 763 509 796 5.
531 762 663 796 Necnon
683 774 793 796 omnes
823 769 851 796 ct
882 763 1024 807 singulos
1044 774 1142 808 quae-

397 821 508 857 stores,
531 816 787 857 commissarios,
811 817 991 855 ministros,
1014 818 1142 850 thesau-

397 869 509 910 rarios‚
532 870 741 914 depositarios
762 876 792 903 et
811 870 890 903 alios
915 871 1066 903 officiales
1086 882 1144 915 per

396 923 600 965 guardianos,
623 923 774 957 officiales
794 929 822 957 et
844 924 1026 967 superiores
1046 924 1142 957 dicto-

396 986 468 1009 rum
480 976 697 1021 hospitalium,
711 978 991 1019 monasteriorum,
1005 977 1141 1010 Redem-

396 1028 514 1074 ptionis
542 1030 740 1074 captivorum
770 1036 799 1063 et
828 1031 966 1064 aliorum
994 1031 1140 1064 locorum

396 1082 636 1127 praedictorum,
654 1095 690 1117 ac
706 1084 801 1117 etiam
813 1095 870 1128 per
882 1085 1142 1128 praedecessores

395 1141 520 1169 nostros
551 1142 582 1170 et
610 1148 668 1182 per
698 1148 756 1170 nos
787 1138 941 1171 hactenus
973 1138 1141 1182 deputatos

394 1200 594 1231 revocamus3
605 1201 780 1235 omnesque
796 1191 992 1231 facultatem,
1005 1196 1140 1235 potesta-

394 1251 456 1278 tem
482 1250 513 1279 et
538 1244 760 1278 auctoritatem
782 1245 1010 1288 quaestuandi,
1033 1244 1139 1277 indul-

394 1299 516 1343 gentias
536 1304 564 1331 et
585 1298 662 1331 alias
677 1298 793 1341 gratias
810 1298 1140 1342 publicandixonfra-

394 1358 457 1385 tres
468 1351 682 1390 describendi,
697 1352 938 1385 confessionalia
959 1353 1138 1385 conceden-

393 1406 437 1447 di,
459 1405 491 1438 in
511 1405 638 1439 casibus
658 1405 946 1438 matrimonialibus
972 1405 1139 1449 prohibitis

394 1459 605 1503 disponendi,
622 1459 661 1491 ab
685 1459 867 1492 homicidiis
885 1458 1066 1491 casualibus
1083 1470 1138 1492 seu

393 1512 579 1545 voluntariis
597 1523 633 1545 ac
652 1512 807 1545 simoniae
828 1512 898 1544 labe
911 1512 1093 1545 absolvendi
1110 1518 1137 1546 et

392 1571 463 1598 vota
477 1565 695 1599 commutandi
712 1570 739 1598 et
758 1565 862 1598 forsan
879 1565 940 1598 alia
956 1566 1136 1606 exercendi,

391 1630 409 1651 a
429 1619 673 1663 quaestoribus,
696 1619 940 1659 commissariis,
967 1619 1136 1659 ministris,

392 1673 610 1714 thesaurariis,
624 1672 824 1717 depositariis
840 1678 867 1705 et
880 1673 949 1705 aliis
964 1673 1135 1716 praedictis,

391 1737 516 1760 necnon
542 1737 558 1758 a
583 1725 783 1769 gilardianis‚
811 1725 1000 1759 officialibus
1020 1732 1048 1759 et
1070 1727 1139 1760 aliis

390 1779 610 1823 superioribus
621 1779 839 1823 hospitalium,
854 1780 1135 1820 monasteriorum,

389 1832 628 1877 Redemptionis
642 1832 838 1877 captivorum
856 1838 883 1865 et
901 1833 1036 1866 aliorum
1053 1834 1139 1867 loco-

390 1898 462 1920 rum
485 1887 723 1930 praedictorum
740 1886 903 1930 privilegia
924 1893 952 1920 et
974 1887 1139 1921 facultates

390 1950 443 1973 eos
485 1940 698 1973 substituendi
737 1946 765 1973 et
804 1940 995 1984 deputandi,
1028 1948 1135 1981 motu,

389 1993 520 2028 scientia
540 2000 567 2027 et
590 2000 743 2038 potestate
768 1994 924 2028 similibus
953 1995 1139 2029 abdicamus

389 2054 416 2081 ct
438 2059 638 2081 amovemus:
663 2048 704 2080 ita
728 2048 813 2092 quod
835 2049 872 2081 de
893 2055 1011 2085 cetero,
1026 2060 1139 2093 perpe-

389 2101 451 2135 tuis
471 2101 586 2134 suturis
604 2102 815 2144 temporibus,
834 2108 1030 2145 quaestores,
1049 2114 1138 2136 com-

390 2154 537 2194 missarii,
555 2155 704 2194 ministri,
727 2156 930 2196 thesaurarii,
953 2157 1137 2200 depositarii

389 2214 442 2241 aut
473 2207 524 2240 alii
545 2208 695 2241 officiales
723 2209 761 2241 ad
787 2214 934 2252 quaestas
954 2210 1138 2243 huiusmodi

390 2262 615 2301 exercendum,
635 2262 848 2305 indulgentias
868 2269 895 2295 et
925 2263 1002 2296 alias
1022 2264 1139 2306 gratias

391 2315 638 2359 publicandum,
662 2316 837 2349 confratres
866 2317 1112 2350 describendum
1127 2344 1134 2357 ,

390 2369 632 2402 Confessionalia
660 2370 855 2402 concedendi
872 2376 899 2403 et
922 2371 991 2403 aliis
1013 2371 1138 2404 casibus

389 2421 559 2467 praedictis
593 2422 793 2466 dispensandi
815 2429 844 2455 et
878 2423 1070 2463 absolvendi,
1098 2426 1137 2458 ab

389 2471 562 2515 aliquibus,
585 2471 679 2505 etiarn
699 2483 717 2504 a
738 2472 827 2505 nobis
848 2478 875 2505 ct
898 2474 1137 2507 successoribus

388 2521 506 2554 nostris
526 2521 676 2554 Romanis
696 2521 914 2563 Pontificibus,
935 2524 1084 2556 constitui
1106 2530 1137 2557 et

388 2570 535 2614 deputari
564 2581 629 2603 non
658 2570 795 2614 possint,
827 2571 887 2604 nisi
917 2573 1135 2606 constitutioni

389 2624 419 2654 et
439 2619 637 2665 deputationi
656 2619 841 2653 huiusmodi
862 2622 993 2664 praefati
1010 2622 1135 2666 collegii

1187 348 1263 381 pore
1288 337 1489 371 existentium
1519 351 1687 384 expressus
1719 341 1849 374 accedat
1881 352 1930 375 as-

1186 402 1307 424 sensus.

1229 445 1243 487 ξ
1268 445 1298 478 6.
1322 445 1504 479 Mandantes
1541 448 1696 481 universis
1733 455 1761 482 et
1800 449 1933 492 singulis
1961 461 2129 483 maeuii-usae-

1188 498 1402 540 praefatorum
1413 498 1633 543 hospitalium,
1648 502 1930 541 monasteriorum,
1948 495 2130 550 {iiiiissiumssl'iief

1186 550 1340 583 itrdinum
1351 551 1590 596 ltcdemptionis
1606 555 1814 598 captivorum,
1827 555 1932 588 Sancti
1947 555 2130 607 {fissfmefflnssffi‘}

1186 604 1288 637 lIclmi
1306 616 1360 637 seu
1378 605 1484 639 Sancti
1499 606 1689 649 Adhelelmi,
1708 608 1813 642 Sancti
1829 610 1930 650 Bovis,
1948 598 2040 641 {uncie
2081 593 2093 613 p

1186 657 1291 690 Sancti
1307 658 1471 699 Bernardi,
1490 659 1596 693 Sancti
1612 661 1777 702 Leonardi,
1800 662 1933 696 Sanctae

1186 712 1323 745 Marthae
1333 718 1361 745 et
1372 712 1510 745 aliorum
1530 724 1812 758 quorumcumque
1832 717 1933 750 eccle-

1186 764 1304 797 siarum
1325 770 1355 798 et
1375 765 1503 809 piorum
1523 767 1670 800 locorum
1695 769 1931 811 quaestoribus,

1186 817 1423 859 commissariis,
1446 819 1608 859 ministris,
1633 821 1850 862 thesaurariis,
1877 823 1932 855 de-

1185 870 1344 914 positariis
1374 876 1403 904 et
1443 872 1512 904 aliis
1539 873 1730 906 officialibus
1769 874 1831 907 sive
1865 875 1934 908 aliis

1184 924 1340 967 personis,
1362 925 1446 965 loco,
1469 926 1604 969 collegio
1625 933 1653 959 et
1674 927 1934 962 universitatibus

1185 983 1214 1009 ut
1238 978 1401 1021 pecunias,
1425 990 1475 1012 res
1495 985 1523 1012 et
1544 980 1628 1013 bona
1649 991 1685 1013 ex
1705 982 1860 1024 quaestis,
1882 982 1931 1015 in-

1184 1031 1353 1074 dulgentiis
1373 1037 1400 1065 et
1423 1032 1492 1065 aliis
1513 1033 1684 1076 praedictis
1704 1034 1870 1078 acquisita,
1891 1042 1932 1076 et,

1183 1091 1215 1117 ut
1246 1086 1444 1129 praefertur,
1472 1086 1575 1120 dictae
1604 1087 1742 1121 fabricae
1772 1089 1933 1132 applicata

1183 1145 1209 1171 et
1233 1149 1394 1179 concessa,
1417 1150 1515 1184 penes
1532 1140 1618 1184 ipsos
1638 1146 1668 1174 et
1689 1152 1802 1175 eorum
1822 1153 1933 1186 quem-

1182 1192 1255 1225 libet
1277 1193 1451 1233 existentia,
1472 1200 1500 1227 et
1522 1195 1645 1235 adhuc,
1669 1200 1703 1228 ut
1732 1196 1930 1237 praefertur,

1183 1244 1313 1278 minime
1335 1246 1549 1290 incorporata,
1565 1248 1725 1292 praefatae
1740 1248 1880 1282 fabricae
1902 1255 1933 1283 et

1182 1309 1239 1341 pro
1260 1309 1296 1331 ea
1317 1298 1402 1331 illius
1422 1300 1557 1343 collegio
1588 1311 1624 1333 ac
1654 1301 1813 1345 deputatis
1834 1307 1865 1335 et
1884 1302 1932 1336 of-

1181 1351 1351 1393 ficialibus,
1365 1352 1403 1384 ad
1425 1363 1506 1397 opus
1525 1359 1553 1386 et
1576 1353 1745 1387 utilitatem
1767 1355 1869 1389 dictae
1885 1356 1932 1389 fa-

1181 1405 1287 1438 bricae
1307 1406 1493 1449 exponenda
1513 1413 1543 1439 et
1563 1408 1786 1450 convertenda,
1808 1409 1932 1453 persol-

1181 1463 1251 1491 vant
1276 1464 1305 1491 et
1330 1459 1528 1502 consignent.

1225 1512 1239 1554 ξ
1256 1511 1285 1544 7.
1304 1511 1431 1544 Eisdem
1451 1524 1525 1546 vero
1545 1524 1632 1547 nunc
1652 1520 1679 1547 et
1702 1526 1761 1559 pro
1786 1520 1932 1560 tempore
1959 1526 2053 1554 collegio
2079 1534 2130 1549 vero

1181 1565 1282 1598 dictae
1303 1565 1440 1599 fabricae
1460 1567 1620 1611 deputatis
1639 1574 1667 1601 et
1690 1569 1869 1613 praefectis,
1896 1575 1932 1603 ut
1945 1559 2063 1611 ξ’ζᾚᾞζὼ
2080 1566 2131 1611 [ξζξζ

1180 1625 1365 1663 quaestores
1379 1646 1386 1660 ,
1413 1620 1666 1663 commissarios,
1694 1622 1928 1664 thesaurarios,
1945 1622 2130 1680 22'1f001fgffn·{22¹j

1180 1673 1389 1717 depositarios
1400 1679 1428 1707 et
1446 1674 1597 1708 officiales
1608 1681 1660 1709 aut
1678 1676 1756 1710 alias
1767 1687 1930 1720 personas,
1945 1685 2014 1708 suns,

1180 1737 1278 1770 penes
1298 1738 1378 1770 quos
1398 1728 1567 1772 pecuniae,
1591 1739 1641 1762 res
1661 1735 1691 1762 et
1710 1729 1796 1763 bona
1815 1730 1931 1764 huius-

1180 1780 1266 1812 modi
1292 1780 1447 1821 existunt,
1477 1782 1536 1814 sub
1569 1782 1681 1826 poenis
1711 1789 1741 1816 et.
1766 1784 1929 1825 censuris,

1180 1833 1297 1876 quibus
1327 1834 1372 1867 eis
1396 1834 1574 1875 ridebitur,
1610 1841 1673 1869 tam
1710 1837 1929 1881 praesentium

1180 1898 1276 1930 quam
1293 1887 1429 1920 aliorum
1443 1889 1680 1932 privilegiorum
1692 1890 1785 1923 dictae
1801 1890 1930 1925 fabricae

1180 1946 1208 1973 et
1225 1939 1310 1973 illius
1323 1941 1457 1984 collegio
1473 1947 1501 1975 et
1524 1942 1683 1986 deputatis
1699 1954 1928 1978 concessorum

1179 1994 1295 2036 rigore,
1321 1995 1359 2026 ad
1385 1995 1578 2029 solutionem
1599 2001 1627 2029 et
1653 1997 1928 2040 consignationem

1180 2048 1365 2081 huiusmodi
1391 2049 1568 2082 faciendam
1590 2055 1702 2093 cogant
1731 2057 1759 2083 et
1789 2052 1929 2096 compel-

1181 2102 1257 2143 lant,
1272 2113 1306 2134 ac
1319 2108 1502 2147 praesentes
1514 2109 1543 2136 et
1559 2103 1591 2136 in
1607 2104 1652 2136 eis
1668 2110 1817 2138 contenta
1832 2116 1929 2149 quae-

1181 2167 1319 2201 cumque
1341 2156 1563 2190 inviolabiliter
1592 2158 1752 2191 observari
1776 2159 1930 2193 mandent

1180 2215 1207 2242 ct
1226 2210 1352 2249 faciant,
1369 2210 1589 2244 inobedientes
1605 2216 1632 2243 et
1646 2212 1781 2245 rebelles
1795 2223 1832 2245 ac
1848 2223 1926 2246 con-

1180 2263 1368 2297 tradictores
1379 2275 1602 2309 quoscumque
1615 2276 1672 2308 per
1682 2276 1800 2308 poenas
1810 2271 1841 2299 et
1856 2277 1928 2300 cen-

1180 2329 1270 2350 suras
1291 2318 1488 2361 praedictas,
1512 2318 1701 2352 auctoritate
1722 2325 1848 2361 nostra,
1868 2331 1926 2365 ap-

1180 2372 1351 2415 pellatione
1371 2372 1558 2416 postposita,
1577 2374 1823 2418 compescendo,
1840 2372 1926 2407 invo-

1180 2432 1262 2465 cato,
1285 2426 1310 2459 si
1335 2437 1416 2470 opus
1437 2427 1530 2459 fuerit
1545 2454 1552 2468 ‚
1575 2427 1692 2460 auxilio
1712 2426 1836 2460 brachii
1857 2438 1925 2461 sae-

1179 2476 1307 2508 cularis.

1222 2526 1236 2568 ξ
1264 2524 1294 2558 8.
1331 2525 1398 2557 Non
1432 2525 1632 2558 obstantibus
1665 2525 1848 2570 praemissis
1887 2536 1925 2559 ac
1939 2537 2122 2565 centuriatorum

1179 2573 1459 2606 constitutionibus
1480 2580 1508 2607 et
1529 2575 1784 2608 ordinationibus
1799 2579 1925 2618 aposto-

1177 2622 1259 2663 licis,
1281 2633 1406 2658 necnon
1428 2623 1459 2655 in
1481 2623 1729 2667 provincialibus
1745 2629 1775 2657 et
1789 2625 1924 2669 synoda-
