2227 3001
78 277 129 306 An.
145 275 175 305 C.
194 275 262 309 ¹523

910 274 1049 298 CLEMENS
1075 274 1115 297 vn
1140 274 1186 297 I’P.

274 332 335 364 bus
354 330 431 374 ipsis
450 329 488 363 de
509 328 585 362 Sixti
607 334 637 362 et
652 328 803 369 aliorum,
816 328 910 361 etiam
928 328 1028 371 ipsius

275 383 409 423 Leonis,
445 383 752 427 praedecessorum,
784 382 958 425 privilegiis
991 394 1028 416 ac

273 437 440 481 Religione
460 436 646 469 huiusmodi
678 435 797 469 mentio
832 436 939 473 tieret,
962 447 1026 469 non

272 483 398 534 operari
413 502 420 527 ς
442 500 567 523 necnon
583 489 747 533 praedicto
764 489 840 522 sixti
861 489 1026 532 privilegio

271 544 461 586 derogatum
482 554 547 576 non
568 543 705 582 censeri,
730 553 834 586 neque
854 542 961 586 vigore
983 543 1028 574 di—

273 603 342 630 ctae
360 597 536 637 clausulae,
550 597 582 629 in
594 596 715 630 eisdem
733 596 1027 640 supplicationibus

272 650 391 694 apponi
421 650 532 683 solitae
547 677 554 691 ‚
581 650 729 683 debuisse
751 661 856 693 neque
880 660 972 693 posse
994 649 1025 681 in

270 703 372 737 literis
397 703 600 747 apostolicis,
623 709 686 736 tam
718 714 776 747 per
795 703 1025 735 Cancellariam

271 768 367 800 quam
389 756 553 790 Cameram
575 757 791 800 Apostolicam
817 756 971 800 expeditis
997 762 1026 788 et

271 809 489 854 expediendis,
512 811 550 843 ad
576 810 696 843 dictum
725 809 926 853 privilegium
949 809 1025 842 Sixti

272 863 529 907 praedecessoris
550 863 688 904 extendi,
710 863 771 896 nisi
792 863 823 895 in
844 863 937 896 dictis
953 874 1026 906 sup—

271 917 501 961 plicationibus
530 918 619 951 tieret
649 917 797 960 specialis
826 921 853 949 et
876 916 1026 960 specifica

270 971 392 1004 mentio
413 971 489 1005 dicti
510 971 688 1015 privilegii,
711 981 837 1003 necnon
859 970 943 1011 regis
957 997 964 1009 ‚
986 969 1025 1002 ad

271 1024 364 1057 cuius
384 1024 569 1057 instantiam
592 1034 781 1057 concessum
804 1023 934 1063 fuisset;
956 1023 1026 1056 lite—

269 1088 386 1121 rasque
406 1078 601 1121 apostolicas
622 1078 761 1121 desuper
781 1077 876 1110 ctiam
898 1088 956 1121 per
967 1077 1024 1110 Ca-

270 1141 391 1164 meram
413 1131 628 1175 Apostolieam
650 1130 812 1174 expeditas
831 1141 887 1163 seu
918 1130 947 1163 in
979 1132 1025 1163 su-

269 1189 379 1217 tnrum
409 1184 622 1228 expediendas
650 1184 724 1223 illis,
747 1195 806 1228 pro
827 1184 956 1228 quibus,
979 1184 1024 1216 ri-

269 1248 346 1280 gore
362 1237 522 1271 dictarum
544 1237 821 1282 supplicationum
842 1243 870 1271 et
894 1238 1024 1271 illorum

269 1296 487 1335 sumptorum,
511 1291 677 1336 expeditae
698 1291 831 1324 fuissent
850 1302 906 1325 seu
928 1291 958 1324 iu
980 1292 1025 1324 su-

270 1349 380 1378 turum
401 1345 640 1389 expedirentur,
662 1355 727 1377 non
748 1345 916 1385 suffragari
932 1356 1025 1389 posse

270 1408 375 1442 neque
390 1398 519 1436 debere2
538 1399 673 1442 illasque
689 1398 792 1442 ipsius
806 1398 921 1431 Leonis
938 1410 1026 1443 prac-
1045 1401 1048 1458 l

271 1450 449 1485 decessoris
463 1457 494 1485 et
511 1451 580 1485 eius
595 1462 820 1486 successorum
838 1452 1025 1485 huiusmodi

269 1504 458 1538 intentionis
477 1505 603 1539 defectu
625 1516 752 1545 carere,
776 1511 803 1538 et
826 1516 883 1548 pro
905 1506 1023 1547 cassis,

271 1557 371 1591 irritis
391 1563 420 1591 et
441 1569 506 1591 non
526 1558 670 1602 legitime
691 1558 845 1601 expeditis
865 1559 1025 1592 baberen-

271 1617 336 1651 tur,
359 1617 389 1644 et
408 1612 447 1644 ad
467 1611 584 1644 dictam
600 1611 766 1644 Cameram
787 1623 844 1645 seu
864 1612 1027 1645 Cancella-

272 1664 354 1697 riam
374 1664 583 1707 corrigendae
605 1664 857 1703 remitterentur;
878 1664 1026 1710 ipsasque

273 1728 371 1760 super
389 1727 486 1761 Supra
512 1722 542 1751 et
567 1717 786 1761 infrascriptas
811 1719 1027 1752 conficiendas
1047 1728 1049 1744 1

272 1769 381 1803 literas
412 1771 473 1803 vim
510 1777 695 1804 contractus
729 1777 760 1804 ct
794 1771 1027 1805 indissolubilis

272 1823 478 1866 obligationis
499 1825 581 1857 inter
601 1825 751 1857 eumdem
774 1825 912 1858 Leonem
939 1838 1028 1869 prae-

272 1875 474 1910 decessorem
513 1884 543 1910 et
581 1878 693 1911 Sedent
734 1879 930 1922 praedictam
949 1907 955 1918 ,
991 1892 1027 1913 ac

272 1929 478 1963 Franciscum
510 1942 618 1974 regem
646 1938 672 1964 et
706 1932 775 1964 cius
802 1944 1024 1971 successores,

272 1993 400 2016 necnon
419 1984 625 2017 Theodorum
657 1990 685 2017 et
715 1996 774 2029 pro
800 1990 945 2029 tempore
966 1987 1028 2019 exi-

272 2041 408 2069 stentem
438 2037 585 2071 abbatem
616 2039 776 2081 praesatos
802 2039 958 2072 obtinere.
992 2041 1025 2072 Et

273 2089 330 2130 sic,
343 2100 401 2134 per
420 2101 644 2135 quoscumque
656 2091 779 2125 iudices
794 2093 1028 2127 ecclesiasticos

273 2148 301 2175 et
323 2144 515 2184 saeculares,
538 2144 633 2177 ctiam
654 2151 782 2179 sanctae
799 2146 961 2180 Romanae.
973 2148 1029 2181 Ec-

274 2196 389 2229 clesiae
405 2197 583 2231 cardinales
595 2204 622 2232 et
636 2210 807 2233 causarum
824 2200 934 2232 Palatii
948 2201 1028 2244 ⁴lpo-

274 2249 379 2283 stolici
399 2250 574 2292 auditores,
593 2252 626 2284 in
647 2252 757 2285 eadem
775 2252 928 2286 Curiavel
941 2259 1027 2286 extra

275 2312 358 2342 eam,
380 2303 412 2335 in
432 2304 595 2346 quibusvis
611 2306 715 2338 causis
734 2311 765 2339 ct
786 2306 943 2339 instantiis
959 2317 1029 2340 sen-

276 2356 423 2396 tentiari,
446 2357 570 2399 decidi,
598 2358 732 2392 indicari
763 2365 791 2391 et
823 2360 1026 2403 interpretari

275 2408 405 2446 debere,
427 2410 552 2443 sublata
572 2411 617 2444 eis
637 2417 667 2444 et
687 2423 800 2445 corum
823 2413 951 2445 cuilibet
973 2413 1028 2445 ali-

275 2463 323 2490 tcr
343 2457 505 2491 iudicandi
518 2464 548 2492 et
565 2459 794 2504 interpretandi
818 2462 979 2497 facultate:
993 2473 1028 2495 ac

275 2506 434 2550 quidquid
455 2518 548 2541 secus
567 2510 722 2552 superbis
734 2521 750 2542 a
762 2521 940 2554 quoquam,
953 2522 1030 2554 qua-

276 2556 321 2587 vis
354 2557 564 2597 auctoritate,
592 2558 731 2591 scienter
764 2560 811 2592 rel
845 2559 1030 2602 ignoranter

276 2604 445 2647 contigerit
466 2607 633 2646 attentari,
655 2606 783 2641 irritum
808 2613 836 2641 et
858 2608 952 2641 inane
973 2609 1029 2641 de-

278 2653 375 2687 crevit
396 2659 426 2687 ct
447 2654 629 2688 declaravit.

1734 263 1778 297 43

1115 327 1129 369 ξ
1150 327 1201 360 15.
1225 326 1261 358 Et
1282 325 1505 363 nihilominus,
1525 332 1557 358 ut
1579 327 1822 360 necessitatibus

1070 379 1171 412 dictae
1183 379 1358 423 Religionis
1370 380 1573 413 commodius
1585 380 1820 423 provideretur,

1069 433 1154 476 quod
1162 433 1314 477 deinceps
1323 433 1486 477 perpetuis
1498 433 1614 466 futuris
1624 434 1824 477 temporibus

1068 487 1177 519 liceret
1208 487 1365 529 religiosis
1386 487 1488 521 dictae
1508 487 1684 530 Religionis·
1705 492 1735 520 et
1754 487 1824 520 aliis

1069 541 1214 583 personis
1234 540 1272 572 ab
1293 540 1349 581 eis,
1368 547 1404 575 ut
1422 541 1524 585 prius,
1543 540 1715 585 deputatis,
1729 552 1825 584 qnae-

1069 599 1175 633 stuaS,
1197 600 1286 630 vota,
1310 595 1549 639 eleemosynas,
1572 594 1624 638 pia
1653 595 1763 627 relicta
1794 601 1825 628 et

1068 646 1141 686 alia,
1158 646 1253 680 etiam
1265 648 1578 684 confraternitatum,
1597 647 1647 692 pia
1658 649 1822 689 suffragia,

1046 703 1048 716 ³
1068 711 1149 743 quae
1171 700 1203 732 in
1223 701 1299 734 dicti
1321 703 1421 735 sancti
1443 702 1571 736 Antonii
1590 702 1747 735 honorem
1772 703 1825 735 tie-

1068 759 1150 790 rent,
1173 753 1204 786 in
1225 754 1486 799 quibuscumque
1503 756 1621 797 regnis,
1640 756 1822 791 ducatibus,

1069 808 1356 841 communitatibus
1368 815 1398 842 et
1409 809 1491 848 aliis,
1507 809 1601 842 etiam
1619 808 1824 852 imperatoris

1068 860 1202 894 dominii
1231 871 1268 894 ac
1297 862 1470 899 dioecesis,
1500 863 1595 895 etiam
1626 862 1658 895 in
1688 863 1772 895 Urbe
1794 868 1823 895 et

1067 914 1163 947 Curia
1191 915 1384 958 praedictis,
1407 916 1645 949 ordinariorum
1676 917 1823 949 locorum

1068 974 1098 1001 et
1130 978 1414 1013 quorumcumque
1445 969 1584 1002 aliorum
1614 970 1743 1002 licentia
1769 981 1823 1013 pe—

1067 1021 1222 1061 tita‚licet
1232 1033 1297 1055 non
1314 1023 1454 1062 obtenta,
1468 1024 1588 1063 sacere;
1610 1033 1646 1055 ae
1668 1023 1824 1056 ordinarii

1067 1076 1214 1108 locorum
1237 1082 1267 1109 et
1286 1076 1367 1108 aliae
1389 1087 1567 1119 personae,
1591 1077 1629 1109 acl
1650 1087 1730 1120 quos
1753 1087 1823 1119 per—

1069 1129 1169 1162 tinere
1189 1129 1446 1170 dignosceretur,
1470 1130 1577 1163 literas
1598 1141 1652 1163 scu
1675 1131 1822 1163 mandata

1067 1182 1215 1215 licentiae
1250 1183 1461 1226 quaestuandi
1490 1183 1676 1218 huiusmodi
1707 1184 1820 1219 nullis,

1067 1236 1127 1269 nisi
1147 1248 1163 1269 a
1185 1237 1328 1279 praefato
1348 1237 1518 1270 'l'beodoro
1544 1243 1571 1269 et
1600 1248 1658 1280 pro
1679 1243 1822 1280 tempore

1067 1290 1220 1323 existente
1241 1290 1353 1323 abbate
1374 1291 1450 1323 dicti
1473 1290 1658 1323 monasterii
1680 1295 1709 1322 et
1728 1301 1822 1333 gene-

1068 1343 1126 1376 rali
1160 1344 1301 1386 capitulo
1334 1344 1477 1376 eiusdem
1507 1344 1682 1384 Religionis
1715 1343 1822 1377 Sancti

1067 1397 1196 1429 Antonii
1213 1408 1394 1440 percorum
1413 1398 1520 1430 literas
1540 1402 1684 1440 patentes
1703 1397 1823 1440 specia-

1068 1450 1140 1483 liter
1159 1450 1334 1494 depntatis‚
1359 1451 1594 1488 concederent;
1618 1462 1653 1484 ac
1674 1451 1727 1483 illa
1748 1450 1823 1494 ipsis

1068 1504 1243 1547 deputatis,
1266 1504 1387 1547 absque
1408 1516 1463 1544 ea,
1486 1515 1581 1548 quam
1609 1509 1720 1538 contra
1740 1504 1824 1538 dicta

1068 1557 1232 1600 privilegia
1254 1563 1281 1589 et
1303 1557 1427 1590 indulta
1448 1558 1574 1598 exigere
1592 1558 1747 1598 solebant,
1770 1568 1824 1602 pe·

1069 1611 1239 1644 cuniarum
1267 1611 1452 1649 exactione,
1476 1611 1534 1643 sub
1561 1611 1823 1646 excommunica-

1068 1664 1163 1698 tionis
1180 1664 1261 1696 latae
1281 1664 1455 1697 sententiae
1477 1675 1513 1697 ac
1539 1664 1609 1697 aliis
1629 1664 1774 1699 censuris
1793 1671 1824 1700 et

1069 1718 1181 1762 poenis
1210 1717 1242 1750 in
1272 1717 1364 1750 (lictis
1392 1717 1569 1761 privileeiis
1589 1718 1729 1761 desuper
1747 1730 1823 1753 con-

1070 1771 1164 1805 ρρςςςῐς
1202 1771 1370 1807 cementis,
1403 1771 1580 1804 concedere
1612 1777 1820 1809 tenerentur:

1069 1836 1128 1858 nee
1148 1825 1230 1857 ultra
1253 1835 1353 1856 unum
1371 1825 1529 1857 florenum
1543 1835 1601 1868 pro
1617 1825 1709 1858 dictis
1723 1826 1823 1859 literis

1069 1884 1099 1912 et
1130 1878 1307 1916 mandatis,
1331 1877 1417 1910 iuxta
1446 1878 1613 1920 privilegia
1640 1879 1820 1922 praedicta.

1071 1931 1236 1977 percipere
1260 1937 1404 1974 possent;
1427 1937 1454 1964 ct
1477 1931 1501 1963 si
1521 1931 1598 1975 quid
1616 1932 1698 1964 ultra
1715 1944 1824 1976 perce-

1070 1985 1211 2030 pissent,
1234 1985 1272 2017 ad
1305 1984 1540 2017 restitutionei‘n
1569 1985 1638 2017 eius
1667 1986 1825 2029 religiosis

1070 2044 1098 2071 et
1120 2038 1281 2082 deputatis
1297 2038 1448 2081 praetatis
1466 2037 1657 2078 faciendam,
1675 2039 1735 2072 sub
1751 2050 1824 2072 ana-

1071 2092 1220 2125 thematis
1240 2102 1356 2134 poena,
1379 2096 1578 2124 tenerentur.

1113 2146 1127 2186 ξ
1164 2146 1218 2179 16.
1253 2145 1409 2188 Quodque.
1445 2145 1541 2177 abbas
1576 2147 1759 2179 monasterii
1795 2152 1822 2179 et

1071 2204 1297 2243 praeceptores
1317 2205 1347 2231 ct
1367 2199 1448 2231 aliae
1473 2198 1641 2241 religiosae
1668 2210 1823 2242 personae

1071 2252 1245 2292 Religionis
1277 2252 1464 2285 huiusmodi
1496 2252 1591 2285 etiam
1620 2252 1652 2284 in
1678 2253 1760 2286 t'rbc
1795 2259 1823 2286 et

1070 2306 1165 2339 Curia
1185 2305 1385 2343 huiusmodi,
1398 2305 1566 2339 occasione
1579 2311 1822 2348 quaestuariun,

1070 2364 1229 2398 votorum,
1239 2360 1514 2403 eleemosynarnm
1522 2385 1529 2398 ‚
1538 2359 1737 2396 relictorum,
1750 2370 1824 2392 con-

1072 2412 1307 2445 fraternitatum
1338 2418 1369 2445 ct
1397 2412 1535 2445 aliorum
1565 2412 1691 2455 piorum
1714 2413 1825 2445 sutl'ra-

1071 2461 1198 2502 giorum
1220 2468 1248 2495 et
1270 2472 1553 2506 quorumcumque
1574 2462 1733 2493 bonorum
1755 2472 1822 2493 ino-

1070 2510 1184 2542 bilium
1206 2516 1234 2543 et
1258 2510 1537 2548 immobilium,ad
1559 2509 1822 2542 solutioneinali-

1072 2559 1164 2592 cuius
1193 2559 1356 2599 decimae,
1379 2559 1510 2592 subsidii
1532 2564 1583 2590 aut
1606 2558 1736 2590 alterins
1767 2558 1822 2591 im-

1109 2627 1117 2651 t
1154 2625 1194 2652 Ad
1213 2625 1264 2652 hoc
1285 2626 1365 2652 babes
1393 2626 1469 2652 etiam
1502 2624 1598 2651 bullam
1619 2623 1742 2651 Boiiit'acii
1763 2624 1822 2653 vttt

1048 2698 1053 2707 a
1072 2665 1195 2701 superius
1210 2666 1327 2693 citatam.

1835 269 1884 297 An.
1903 268 1932 295 C.
1953 268 2020 296 «5⁶25

1850 334 1871 355 ΕΙ
1883 335 2021 362 quaestu-ndi

1836 366 1956 386 [acuitatem
1979 365 2024 385 ite-

1838 400 1882 418 rato
1904 395 2024 421 concentu

1851 2175 2024 2203 Exemptionem-

1839 2213 1878 2234 que
1901 2214 1913 2227 a
1935 2207 2022 2228 decimis

1839 2242 1858 2258 et
1874 2238 1921 2258 aliis
1935 2239 2022 2265 imposi⁴

1839 2269 1930 2290 tionibus
1949 2271 2025 2296 elargi-

1839 2305 1871 2322 tus
1886 2304 1918 2321 est
1930 2300 1939 2321 1
1951 2309 1957 2326 3
