2227 3001
96 260 146 287 An.
165 259 194 286 C.
211 260 280 287 1529

92 364 378 421 zssfteacffiefissffimino
404 364 544 408 placuit,
574 365 612 397 dc
634 364 739 397 medio
760 365 903 405 sublato,
935 365 1040 399 divina
1084 367 1175 399 cedet
1208 378 1356 400 assensus
1376 395 1383 408 ‚

926 256 1069 295 emitteres
1092 261 1134 284 vn
1159 260 1209 284 rr.

1731 257 1795 290 12³

335 313 350 356 g
370 311 400 345 ⁶2.
422 312 496 352 Nos,
514 313 598 345 dicto
615 312 873 356 praedecessore,
887 313 1039 346 sicutDo-
1086 312 1216 347 maioris
1236 313 1334 359 partis
1355 314 1571 359 praefatarum
1593 324 1769 351 conventus
1789 329 1840 352 ac-

1420 368 1568 401 volumus
1597 375 1626 402 et
1662 373 1838 414 apostolica

90 437 129 458 per
143 431 208 453 ime
228 432 276 452 212-
289 418 409 451 favente
434 418 615 458 clementia,
638 418 674 451 ad
697 418 814 451 summi
842 420 1038 462 apostolatus
1083 420 1270 453 anctoritate
1288 421 1493 455 decernimus
1511 423 1596 466 quod
1613 423 1724 458 literae
1745 437 1836 470 prae-

90 462 181 483 ctionem
205 468 273 483 novae

89 493 215 519 abbatissam
227 499 272 514 eam

87 527 210 551 perpetuam
222 529 271 545 esse

88 555 204 581 contenit,
219 561 271 582 pro-

87 587 110 606 ιιι
132 587 195 607 etiam
220 591 269 607 sue-

86 621 186 638 eessores
201 617 220 638 in
235 617 270 638 {u-

86 649 162 668 ΙΙΙΙῚΙΙΙἍ.

99 1337 202 1359 Moniate:
216 1337 257 1359 hoc

72 1369 128 1390 idem
143 1367 199 1390 buna
218 1369 255 1390 sub

72 1399 157 1428 plumbo
183 1400 257 1422 decta-

71 1431 114 1452 rari
123 1434 198 1458 petunt
209 1437 255 1452 eum

72 1468 174 1489 expressa
186 1463 255 1484 deela-

71 1495 154 1514 ratione
172 1495 254 1514 consti-

71 1524 254 1546 tntiontsuadrin-

69 1555 92 1575 m·
107 1554 140 1576 w.

91 2139 188 2160 ctemens
204 2139 248 2159 suis

65 2170 135 2192 uteris
166 2169 248 2197 plenam

66 2204 89 2222 et
124 2203 248 2229 perpetuum

65 2233 123 2254 aetate
138 2255 141 2258 ,
162 2233 249 2253 firmita-

30 2283 32 2285 ,
64 2267 116 2289 tem

286 471 408 514 apicem
426 471 593 515 assumpti,
607 471 794 504 earumdem
811 479 986 505 conventus
1008 473 1036 505 in

285 535 322 558 ea
350 530 438 568 parte
466 523 756 569 supplicationibus
785 523 948 564 inclinati,
980 537 1038 569 per

284 577 362 611 alias
372 583 496 611 nostras
507 578 615 611 literas
627 577 817 610 electionem
829 578 866 611 de
879 578 993 611 dilecta
1004 579 1036 611 in

282 632 406 665 Christo
422 632 489 666 filia
502 632 626 666 Clarina
641 632 679 665 de
695 632 863 673 Columna,
881 633 1033 667 moderna

282 685 356 718 dicti
385 685 571 719 monasterii
599 685 769 722 abbatissa,
792 685 824 717 in
840 685 1031 719 abbatissam

282 738 382 783 ipsius
393 739 578 772 monasterii
591 749 648 782 per
667 744 860 772 conventum
876 741 1033 783 praefatas

280 793 406 833 factam,
429 792 467 825 ad
484 791 584 836 ipsius
596 792 739 824 Clarinae
759 791 854 824 vitam
875 793 1034 836 approba-

278 845 380 878 vimus
401 851 431 879 et
451 846 732 886 confirmavimus3
755 856 792 879 ac
814 845 983 879 statuimus
1003 852 1033 880 et

279 899 496 932 ordinavimus
515 899 600 942 quod
622 910 658 931 ex
679 903 756 931 tunc
779 899 817 931 de
838 904 956 939 cetero,
979 910 1031 933 oc-

277 958 427 986 currente
438 952 580 985 eiusdem
592 950 777 986 monasterii
786 951 1030 991 vacatione-‚mo-

277 1005 377 1039 niales
396 1006 498 1050 ipsius
518 1005 703 1040 monasterii
723 1016 782 1050 pro
804 1009 950 1049 tempore
967 1006 1030 1038 exi-

276 1065 394 1093 stentes
408 1060 599 1093 abbatissam
621 1063 809 1102 perpetuam
826 1063 857 1091 et
871 1069 935 1091 non
951 1063 1029 1092 tem-

273 1114 440 1158 poralem,
464 1114 543 1146 sicut
574 1118 683 1152 antea,
714 1111 832 1157 eligere
853 1112 1025 1154 deberent,

273 1173 370 1211 prout
388 1167 421 1200 in
437 1167 571 1209 singulis
591 1166 692 1199 literis
708 1165 880 1210 praedictis
900 1167 1028 1210 plenius

273 1221 469 1254 continetur.

315 1274 380 1317 §3
403 1274 482 1308 Cum
503 1279 628 1314 autem,
661 1274 742 1308 sicut
768 1274 907 1307 exhibita
934 1274 1026 1307 nobis

272 1338 377 1372 nuper
396 1338 454 1372 pro
471 1334 559 1372 parte
570 1328 670 1360 dictae
683 1328 829 1361 Clarinac
849 1328 1025 1361 abbatissae

271 1381 380 1424 petitio
405 1381 607 1420 continebat,
643 1392 701 1424 pro
731 1391 768 1414 eo
801 1381 887 1423 quod
914 1380 1024 1414 literae

269 1438 396 1467 nostrae
416 1434 602 1467 huiusmodi
623 1445 687 1467 non
709 1434 768 1467 sub
788 1434 922 1479 plumbo
935 1461 943 1474 ‚
970 1435 1023 1467 sed

269 1487 301 1520 in
321 1488 425 1521 forma
444 1487 547 1521 brevis
562 1487 727 1532 expeditae
748 1487 919 1525 extiterint,
939 1492 970 1520 et
990 1487 1022 1520 in

268 1540 387 1574 eisdem
404 1542 442 1575 de
458 1541 586 1575 decreto
602 1540 753 1573 Hadriani
769 1540 1023 1584 praedecessoris

267 1594 451 1628 huiusmodi
473 1595 551 1627 alias
566 1605 663 1638 quam
684 1604 742 1638 per
763 1594 941 1628 clausulam
958 1596 1022 1629 Pro

266 1648 457 1692 sufficienter
476 1648 632 1690 expressis
654 1647 821 1687 habentes,
845 1648 939 1691 plena
966 1660 1021 1683 seu

268 1701 431 1734 sufficiens
460 1700 579 1734 mentio
615 1701 694 1734 sacta
724 1711 787 1733 non
828 1701 927 1735 extitit
947 1730 954 1743 ,
984 1715 1021 1737 ac
1039 1671 1044 1750 i

266 1755 375 1788 forsan
391 1754 431 1789 de
451 1764 609 1788 consensu
626 1754 770 1799 ipsarum
787 1760 963 1790 conventus
981 1758 1020 1790 ad

265 1818 418 1852 praesens
432 1808 541 1841 doceri
557 1818 620 1841 non
637 1809 748 1852 possit,
761 1819 777 1840 a
798 1803 961 1843 nonnullis
982 1811 1020 1844 de

264 1862 387 1896 viribus
413 1868 599 1896 nostrorum
621 1862 729 1895 statuti
750 1867 781 1896 et
809 1863 1020 1900 ordinationis
1038 1896 1041 1913 ¹.

265 1914 402 1959 eligendi
417 1915 607 1949 abbatissam
621 1921 810 1961 perpetuam
820 1928 857 1950 ac
880 1917 1020 1963 desuper
1040 1931 1041 1935 ¹

263 1968 482 2002 confectarum
507 1968 673 2002 literarum
704 1968 892 2003 huiusmodi
912 1971 1017 2005 haesi-

262 2026 359 2056 tatur.

306 2075 321 2119 ᾗ
340 2075 371 2109 4.
395 2074 468 2116 Nos,
485 2075 561 2109 dicti
571 2077 757 2110 monasterii
772 2076 952 2120 profectum
964 2090 1017 2123 pa-

261 2135 353 2163 terno
373 2130 510 2163 zelantes
529 2130 659 2169 affectu,
676 2140 716 2163 ne
724 2135 907 2175 propterea,
921 2132 1017 2167 trien-

262 2182 316 2216 nio
330 2183 493 2227 praedicto
513 2183 632 2227 elapso,
656 2188 785 2217 careant
804 2184 920 2218 effectu
940 2196 1016 2229 pro-

262 2236 369 2270 videre
387 2236 541 2277 volentes;
554 2236 723 2281 ipsamque
736 2237 896 2271 Clarinam
917 2238 1015 2273 abba-

263 2290 371 2322 tissam
391 2301 410 2322 a
433 2289 597 2333 quibusvis
624 2291 966 2326 excommunicationis
986 2299 1017 2327 et

263 2339 425 2372 interdicti
456 2338 591 2383 aliisque
628 2339 852 2374 ecclesiasticis
887 2347 1014 2375 senten-

264 2386 327 2428 tiis,
344 2387 490 2421 censuris
509 2394 540 2421 et
558 2388 682 2432 poenis,
700 2389 724 2422 si
739 2389 858 2432 quibus
877 2401 1014 2434 quomo-

264 2436 385 2470 dolibet
403 2436 554 2470 innodata
569 2437 682 2478 existit,
695 2438 733 2470 ad
750 2441 900 2472 ellectum
922 2452 1014 2484 prae-

264 2485 403 2519 sentium
429 2491 553 2519 tantum
582 2488 867 2532 consequendum,
899 2489 1013 2523 harum

262 2534 345 2577 serie
367 2535 566 2568 absolventes
590 2541 621 2568 et
645 2535 822 2570 absolutam
845 2538 913 2571 sore
940 2550 1014 2572 cen-

1081 472 1182 505 dit-tae
1200 479 1226 505 et
1250 474 1280 506 in
1303 474 1346 507 eis
1366 480 1515 508 contenta
1536 487 1761 522 quaecumque
1781 491 1836 513 va-

1081 526 1177 565 leant,
1201 528 1394 572 plenamque.
1417 529 1541 562 roboris
1557 530 1741 565 firmitatem
1754 534 1835 567 obti-

1080 585 1188 620 neant,
1211 586 1241 613 et
1261 581 1318 614 sibi
1344 581 1561 625 suffragentur
1582 584 1612 616 in
1634 586 1785 619 omnibus
1804 593 1833 620 et

1080 644 1137 677 per
1156 636 1276 675 onmia,
1299 637 1432 680 perinde
1458 648 1494 671 ac
1524 637 1549 672 si
1571 639 1601 671 in
1625 639 1686 673 illis
1706 641 1744 674 de
1769 647 1831 675 sta-

1077 692 1157 724 tuto,
1169 687 1371 722 ordinatione
1381 696 1411 723 et
1425 691 1553 724 decreto
1564 704 1600 725 ac
1611 692 1831 729 literislladri-

1077 740 1127 772 ani
1145 742 1402 784 praedecessoris
1422 743 1608 779 huiusmodi
1628 748 1723 781 modo
1737 760 1830 792 prae-

1075 792 1171 825 misso
1201 794 1295 837 plena
1322 801 1349 827 et
1380 795 1541 831 individua
1561 810 1597 831 ac
1618 800 1656 833 de
1675 802 1772 836 verbo
1792 804 1829 837 ad

1074 845 1207 878 verbum
1230 849 1350 881 mentio
1372 850 1450 882 sacta
1463 878 1472 890 ,
1495 862 1531 884 ac
1547 863 1606 896 per
1624 854 1695 889 illas
1711 856 1829 890 eisdem

1074 902 1190 932 statuto
1204 927 1211 939 ,
1248 901 1462 942 ordinationi,
1493 905 1621 939 decreto
1658 918 1695 941 ac
1731 909 1831 944 literis

1072 951 1222 985 Hadriani
1239 955 1492 997 praedecessmis
1511 958 1696 994 huiusmodi
1709 963 1829 1007 specia-

1072 1004 1144 1037 liter
1161 1011 1189 1038 et
1207 1017 1354 1051 expresse
1373 1008 1561 1052 derogatum
1585 1013 1705 1047 suisset.

1115 1058 1129 1100 g
1150 1059 1179 1091 5.
1203 1059 1238 1092 Et
1256 1060 1546 1107 niliilttnuintts,p1‘o
1556 1066 1673 1109 potiori
1689 1072 1823 1109 cautela.

1070 1111 1259 1145 electionem
1280 1114 1425 1149 Clarinae
1436 1117 1474 1149 ad
1492 1118 1560 1151 eius
1571 1119 1665 1153 vitam
1683 1122 1824 1165 denovo,

1069 1175 1104 1196 ac
1126 1165 1234 1199 literas
1249 1173 1374 1201 nostras
1395 1169 1469 1203 etin
1490 1171 1535 1204 eis
1556 1177 1827 1212 contentaliuius-

1069 1219 1154 1251 modi
1178 1230 1214 1252 ex
1235 1225 1319 1253 certa
1342 1228 1449 1255 nostra
1464 1224 1596 1258 scientia
1611 1229 1827 1271 approbantes

1068 1276 1096 1304 et
1110 1272 1351 1315 confirmantes:
1366 1288 1544 1320 omnesque
1553 1284 1580 1311 et
1592 1280 1735 1323 singulos
1747 1283 1826 1319 iuris

1067 1329 1097 1357 et
1118 1326 1190 1359 sacti
1211 1328 1365 1370 destwtus,
1394 1330 1417 1363 si
1440 1331 1495 1373 qui
1516 1333 1623 1366 forsan
1645 1335 1824 1371 intervene-

1067 1379 1128 1412 rint
1141 1379 1172 1412 in
1194 1381 1325 1422 eisdem,
1343 1385 1543 1428 supplentes3
1556 1387 1705 1432 ipsasque
1717 1391 1824 1426 literas

1067 1438 1190 1467 nostras
1222 1435 1259 1467 de
1289 1436 1506 1481 subreptionis
1542 1441 1591 1472 vel
1625 1442 1823 1487 obreptionis

1066 1492 1118 1519 aut
1140 1488 1295 1521 nullitatis
1317 1489 1393 1523 vitio
1415 1502 1471 1524 seu
1491 1492 1677 1528 intentionis
1693 1497 1819 1533 defectu

1065 1542 1169 1574 notari
1189 1553 1253 1574 non
1275 1554 1368 1587 posse
1386 1544 1607 1587 decernentes,
1631 1551 1819 1587 auctoritate

1065 1599 1094 1628 et
1117 1600 1227 1630 tenore
1248 1598 1419 1642 praedictis
1448 1601 1618 1636 statuimus
1638 1609 1668 1637 et
1687 1607 1818 1641 ordina-

1064 1658 1135 1681 mus
1151 1650 1237 1692 quod
1258 1651 1297 1684 dc
1313 1657 1432 1693 cetero,
1450 1661 1639 1689 occurrente
1660 1657 1735 1692 dicti
1749 1671 1816 1695 mo-

1063 1703 1192 1736 nasterii
1205 1704 1382 1746 vacatione,
1396 1714 1571 1742 conventus
1587 1719 1642 1743 seu
1661 1713 1817 1749 moniales

1062 1757 1235 1799 praefatae,
1253 1759 1313 1791 sub
1325 1770 1401 1793 cura
1414 1761 1547 1795 fratrum
1559 1763 1729 1800 Servorum
1737 1768 1814 1802 Bea-

1061 1811 1110 1839 tae
1131 1807 1245 1840 Mariae
1266 1808 1391 1842 Ordinis
1401 1809 1504 1843 Sancti
1523 1813 1816 1853 Augustinideaen-

1061 1860 1119 1895 tes,
1133 1861 1322 1901 perpetuam
1340 1864 1369 1892 et
1379 1870 1443 1892 non
1455 1854 1646 1896 triennalem
1671 1851 1816 1902 seualias

1059 1907 1271 1949 temporalem
1297 1908 1486 1942 abbatissam
1501 1937 1508 1950 ,
1530 1911 1623 1952 sicut,
1642 1919 1813 1958 antequam

1060 1953 1330 1990 literaelladriani
1345 1959 1599 2002 praedecessoris
1613 1971 1812 2007 emanarent,

1060 2002 1130 2038 fieri
1150 2012 1393 2048 consueverant,
1420 2008 1538 2051 eligere
1563 2011 1686 2054 possint
1706 2018 1737 2046 et
1757 2014 1814 2048 de-

1059 2051 1165 2092 beant;
1188 2053 1321 2099 ipsaque
1345 2055 1391 2089 sic
1411 2057 1515 2090 electa
1535 2069 1572 2091 eo
1593 2059 1662 2103 ipso
1683 2067 1814 2106 aposto-

1058 2100 1119 2133 lica
1135 2104 1323 2137 auctoritate
1340 2105 1530 2139 confirmata
1551 2107 1589 2140 sit
1609 2113 1639 2140 et
1660 2120 1728 2143 esse
1739 2122 1814 2145 cen-

1059 2156 1177 2191 seatur,
1191 2159 1219 2185 et
1236 2153 1272 2185 acl
1295 2154 1364 2186 eius
1378 2155 1474 2187 vitam
1495 2158 1690 2191 monasterio
1700 2159 1812 2194 huius-

1058 2200 1145 2233 modi
1170 2212 1307 2245 praeesse
1329 2204 1429 2247 possit
1443 2210 1473 2237 et
1493 2210 1653 2240 teneatur.

1101 2250 1115 2293 g
1131 2250 1160 2283 6.
1173 2250 1386 2286 Decernentes
1394 2252 1439 2287 sic
1455 2265 1743 2301 perqnoscumque
1761 2259 1809 2293 iu-

1058 2298 1155 2333 dices,
1179 2300 1273 2333 etiam
1300 2312 1471 2335 causarum
1499 2303 1610 2336 Palatii
1636 2306 1809 2350 Apostolici

1058 2347 1218 2381 auditores
1246 2356 1275 2382 et
1295 2350 1326 2383 S.
1350 2351 1385 2383 R.
1409 2351 1443 2384 E.
1467 2353 1658 2394 cardinales,
1685 2356 1809 2391 sublata

1057 2397 1102 2430 cis
1118 2398 1226 2441 quavis
1244 2399 1335 2432 aliter
1351 2399 1512 2434 iudicandi
1529 2407 1558 2435 et
1579 2402 1808 2447 interpretandi

1058 2447 1205 2479 facultate
1226 2453 1255 2480 ct
1275 2449 1482 2489 auctoritate,
1505 2452 1701 2493 sententiari,
1724 2454 1808 2488 iusti-

1057 2495 1135 2533 cari,
1157 2496 1260 2530 dtjfcidi
1282 2504 1311 2530 et
1326 2498 1456 2532 diffiniri
1473 2500 1602 2536 debere,
1625 2512 1750 2536 necnon
1767 2503 1809 2536 ir-

1057 2544 1153 2578 ritum
1175 2551 1204 2578 et
1224 2545 1319 2580 inane
1348 2548 1505 2593 quidquid
1527 2561 1617 2583 secus
1642 2561 1740 2595 super
1757 2552 1807 2586 his

264 2589 382 2623 sentes,
396 2583 539 2617 eiusdem
560 2584 705 2618 Clarinae
725 2585 901 2621 abbatissae
913 2588 944 2621 in
955 2589 1014 2622 hac
1056 2604 1073 2626 a
1089 2605 1266 2638 qumquam,
1277 2596 1387 2640 quavis
1400 2597 1601 2637 auctoritate,
1612 2599 1749 2632 scienter
1758 2602 1807 2635 vcl

265 2637 354 2677 parte
373 2633 663 2678 supplicationibus
681 2634 834 2676 inclinati,
854 2636 878 2669 si
899 2637 937 2670 ad
953 2638 1014 2670 hoc
1055 2642 1240 2685 ignoranter
1259 2645 1429 2688 contigerit
1447 2646 1605 2683 attentari,

344 2685 417 2716 Ball.
441 2685 515 2715 Rom.
543 2686 598 2717 vol.
624 2686 667 2716 vl.
861 2689 893 2720 17

1856 265 1905 292 An.
1926 266 1954 292 C.
1971 269 1991 291 ε·
2006 261 2063 292 :s

1892 1084 2023 1106 Abbattssam

1841 1118 1963 1140 perpetuant
1983 1116 2023 1136 eti-

1840 1146 1928 1171 gendum
1948 1146 2023 1171 firman

1836 2281 1871 2303 Sic
1885 2288 1898 2303 ι
1921 2282 2008 2310 quibua-

1823 2318 1911 2339 cumquo
1944 2319 2007 2340 prae·

1823 2345 1874 2372 etpit
1888 2344 2006 2366 observari.
