2227 3001
67 275 114 303 Αιι.
133 274 159 301 C.
182 272 242 299 1351

85 2162 211 2187 bechi-into,
223 2162 256 2188 (de

73 2201 114 2225 'ua
122 2194 144 2214 in
154 2193 255 2220 rubrica).

916 271 1018 294 IULIUS
1038 271 1071 295 111
1092 272 1138 295 PP.

260 321 330 354 aliis
358 317 520 365 personis,
548 332 753 366 quacumque
795 323 946 366 dignitate
981 329 1009 357 ct

260 375 448 408 auctoritate
469 375 686 418 fungentibus,
705 386 744 409 ne
765 376 889 420 aliquas
904 389 1011 411 mora-

261 429 376 469 torias,
412 428 580 462 dilationes
617 434 672 462 aut
700 431 799 464 salvos
833 432 1012 465 conductus

261 492 317 515 seu
337 481 595 524 significationes,
611 484 659 515 vel
677 484 788 527 quovis
803 485 866 518 alio
882 485 1012 518 nomine

261 540 462 578 nuncupatas
502 536 638 578 gratias,
671 538 860 578 concedere,
899 538 1011 581 quovis

262 593 426 631 praetextu
450 589 498 621 vel
523 589 704 630 occasione,
727 590 876 630 audeant,
899 596 929 623 et
953 591 1012 623 sub

262 643 603 676 excommunicationis
615 644 695 677 latae
709 645 882 678 sententiae
895 655 1008 689 poena,

262 696 536 740 praeceperimus3
576 708 686 729 verum
718 698 804 741 quod
843 708 1011 731 carcerum

261 749 438 784 visitatores
468 750 704 784 miserabilibus
734 751 878 795 personis
903 762 1011 784 carce-

262 803 339 837 ratis
354 804 527 845 dumtaxat,
547 805 571 838 si
592 805 637 838 eis
657 816 693 838 ex
709 806 862 839 relatione
884 805 1009 845 iudicis,

262 857 301 890 ad
321 857 412 890 cuius
443 857 624 891 instantiam
655 864 836 892 carceratae
864 859 1009 895 suerunt,

262 910 328 944 suis
361 911 575 945 creditoribus
609 912 789 945 satisfacere
823 922 886 944 nou
920 922 1011 955 posse

262 964 455 1005 constiterit,
489 971 658 1010 postquam
689 975 851 998 carcerem
877 976 934 1008 per
957 965 1012 997 ali-

261 1018 508 1062 quod'snotabile
528 1020 684 1063 temporis
700 1019 837 1063 spatium
855 1018 1012 1051 sustinue-

261 1071 336 1112 rint,
360 1072 500 1116 aliquam
522 1074 719 1106 moderatam
746 1072 931 1105 dilationem
957 1083 1012 1105 eo—

263 1136 334 1158 rum
356 1126 501 1168 arbitrio,
524 1127 583 1160 sub
604 1127 752 1160 cautione
772 1126 811 1159 de
833 1137 865 1159 se
885 1137 1013 1169 reprae—

263 1180 416 1213 sentando
442 1185 472 1213 et
497 1191 560 1212 non
582 1180 659 1212 alias
679 1179 856 1212 concedere
878 1178 1010 1222 possint,

263 1233 477 1275 voluerimus,
504 1238 601 1278 prout
625 1234 657 1266 in
681 1239 771 1266 motu
800 1232 932 1276 proprio
957 1233 1011 1265 dc-

264 1298 372 1330 super,
395 1297 493 1319 manu
514 1292 621 1320 nostra
641 1286 763 1329 signato
782 1285 886 1329 primo
908 1290 937 1318 et
957 1286 1012 1318 dc-

265 1341 338 1374 inde
358 1341 520 1381 innovato,
542 1341 636 1374 latius
657 1340 850 1374 continetur.
866 1340 1014 1383 litquan-

267 1395 385 1439 doque,
408 1401 443 1428 ut
463 1395 659 1440 accepimus,
686 1394 819 1439 praefati
839 1393 1014 1426 visitatort‘s

264 1448 440 1489 dilationes,
462 1460 519 1493 per
538 1459 593 1482 eos
617 1448 788 1482 carceratis
817 1446 1013 1491 pauperibus

264 1502 450 1535 huiusmodi
470 1513 649 1541 concessas,
672 1501 766 1534 etiam
788 1501 917 1533 illorum
938 1500 1014 1532 fidi·-

264 1555 442 1588 iussoribus
462 1555 637 1597 suffragare
662 1554 778 1587 debere
803 1553 1011 1590 decreverint,

266 1609 353 1653 quod
377 1608 507 1652 quidem
531 1608 620 1641 valde
645 1607 822 1640 absurdum
848 1612 878 1639 et
902 1607 1013 1639 incon-

266 1663 397 1696 veniens
420 1662 556 1703 videtur,
583 1673 658 1696 cum
684 1672 748 1694 non
768 1661 808 1694 ob
829 1660 915 1693 aliud
937 1660 1014 1693 fido-

267 1718 407 1751 iussores
426 1717 637 1761 accipiantur,
660 1716 720 1749 nisi
732 1721 775 1756 ut,
788 1715 813 1748 si
829 1715 1016 1759 principalis

267 1772 391 1806 debitor
405 1777 549 1815 tempore
562 1776 716 1804 convento
729 1770 849 1803 solvere
866 1778 1014 1813 nequeat,

268 1826 313 1859 illi
326 1826 517 1870 persolvant,
532 1823 836 1867 convei'iientiusque
853 1823 889 1856 sit
908 1828 941 1855 ut
957 1823 1014 1862 illi,

267 1879 322 1923 qui
343 1889 402 1924 pro
418 1878 560 1911 debitore
577 1878 807 1922 promiserunt,
822 1888 894 1909 eum
908 1887 1018 1920 expet·-

267 1938 345 1974 tent‚
368 1944 464 1976 quam
486 1931 637 1972 creditor,
660 1931 714 1974 qui
731 1931 874 1975 ipsorum
892 1930 988 1963 fideiu
1002 1942 1018 1953 ·-

268 1997 378 2019 sorum
404 1986 499 2018 fidem
525 1990 572 2019 est
596 1990 737 2024 secutus,
766 1984 858 2017 aliter
882 1983 1016 2016 debitori

268 2049 334 2072 non
354 2039 547 2072 crediturus.

314 2093 329 2136 ᾖ
349 2093 380 2125 l.
395 2092 517 2125 Idcirco
530 2103 600 2132 nos,
623 2096 711 2124 motu
724 2090 819 2123 simili
835 2095 865 2123 et
881 2101 916 2123 ex
934 2096 1018 2122 cert-i

270 2153 378 2180 nostra
399 2146 530 2179 scientia
546 2157 581 2179 ac
595 2146 632 2178 de
644 2145 837 2189 apostolicae
858 2145 1019 2188 potestatssz

272 2199 491 2244 plenitudine,
524 2205 646 2232 motum
676 2198 844 2242 proprium
875 2203 1018 2230 nostruin

272 2253 473 2298 praedictum
493 2253 619 2293 iterum,
638 2252 662 2285 si
679 2263 760 2296 opus
776 2252 823 2291 sit,
841 2251 1019 2283 inncwando

273 2308 383 2352 illique
404 2307 561 2347 addendo,
574 2307 749 2351 apostolica
765 2305 952 2339 auctoritate
965 2305 990 2338 ci
1001 2318 1021 2329 ÷-

274 2362 345 2396 dem
366 2360 579 2394 visitatoribus
600 2371 781 2400 carcerum,
800 2364 834 2391 ut
854 2359 1021 2392 dilationes

273 2415 459 2450 huiusmodi
484 2426 547 2448 non
574 2415 633 2447 nisi
654 2413 825 2448 carceratis
845 2414 1019 2451 duintaxffi,

274 2481 311 2503 ac
323 2470 418 2503 modo
430 2476 459 2502 et
475 2470 576 2502 forma
593 2468 774 2512 praemissis
790 2468 930 2508 servatis,
949 2478 985 2500 cc
1002 2480 1022 2499 :-

275 2524 400 2565 cedant‚
427 2534 532 2567 neque
557 2523 626 2556 illas
651 2524 758 2565 aliquo
784 2522 879 2555 modo
905 2522 944 2554 ad
970 2534 1021 2553 eo-

274 2574 422 2606 rumdem
440 2578 678 2606 carceratorum
696 2573 898 2605 fideiussores
915 2576 1022 2604 exten-

276 2623 361 2663 dant,
385 2628 439 2655 aut
460 2622 521 2655 illis
541 2622 708 2665 suffragari
729 2621 839 2664 quovis
862 2621 956 2653 niodo
973 2620 1023 2651 ili-—

276 2677 418 2709 cernant.
448 2671 662 2715 praecipimus
684 2676 708 2702 ct
735 2670 933 2703 iiuiazilninus.

1692 265 1755 297 443

1097 326 1111 368 g
1131 326 1160 358 2.
1185 326 1221 358 Et
1240 325 1265 358 si
1286 325 1392 370 aliqua
1412 325 1539 359 decreta
1560 337 1617 369 per
1637 337 1692 360 eos
1708 328 1739 360 in
1756 329 1801 361 sa-

1053 390 1158 412 vorem
1168 378 1425 423 aliquorum‚qui
1437 379 1590 412 carcerati
1601 390 1664 412 non
1675 380 1801 421 suerint,

1053 444 1108 465 seu
1134 432 1229 465 etiam
1254 438 1505 472 carceratorum,
1534 438 1645 465 contra
1666 433 1801 466 sormam

1054 485 1261 529 praedictam,
1285 492 1339 519 aut
1359 497 1471 519 eorum
1493 485 1730 527 fideiussorum,
1747 493 1803 520 aut

1053 540 1180 583 quosvis
1200 539 1289 580 alios,
1313 545 1440 584 praeter
1459 544 1489 572 et
1516 545 1627 572 contra
1652 539 1802 574 intentio-

1053 604 1126 626 nem
1148 598 1300 633 nostram,
1322 593 1389 626 fieri
1408 594 1515 626 forsan
1538 593 1718 636 contigerit,
1751 594 1803 627 illa

1053 648 1161 685 nulla,
1189 646 1323 679 invalida
1350 653 1379 679 ct
1404 647 1492 679 irrita
1517 658 1605 687 esse,
1633 652 1663 680 et
1682 648 1802 681 nemini

1054 699 1221 742 suffragari
1242 700 1370 733 debere.

1098 754 1112 797 ξ
1127 753 1158 786 3.
1178 755 1220 786 Ac
1234 753 1371 786 illisnon
1388 754 1587 787 obstantibus
1607 755 1661 788 sed
1677 755 1804 799 penitus

1053 806 1190 847 reiectis,
1204 807 1355 840 dilectum
1374 808 1475 840 tilium
1488 814 1633 841 nostrum
1651 815 1681 842 et
1700 809 1804 842 Curiae

1054 871 1225 893 causarum
1241 860 1392 894 Gamerae
1408 861 1609 904 Apostolicae
1621 863 1804 905 generalem

1053 913 1233 946 auditorem
1254 919 1282 946 et
1303 915 1383 947 alios
1407 915 1568 948 Romanae
1589 914 1703 949 Curiae
1723 915 1805 949 iudi-

1054 978 1117 1007 ces,
1141 967 1179 999 ad
1200 968 1421 1001 executionem
1448 974 1559 1001 contra
1580 980 1646 1009 eos,
1669 969 1700 1001 in
1721 980 1802 1013 quo—

1054 1031 1126 1052 rum
1156 1021 1293 1053 savorem
1329 1022 1409 1054 facta
1439 1022 1609 1063 extiterint,
1643 1033 1754 1056 omnes
1775 1029 1806 1056 et

1054 1073 1259 1116 siiigu105,ac
1279 1074 1303 1106 si
1320 1074 1373 1107 illa
1394 1076 1577 1109 nullatcnus
1593 1083 1803 1116 emanassent,

1054 1127 1229 1170 procedere
1251 1138 1342 1171 posse
1363 1134 1393 1160 et
1412 1128 1528 1161 debere
1550 1129 1766 1163 decernimus.

1098 1181 1162 1223 §42
1190 1181 1258 1214 Non
1288 1182 1488 1215 obstantibus
1523 1182 1805 1217 constitutionibus

1055 1240 1084 1267 et
1114 1234 1371 1267 ordinationibus
1398 1235 1594 1279 apostoliciS‚
1626 1236 1805 1280 ceterisque

1055 1287 1223 1321 contrariis
1244 1288 1516 1333 quibuscumque.

1207 1342 1326 1383 Placet,
1353 1348 1441 1376 motu
1464 1343 1607 1388 proprio.
1630 1344 1654 1376 1.

1393 1516 1466 1549 XVI.

1058 1590 1207 1624 Cim-sores
1240 1592 1350 1635 Papae
1379 1596 1408 1625 et
1433 1593 1640 1626 mandatarii
1666 1594 1809 1627 aliarum

1101 1645 1265 1678 curiarmn
1286 1647 1390 1678 ultime
1413 1645 1518 1685 Urbis,
1541 1647 1576 1679 in
1597 1647 1708 1690 quibus
1732 1658 1807 1680 cau—

1100 1700 1144 1731 sis
1163 1700 1274 1739 citare,
1302 1700 1458 1733 intimare
1477 1704 1533 1733 etc.
1554 1701 1682 1744 possint
1702 1702 1729 1733 ¹.

1147 1780 1231 1808 lulius
1254 1779 1325 1816 Papa
1347 1782 1391 1813 111,
1413 1782 1492 1809 motu
1515 1781 1635 1817 proprio.
1660 1783 1715 1810 ete.

1102 1851 1181 1884 Cum
1198 1862 1233 1884 ea
1250 1852 1376 1885 firmius
1396 1852 1517 1885 illibata
1537 1853 1718 1896 persistant,
1737 1865 1810 1898 quae

1059 1905 1269 1947 frequentiori
1291 1911 1364 1938 sunt
1380 1907 1558 1950 apostolico
1574 1906 1734 1950 praesidio
1751 1918 1810 1951 pro

1060 1963 1204 2000 tempore
1225 1959 1373 1992 stabilita.

1104 2012 1118 2055 ἓ
1140 2012 1170 2044 l.
1199 2012 1262 2046 Nos
1287 2013 1427 2056 singulas
1454 2014 1668 2057 praeinsertas
1695 2025 1731 2048 ae
1758 2015 1811 2047 dc-

1061 2075 1158 2109 super
1178 2066 1351 2110 respective
1373 2068 1534 2100 consectas
1549 2073 1579 2100 et
1595 2067 1812 2101 conficiendas

1061 2119 1179 2160 literas,
1207 2130 1254 2160 ac,
1274 2126 1369 2163 prout
1384 2120 1453 2152 illas
1469 2127 1680 2162 concernunt,
1704 2122 1812 2154 omnia

1061 2179 1092 2206 et
1119 2173 1243 2215 singula
1268 2173 1300 2206 in
1321 2173 1365 2206 eis
1385 2179 1534 2207 contenta
1555 2179 1584 2207 et
1605 2174 1677 2207 inde
1703 2181 1812 2208 secuta

1062 2238 1308 2270 quaecumque,
1344 2238 1381 2260 ex
1411 2233 1496 2260 certa
1525 2228 1656 2261 scientia
1689 2234 1809 2269 nostra,

1062 2280 1249 2313 auctoritate
1261 2281 1446 2324 apostolica,
1459 2287 1569 2315 tenore
1582 2282 1811 2325 praesentium,

1063 2345 1137 2367 cum
1158 2341 1352 2378 opportuna,
1371 2334 1395 2368 si
1411 2346 1491 2379 opus
1508 2336 1558 2376 sit,
1581 2335 1661 2369 iuris
1681 2341 1711 2369 et
1726 2336 1810 2376 sacti,

1101 2409 1109 2433 1
1131 2407 1168 2433 Ad
1194 2407 1241 2433 lioc
1266 2406 1347 2434 babes
1375 2407 1513 2434 -xlexaiidri
1538 2409 1571 2434 Vl
1599 2413 1625 2435 et
1655 2408 1709 2435 lulii
1731 2409 1752 2434 ll
1789 2412 1814 2434 et

1064 2452 1205 2479 Clementis
1223 2453 1268 2478 x'tl
1284 2457 1485 2480 constitutiones
1497 2453 1593 2480 relatas
1605 2462 1685 2489 supra
1703 2455 1726 2480 in
1743 2453 1815 2480 eius-

1064 2498 1124 2524 dem
1144 2498 1284 2524 Cli—mentis
1308 2500 1495 2525 constitutione
1521 2507 1628 2530 xxviii,
1648 2501 1813 2531 Accepimus,

1065 2550 1122 2577 pag.
1148 2544 1206 2575 ¹¹9;
1219 2547 1243 2569 et
1255 2543 1326 2577 quod
1340 2543 1492 2570 mandatarii
1510 2544 1611 2578 possint
1623 2544 1703 2570 citare
1716 2545 1739 2570 in
1752 2552 1815 2570 cau-

1064 2596 1098 2613 sis
1119 2587 1280 2622 Capitolinis,
1299 2588 1416 2623 exceptis
1434 2597 1479 2623 per
1491 2589 1693 2614 commissiones
1708 2595 1722 2614 a
1740 2588 1814 2621 prin-

1043 2656 1047 2676 ι
1066 2632 1132 2667 cipio
1142 2633 1166 2659 in
1178 2633 1220 2659 illo
1231 2632 1286 2660 soro
1298 2634 1452 2663 coniiiiissIs,
1462 2634 1573 2660 declarat
1586 2636 1713 2660 statutum
1726 2632 1815 2667 Urbis,

1042 2680 1124 2719 ἕως).
1146 2678 1175 2704 51
1196 2678 1220 2704 in
1242 2678 1327 2705 novis.

1817 277 1865 302 An.
1881 277 1909 301 (Ζ.
1930 274 1997 302 ίὸὗί

1832 340 1951 361 Annunuuo
1967 342 2002 361 ult*

1819 375 1850 392 ter
1866 375 1979 397 gestorum.

1832 767 1944 795 Depuiatso
1957 773 2005 788 ue-

1820 803 1923 821 culorum.

1841 1197 1952 1219 Clausulas
1969 1200 1992 1218 cte
2000 1212 2005 1213 γ

1821 1230 1949 1256 rogaturi-o.

1856 1864 1974 1886 Exordium.

1877 2030 2009 2051 Conni-mano

1827 2064 1895 2081 const..
1928 2061 2009 2082 indii-a<

1827 2096 1893 2114 tarum
1913 2093 1934 2114 lu
1951 2095 2007 2113 uetu-
