2227 3001
174 281 221 308 An.
244 282 273 309 C.
289 283 355 311 ¹540

209 550 352 573 rit-terendam

169 582 258 603 officium
294 584 353 604 durat

169 615 210 633 vita
222 614 319 638 durante,
332 618 352 635 et

169 646 236 671 primo
267 646 351 665 adm-stt

169 674 323 701 praeferuntur.

187 1083 298 1104 Decretum
318 1085 349 1105 ir-

163 1115 237 1135 rit-nu.

177 1664 304 1685 notensores
315 1670 347 1685 re-

162 1695 338 1717 {mendatiorum-

413 274 477 306 2296

369 334 535 375 tinuerint‚
554 340 609 367 aut
630 334 715 366 illam
737 333 881 366 nondum
897 332 1034 365 assecuti
1054 333 1122 365 fue-

369 388 444 429 rint,
475 389 603 432 plenam
625 393 655 421 et.
675 387 809 419 liberam
837 386 1020 419 facultatem
1045 397 1123 419 con-

368 441 526 474 cedimus.

412 494 427 537 ἓ
448 494 500 527 21.
538 494 751 526 Decernentes
777 492 875 524 semel
896 491 1071 524 admissum
1093 498 1121 525 et

367 553 534 590 receptum
550 546 581 578 in
593 545 858 584 referendarium,
870 544 1027 577 hactenus
1047 545 1121 577 etin

369 600 530 638 futurum,
553 609 680 641 semper
700 598 953 630 referendarium
975 597 1119 635 existere,

367 663 402 685 ac
430 652 498 684 eius
518 651 661 684 officium
683 651 789 694 quoad
809 650 919 683 vixerit
940 650 1068 690 durare,
1092 656 1119 683 et

366 704 538 748 privilegiis
558 704 628 736 aliis
644 703 870 736 referendariis
886 703 1045 736 concessis
1063 715 1120 747 pro

364 762 509 801 tempore
544 757 705 799 gaudere,
736 762 766 789 et
800 756 882 789 inter
911 756 982 789 illos
1016 757 1120 800 primo

364 810 637 853 quandocumque
675 809 851 842 admissum
891 810 1017 849 ceteris,
1045 821 1121 853 qua-

364 874 516 906 cumque,
544 863 639 895 etiam
661 861 848 905 pontificali,
878 862 1029 905 dignitate
1051 864 1120 895 fun-

363 917 523 959 gentibus,
542 916 574 948 in
594 916 699 949 officio
715 916 986 948 referendariatus
1011 916 1120 949 liuius-

364 969 451 1003 modi
473 969 641 1013 praeferri.

408 1023 422 1066 ἓ
449 1023 502 1056 2⁵2.
526 1023 655 1066 Sicque,
679 1033 737 1065 pro
772 1023 1024 1066 praemissorum
1052 1034 1119 1056 om-

363 1074 453 1108 nium
477 1075 649 1115 validitate,
672 1075 814 1108 essicacia
834 1080 864 1108 et
883 1075 1116 1115 observatione,

362 1140 421 1172 per
440 1140 664 1172 quoscumque
682 1129 804 1161 iudices
820 1134 851 1162 ct
866 1129 1115 1169 commissarios,

362 1182 457 1216 etiarn
479 1192 651 1215 causarum
672 1182 784 1214 Palatii
812 1181 998 1215 huiusmodi
1025 1183 1117 1215 audi-

362 1241 459 1275 tores,
483 1235 607 1269 sublata
627 1235 672 1268 eis
693 1241 723 1268 et
750 1245 863 1268 eorum
885 1235 1014 1267 cuilibet
1043 1247 1119 1279 qua-

360 1289 404 1322 vis
429 1289 520 1321 aliter
531 1288 760 1327 sententiandi,
783 1287 946 1320 iudicandi
973 1293 1001 1320 et
1022 1288 1119 1321 inter—

362 1342 508 1386 pretandi
538 1342 709 1381 facultate,
741 1340 937 1381 sententiari,
968 1341 1115 1381 iudicari,

362 1394 567 1438 interpretari
588 1400 617 1427 et
633 1394 760 1427 definiri
776 1394 905 1429 debere.
930 1404 1057 1427 necnon
1074 1394 1117 1427 ir-

361 1449 459 1481 ritum
480 1454 510 1481 et
530 1448 624 1481 inane
635 1447 791 1492 quicquid
801 1448 941 1490 desuper
953 1458 1009 1490 per
1025 1459 1118 1491 quos-

361 1512 514 1545 cumque,
537 1501 647 1543 quavis
667 1499 856 1533 auctoritate
870 1526 877 1539 ,
904 1500 1042 1533 scienter
1070 1501 1118 1534 vel

362 1554 558 1596 ignoranter,
582 1552 752 1595 contigerit
770 1552 931 1585 attentari.

407 1607 421 1649 ἓ,
443 1606 496 1639 23.
527 1606 685 1645 Quocirca
708 1605 945 1638 venerabilibus
967 1606 1120 1639 fratribus

362 1660 478 1693 nostris
490 1659 734 1702 archiepiscopo
745 1659 913 1702 Sipontino
926 1664 956 1691 et
967 1659 1118 1703 episcopo

362 1714 528 1754 Nuscano,
552 1724 588 1746 ac
610 1713 726 1746 dilecto
753 1713 819 1745 silio
840 1712 957 1746 vicario
991 1724 1119 1746 venera-

362 1767 434 1800 bilis
455 1767 560 1800 fratris
580 1766 680 1800 nostri
706 1766 941 1810 archiepiscopi
969 1767 1118 1799 Mediola-

363 1820 469 1853 nensis
497 1820 529 1852 in
556 1820 777 1864 spiritualibus
811 1819 973 1862 generali,
1008 1825 1119 1853 tenore

365 1873 581 1917 praesentium
610 1873 843 1906 committimus
868 1878 898 1906 et
928 1874 1120 1906 mandamus

363 1932 523 1970 quatenus
548 1926 606 1971 ipsi
638 1927 685 1959 vel
713 1926 776 1958 duo
798 1931 850 1958 aut
873 1937 958 1959 unus
991 1937 1117 1964 eorum,

364 1991 422 2024 per
441 1991 474 2013 se
493 1981 541 2013 vel
570 1980 670 2012 alium
692 1990 747 2012 seu
769 1979 860 2019 alios,
885 1986 1070 2022 praesentes
1086 1980 1121 2012 li-

364 2039 447 2066 teras
467 2039 495 2066 et
517 2033 548 2065 in
570 2032 614 2065 eis
635 2038 784 2065 contenta
804 2043 1043 2076 quaecumque,
1066 2034 1120 2066 ubi

365 2093 395 2120 et
432 2087 561 2130 quaudo
591 2097 672 2129 opus
702 2087 799 2118 fuerit
835 2097 871 2119 ac
901 2086 1026 2129 quoties
1062 2098 1120 2130 pro

365 2145 454 2183 parte
483 2140 777 2173 referendariorum
806 2144 836 2172 et
855 2140 994 2172 aliorum
1022 2140 1120 2173 infra-

365 2193 560 2236 scriptorum
581 2194 821 2237 praedictorum
843 2193 983 2236 desuper
1003 2194 1119 2226 fuerint

365 2245 531 2289 requisiti,
555 2246 742 2279 solemniter
769 2246 989 2290 publicantes,
1012 2246 1121 2290 eisque

366 2298 398 2330 in
427 2298 611 2341 praemissis
647 2299 785 2332 efficacis
810 2299 1005 2332 defensionis
1033 2311 1121 2343 prae-

366 2349 446 2384 sidio
462 2351 655 2390 assistentes,
672 2352 785 2384 faciant
804 2352 992 2385 auctoritate
1015 2358 1121 2386 nostra

368 2409 551 2448 praesentes
570 2405 678 2437 literas
698 2410 727 2436 et
748 2404 778 2437 in
796 2405 840 2438 eis
856 2411 1007 2438 contenta
1026 2417 1122 2450 quae-

368 2468 508 2502 cumque
529 2457 665 2491 firmiter
689 2458 871 2498 observari,
899 2470 936 2491 ac
963 2470 1022 2504 per
1042 2461 1121 2494 refe—

369 2506 534 2539 rendarios
567 2511 598 2539 et
630 2506 710 2539 alios
743 2507 962 2550 infrascriptos
995 2519 1119 2541 necnon

367 2555 511 2598 singulos
540 2554 630 2593 alios,
653 2566 735 2598 quos
764 2555 850 2598 ipsae
884 2562 1068 2598 praesentes
1088 2557 1121 2589 li—

368 2609 454 2637 terae
475 2609 693 2644 concernunt,
724 2604 785 2636 illis
813 2605 963 2637 omnibus
988 2605 1121 2649 pacifice

368 2652 508 2697 gaudere
522 2679 530 2695 ,
553 2663 590 2686 ac
610 2653 745 2703 fructus,
768 2653 912 2687 redditus
932 2660 962 2687 et
986 2665 1122 2697 proven-

1056 280 1233 304 BULLMUUM
1260 280 1411 304 nsmANUM

1168 338 1218 364 tus
1228 331 1409 375 praedictos
1430 331 1548 364 eisdem
1565 330 1791 363 referendariis
1807 334 1837 363 et
1851 330 1920 363 aliis

1166 384 1388 427 infrascriptis,
1406 384 1491 416 iuxta
1501 384 1686 417 huiusmodi
1702 388 1829 416 nostrae
1845 394 1920 416 con-

1167 437 1319 470 cessionis
1339 437 1377 470 de
1397 437 1459 470 illis
1478 437 1510 470 in
1535 437 1676 470 absentia
1705 436 1921 480 percipiendis

1166 489 1397 523 continentiam
1424 495 1453 522 et
1484 495 1650 530 tenorem,
1677 490 1799 532 integre
1824 489 1920 522 mini-

1166 543 1271 576 strari.
1294 543 1364 576 Non
1384 543 1605 586 permittentes
1625 554 1679 576 eos
1692 554 1749 586 per
1759 542 1918 586 archiepi-

1164 608 1290 639 scopos,
1316 596 1496 640 episcopos,
1524 597 1701 639 praelatos,
1720 596 1917 635 ordinarios,

1164 649 1309 689 vicarios,
1346 649 1511 689 officiales,
1537 650 1767 689 locatenentes,
1796 650 1920 684 iudices

1164 707 1194 736 et
1224 709 1387 736 exactores
1415 703 1573 746 praefatos
1607 713 1643 736 ac
1668 703 1800 736 dilectos
1836 703 1920 736 filios

1164 756 1374 789 ecclesiarum
1411 755 1649 799 praedictarum
1685 755 1824 799 capitula
1862 766 1918 788 seu

1163 820 1388 852 quoscumque
1417 809 1516 848 alios,
1546 819 1753 852 quacumque
1778 808 1919 841 auctori-

1163 868 1225 895 tate
1246 863 1426 904 fungentes,
1450 867 1561 895 contra
1586 861 1762 906 praemissa
1794 862 1843 894 vel
1863 872 1919 894 eo-

1162 928 1235 949 rum
1273 916 1402 958 aliquod
1441 920 1496 948 aut
1531 915 1748 958 praesentium
1773 920 1919 948 tenorem

1161 969 1405 1013 quomodolibet
1431 968 1613 1007 molestari,
1636 967 1821 1011 inquietari,
1843 979 1919 1012 per-

1162 1023 1284 1055 turbari
1305 1028 1359 1055 aut
1379 1022 1418 1054 ad
1440 1021 1646 1054 residendum
1663 1021 1695 1053 in
1715 1021 1834 1054 eisdem
1865 1032 1918 1055 ec-

1162 1075 1267 1108 clesiis
1305 1075 1367 1108 sive
1397 1075 1476 1107 locis
1504 1074 1668 1117 compelli.
1701 1073 1919 1107 Contradicto-

1162 1139 1223 1167 res,
1247 1129 1467 1161 molestatores
1483 1126 1643 1170 quoslibet
1659 1130 1688 1159 et
1709 1126 1846 1160 rebelles
1861 1138 1920 1171 per

1161 1191 1314 1214 censuras
1329 1186 1385 1213 etc.
1409 1180 1477 1213 Non
1498 1179 1699 1213 obstantibus
1726 1184 1782 1212 etc.

1205 1235 1219 1277 g
1240 1234 1293 1267 24.
1315 1234 1472 1266 Volumus
1492 1238 1600 1266 autem
1621 1233 1708 1276 quod
1724 1232 1918 1276 incompati-

1160 1287 1235 1319 bilia
1256 1286 1433 1320 saecularia
1454 1292 1485 1319 et.
1506 1286 1564 1319 sub
1585 1286 1705 1319 eisdem
1725 1285 1816 1319 tectis
1840 1297 1917 1320 con-

1161 1340 1314 1376 sistentia,
1338 1351 1374 1373 ac
1394 1351 1503 1373 sacros
1523 1339 1652 1373 ordines
1672 1340 1870 1383 requirentia
1889 1345 1919 1374 et

1161 1393 1222 1426 alia
1238 1393 1415 1426 saecularia
1435 1404 1562 1426 necnon
1584 1393 1745 1435 regularia
1760 1393 1919 1427 beneficia

1162 1447 1370 1486 huiusmodi,
1401 1447 1515 1480 debitis
1544 1452 1717 1491 propterea
1744 1458 1809 1480 non
1832 1448 1919 1481 frau-

1161 1501 1279 1532 dentur
1291 1500 1466 1543 obsequiis,
1483 1505 1513 1532 et.
1528 1499 1711 1532 animarum
1723 1511 1801 1533 cura
1812 1499 1844 1533 in
1860 1501 1916 1541 eis,

1162 1553 1282 1596 quibus
1298 1553 1352 1586 illa
1368 1552 1560 1593 imminebit,
1574 1553 1760 1586 nullatenus
1776 1554 1918 1597 negliga-

1162 1612 1226 1646 tur,
1245 1607 1299 1639 sed
1316 1607 1348 1639 in
1364 1606 1419 1643 eis,
1436 1617 1576 1650 quorum
1594 1606 1718 1639 fructus
1732 1607 1920 1641 huiusmodi

1163 1660 1248 1703 ipsos
1284 1659 1521 1692 referendarios
1540 1664 1570 1692 et
1594 1659 1674 1692 alios
1698 1660 1921 1705 infrascriptos

1163 1713 1194 1745 in
1210 1713 1353 1746 absentia
1370 1713 1539 1757 percipere
1556 1713 1768 1756 contingeret,
1789 1725 1847 1758 per
1862 1715 1920 1748 bo-

1162 1777 1220 1799 nos
1241 1772 1271 1799 et
1291 1767 1488 1800 sufficientes
1506 1767 1654 1807 vicarios,
1673 1767 1791 1811 quibus
1811 1768 1850 1801 de
1871 1767 1920 1812 ip—

1163 1830 1274 1852 sorum
1302 1819 1538 1852 beneficiorum
1572 1820 1781 1864 proventibus
1809 1831 1921 1854 neces-

1164 1872 1246 1905 saria
1275 1883 1418 1915 congrue
1440 1872 1674 1913 ministrentur,
1697 1878 1729 1906 et
1753 1873 1923 1917 diligenter

1164 1931 1361 1966 exerceatur,
1378 1933 1405 1959 et
1423 1926 1615 1959 inserviatur
1628 1926 1706 1958 inihi
1719 1926 1923 1960 laudabiliter

1164 1979 1195 2012 in
1230 1979 1359 2019 divinis,
1397 1991 1434 2013 ac
1468 1980 1527 2012 sub
1561 1980 1681 2012 eisdem
1716 1980 1808 2013 tectis
1842 1992 1921 2014 con-

1164 2033 1344 2066 sistentium
1374 2038 1528 2066 consueta
1555 2038 1585 2065 et
1614 2033 1776 2075 regularia
1796 2034 1919 2068 benesi-

1164 2085 1290 2119 ciorum
1301 2085 1540 2129 praedictorum
1560 2087 1719 2119 antedicta
1731 2097 1831 2120 onera
1846 2098 1921 2120 con-

1163 2149 1242 2181 grue
1264 2144 1509 2183 supportentur.
1527 2141 1570 2172 Ac
1588 2140 1674 2182 quod
1696 2140 1756 2184 ipsi
1778 2141 1920 2174 referen-

1165 2192 1245 2224 darii
1280 2197 1311 2226 et
1354 2192 1407 2225 alii
1448 2192 1656 2237 infrascripti,
1683 2193 1765 2226 infra
1798 2194 1920 2228 dictum

1165 2256 1299 2287 annum,
1320 2247 1384 2279 duo
1405 2257 1441 2278 ex
1462 2245 1564 2279 tribus
1581 2247 1774 2290 praebendis
1798 2253 1854 2281 aut
1872 2254 1919 2282 to-

1164 2299 1262 2332 tidem
1283 2300 1502 2342 dignitatibus,
1525 2301 1762 2344 personatibus,
1785 2302 1921 2335 admini-

1165 2353 1372 2386 strationibus
1391 2353 1439 2387 vel
1460 2353 1574 2387 officiis
1594 2355 1653 2387 sub
1678 2354 1799 2388 eisdem
1828 2356 1921 2390 tectis

1165 2407 1425 2446 consistentibus,
1447 2418 1530 2452 quae
1551 2408 1743 2449 maluerint,
1766 2419 1826 2452 pro
1850 2409 1920 2443 aliis

1163 2459 1329 2492 beneficiis
1345 2471 1419 2493 cum
1442 2461 1573 2494 retentis
1588 2462 1830 2495 canonicatibus
1845 2473 1920 2506 per-

1165 2513 1303 2548 mutare,
1321 2508 1465 2551 alioquin
1482 2509 1536 2542 illa
1553 2510 1629 2550 duo,
1648 2522 1730 2554 quae
1746 2512 1852 2555 primo
1868 2522 1918 2545 as-

1166 2557 1265 2589 secuti
1286 2557 1417 2597 fuerint,
1440 2559 1674 2598 extunc,dicto
1695 2570 1779 2592 anno
1795 2560 1916 2604 elapso.

1165 2615 1275 2638 vacare
1296 2605 1511 2646 decernimus,
1535 2608 1695 2641 dimittere
1720 2608 1851 2642 omnino
1872 2613 1918 2641 te-

1165 2658 1313 2687 neantur.

1936 277 1985 305 An.
2004 274 2122 305 015ᾰο

1946 1241 2066 1264 Declnrntio
2074 1243 2119 1265 clr-

1933 1280 1958 1295 ca
1981 1274 2087 1295 benefiei-
