2227 3001
224 274 274 300 An.
296 275 322 300 (ᾗ.
341 275 405 300 tuffo

231 1618 340 1645 lleputatiu
352 1624 399 1638 eun·

217 1653 320 1670 servator.
355 1656 400 1669 cunt

217 1682 290 1706 amplis
315 1681 399 1700 [vt-utra-

218 1713 280 1732 illias.

465 263 528 297 428

422 328 551 367 ditibus,
573 326 780 370 proventibus
813 331 841 357 et
877 326 1104 358 emolumentis
1137 336 1173 357 ac

422 381 513 414 bonis
534 380 706 414 mobilibus
726 384 754 412 et
776 378 1006 418 immobilibus,
1027 379 1174 422 spiritua-

421 434 505 467 libus
517 440 546 467 et
559 432 799 477 temporalibus,
810 443 846 464 ac
862 431 993 465 diversis
1005 432 1172 471 fructibus,

423 488 599 521 redditibus
611 492 638 519 et
652 485 855 529 proventibus
867 485 1090 518 ecclesiasticis
1102 486 1173 519 loco

423 541 614 585 pensionum
649 550 830 572 annuarum
850 566 856 578 ,
892 550 929 571 ac
963 539 1173 582 pensionibus

421 595 537 627 annuis
558 604 655 637 super
682 593 841 625 similibus
870 593 1045 633 fructibus,
1069 593 1173 626 reddi-

421 648 505 680 tibus
526 652 553 680 et
575 645 780 690 proventibus
806 646 865 679 sibi
890 647 1057 679 reservatis
1077 651 1105 679 et
1126 657 1174 679 as-

421 700 551 743 signatis
565 726 572 740 ,
594 710 631 732 ac
652 699 865 744 pecuniarum
893 700 1029 732 summis
1052 700 1097 732 eis
1117 701 1172 733 de-

420 754 513 794 bitis,
545 754 741 796 illarumque
776 753 877 785 libera
906 753 1113 797 perceptione
1143 759 1173 787 et

421 808 592 847 solutione,
605 819 659 840 seu
681 807 850 839 solutionis
871 807 1085 846 recusatione,
1100 818 1174 841 nec-

420 871 484 894 non
506 861 680 904 privilegiis
699 866 730 893 et
749 860 881 893 indultis
902 861 946 893 eis
972 871 1009 893 ac
1035 872 1171 904 congre-

419 914 538 957 gationi
560 913 758 954 huiusmodi,
776 920 840 947 tam
862 925 879 947 a
899 914 1052 947 Romanis
1068 915 1173 947 Ponti-

420 968 534 1001 ficibus
568 967 869 1012 praedecessoribus
903 968 1019 1001 nostris
1033 995 1040 1009 ,
1074 979 1171 1011 quam

419 1021 496 1054 alias
523 1021 582 1054 rite
616 1021 655 1054 ab
690 1021 961 1065 imperatoribus,
984 1023 1115 1065 regibus
1142 1028 1170 1055 et

418 1075 555 1108 ducibus
584 1086 621 1108 ac
655 1075 724 1108 aliis
754 1075 957 1119 principibus
991 1077 1167 1117 concessis,

418 1133 448 1161 et
468 1128 538 1161 aliis
558 1129 655 1161 rebus
675 1128 714 1161 ad
735 1139 800 1164 eos,
823 1133 859 1161 ut
878 1129 1077 1172 praefertur,
1102 1140 1171 1172 spe-

418 1182 578 1215 ctantibus
598 1183 795 1226 multiplices
816 1183 976 1215 molestias
993 1187 1020 1215 et
1038 1182 1172 1215 iniurias

418 1236 559 1269 inferunt
588 1247 624 1269 ac
650 1236 799 1269 iacturas.
833 1236 936 1275 Quare
969 1236 1171 1280 praepositus

417 1294 445 1321 et
467 1290 576 1323 clerici
604 1289 758 1333 praedicti
785 1289 878 1322 nobis
904 1289 1070 1322 humiliter
1097 1301 1170 1333 sup-

418 1342 579 1385 plicarunt
599 1348 644 1383 ut,
668 1354 741 1376 cum
763 1343 808 1376 eis
828 1343 917 1375 valde
938 1343 1091 1376 reddatur
1110 1343 1170 1375 dis-

418 1396 501 1430 ticile
517 1408 575 1441 pro
592 1397 725 1440 singulis
740 1397 881 1441 querelis
897 1397 935 1429 ad
954 1397 1168 1440 Apostolicarn

417 1449 530 1483 Sedent
565 1451 682 1484 habere
719 1461 901 1485 recursum,
925 1450 1091 1493 providere
1126 1451 1171 1483 eis

418 1516 516 1549 super
535 1505 596 1538 boc
622 1510 753 1548 paterna
778 1504 941 1547 diligentia
968 1514 1167 1536 curaremus.

461 1560 475 1603 ξ
496 1559 526 1592 2.
550 1558 611 1591 Nos
632 1557 729 1600 igitur
754 1557 904 1590 adversus
938 1561 1167 1601 occupatores,

417 1613 618 1651 detentores,
642 1616 922 1656 praesumptores,
952 1610 1171 1644 molestatores

418 1672 447 1701 et
481 1666 686 1700 iniuriatores
719 1665 905 1698 huiusmodi
942 1665 996 1697 illo
1029 1664 1171 1696 volentes

417 1719 535 1754 eisdem
558 1719 742 1763 praeposito
755 1723 783 1751 et
801 1718 925 1750 clericis
937 1717 1080 1750 remedio
1098 1717 1170 1750 sub-

417 1774 540 1814 venire,
566 1784 623 1818 per
643 1773 729 1816 quod
754 1772 899 1816 ipsorum
921 1777 1167 1815 occupatorum,

416 1825 632 1861 detentorum,
651 1827 934 1866 praesumptorum
955 1826 985 1854 et
1005 1821 1170 1853 iniuriato-

416 1889 488 1911 rum
512 1876 922 1921 compescaturtemeritas,
938 1880 966 1908 et
985 1875 1055 1908 aliis
1066 1875 1171 1907 aditus

416 1925 638 1961 committendi
660 1925 775 1958 similia
793 1925 1034 1969 praecludatur,
1053 1925 1172 1957 discre-

416 1975 495 2010 tioni
515 1981 636 2008 vestrae
664 1985 722 2018 per
740 1974 916 2018 apostolica
936 1974 1053 2017 scripta
1080 1984 1170 2005 man-
1191 1977 1193 1992 *¹

416 2026 530 2058 damus
542 2024 599 2057 uti
619 2035 672 2057 vos
693 2024 739 2057 vel
759 2024 823 2056 duo
842 2030 893 2056 aut
918 2034 1000 2056 unus
1015 2028 1168 2063 vestrum,

418 2084 475 2118 per
509 2084 563 2107 vos
591 2074 638 2106 vel
672 2073 770 2106 alium
802 2084 858 2105 seu
888 2073 985 2109 alios,
1022 2071 1116 2104 etiam
1147 2072 1170 2104 si

418 2123 479 2155 sint
499 2127 584 2155 extra
611 2123 699 2161 loca,
723 2122 754 2154 in
783 2121 900 2164 quibus
925 2120 1069 2165 deputati
1098 2120 1172 2153 estis

419 2178 657 2206 conservatores
677 2178 707 2205 et
727 2172 868 2211 iudices,
891 2171 1010 2203 eisdem
1032 2182 1170 2215 praepo-

418 2221 476 2255 sito
497 2227 525 2255 et
547 2222 671 2255 clericis
693 2221 831 2255 efficacis
858 2220 1052 2254 defensionis
1081 2231 1170 2264 prae-

418 2271 497 2304 sidio
509 2271 701 2310 assistentes,
721 2281 784 2303 non
797 2270 987 2314 permittatis
1003 2280 1057 2302 eos
1075 2281 1172 2313 super

418 2320 468 2353 bis
492 2331 528 2353 ac
556 2320 729 2364 privileg-iiis
756 2326 786 2353 et
814 2320 947 2352 indultis
978 2319 1168 2363 praedictis,

418 2380 545 2403 necnon
566 2369 761 2412 quibuslibet
789 2369 858 2402 aliis
884 2369 976 2401 bonis
996 2375 1026 2401 et
1047 2368 1172 2401 iuribus

418 2418 456 2452 ad
473 2418 601 2452 eosdem
620 2419 839 2462 praepositun‘l
857 2424 883 2451 et
909 2418 1044 2451 clericos
1068 2423 1095 2450 et
1115 2429 1172 2461 per

419 2479 473 2502 eos
502 2468 629 2501 obtenta
664 2467 836 2511 praedicta,
864 2472 894 2500 et
919 2478 1000 2511 quae
1030 2478 1084 2499 eos
1113 2478 1171 2510 pro

418 2524 563 2560 tempore
585 2516 729 2549 obtinere
751 2515 917 2558 contigerit
941 2516 1097 2549 beneficia
1122 2527 1171 2548 ee-

419 2566 619 2607 clesiastica,
647 2564 865 2598 communiter
889 2565 936 2597 vel
963 2565 1105 2603 divisim,
1138 2571 1170 2597 ut

419 2614 645 2658 praemittitur,
669 2614 898 2659 spectantibus,
922 2624 1049 2646 necnon
1070 2613 1171 2646 libera

457 2679 466 2705 t
486 2677 612 2710 Cherub„
634 2682 762 2710 quan-uus
778 2676 835 2704 loco
855 2680 883 2702 ιιι
904 2676 941 2711 (a.
963 2677 1011 2711 r).

1018 271 1194 295 BULLARIUM
1220 270 1370 294 ROMAM'M

1217 324 1422 369 perceptione
1443 324 1607 357 fructuum
1628 321 1920 357 ecclesiasticorum
1937 330 1966 358 et

1216 377 1375 409 solutione
1400 376 1594 420 pensionum
1621 387 1804 410 annuarum
1835 377 1880 410 eis
1909 388 1967 421 pro

1217 436 1360 475 tempore
1389 435 1623 463 reservatorum
1653 436 1681 464 et
1712 431 1964 474 assignatarum,

1215 495 1250 516 ac
1273 483 1486 527 pecuniarum
1508 494 1706 517 summarum
1720 490 1750 517 et
1767 495 1875 517 rerum
1891 485 1969 518 alia-

1215 548 1287 570 rum
1301 538 1345 570 eis
1361 548 1418 580 pro
1435 543 1579 581 tempore
1589 538 1782 578 debitarum,
1796 538 1835 570 ab
1846 538 1966 572 eisdem

1215 591 1262 623 vel
1283 591 1447 634 quibusvis
1467 591 1536 624 aliis
1556 591 1695 624 indebite
1717 592 1897 632 molestari,
1919 593 1966 626 vel

1215 645 1261 677 eis
1293 644 1476 687 gravamina
1511 655 1568 677 seu
1601 645 1716 678 damna
1751 646 1799 678 vel
1834 645 1968 679 iniurias

1216 698 1363 740 irrogari,
1390 698 1503 731 facturi
1519 698 1639 732 eisdem
1659 700 1843 743 praeposito
1859 705 1890 733 et
1907 700 1968 733 cle-

1216 751 1301 791 ricis,
1325 762 1398 784 cum
1420 752 1460 784 ab
1481 752 1526 784 eis
1549 752 1597 785 vel
1618 752 1883 796 procuratoribus
1902 753 1968 787 suis

1215 805 1340 837 fueritis
1374 805 1539 848 requisiti,
1568 805 1607 837 de
1641 806 1813 850 praedictis
1842 811 1872 839 et
1898 807 1968 840 aliis

1215 858 1422 901 quibuslibet,
1446 869 1544 902 super
1564 859 1765 892 restitutione
1781 859 1966 893 huiusmodi

1215 917 1408 952 castrorum,
1431 913 1593 953 villarum,
1612 913 1772 954 locorum,
1791 918 1965 953 terrarum,

1214 965 1398 1005 domorum,
1418 965 1669 1009 possessionum,
1684 966 1817 1007 iurium,
1835 967 1966 1001 iurisdi-

1214 1019 1375 1059 ctionum,
1402 1019 1591 1060 feudorum,
1614 1025 1779 1063 pratorum
1794 1046 1801 1060 ,
1828 1030 1966 1064 pascuo-

1214 1083 1298 1111 rum,
1323 1072 1486 1113 silvarum,
1510 1083 1693 1113 nemorum,
1715 1073 1894 1115 vinearum,
1914 1074 1968 1107 de-

1214 1125 1385 1165 cimarum,
1405 1126 1581 1166 fructuum,
1596 1136 1766 1167 censuum,
1780 1126 1966 1160 reddituum

1213 1185 1244 1212 et.
1264 1185 1478 1223 proventuum
1501 1177 1537 1213 ac
1558 1181 1853 1213 emolumentorum
1868 1207 1876 1221 ‚
1894 1191 1967 1214 nec-

1213 1243 1277 1265 non
1298 1233 1457 1266 bonorum
1482 1233 1651 1266 mobilium
1685 1238 1716 1266 et
1736 1233 1965 1274 immobilium,

1213 1285 1430 1330 spiritualium
1461 1292 1491 1319 et
1518 1287 1768 1330 temporalium,
1800 1298 1836 1320 ac
1866 1287 1967 1320 libera

1190 1349 1193 1374 Ι
1214 1340 1421 1384 perceptione
1442 1341 1605 1374 fructuum
1628 1341 1920 1375 ecclesiasticorum
1937 1345 1967 1375 et

1213 1394 1373 1426 solutione
1386 1394 1578 1438 pensionum
1597 1405 1632 1427 ac
1652 1394 1865 1438 pecuniarum
1881 1404 1967 1428 sum-

1213 1458 1339 1479 marum
1357 1452 1387 1480 et
1403 1457 1512 1480 rerum
1528 1447 1665 1480 aliarum
1682 1447 1882 1488 huiusmodi,
1893 1458 1967 1481 nec-

1214 1511 1277 1533 non
1299 1500 1518 1533 observatione
1539 1500 1781 1544 privilegiorum
1802 1506 1833 1534 et
1859 1501 1966 1535 indul-

1214 1560 1320 1588 torum
1347 1553 1606 1598 praedictorum,
1633 1565 1669 1587 ac
1697 1555 1735 1588 de
1768 1554 1966 1598 quibuslibet

1213 1607 1383 1648 molestiis,
1419 1607 1546 1640 iniuriis
1578 1613 1674 1651 atque
1704 1608 1849 1649 damnis,
1871 1618 1966 1652 prae-

1213 1661 1355 1695 sentibus
1375 1668 1405 1695 et
1425 1661 1551 1702 suturis,
1575 1662 1608 1694 in
1627 1661 1690 1695 illis
1709 1661 1867 1702 videlicet,
1884 1672 1966 1706 quae

1213 1715 1398 1748 iudicialem
1432 1715 1601 1758 requirunt
1635 1714 1841 1759 indaginem,
1877 1726 1965 1748 sum-

1213 1769 1325 1809 marie,
1349 1769 1538 1813 simpliciter
1558 1774 1588 1803 et
1607 1769 1646 1802 de
1666 1770 1775 1813 plano,
1798 1768 1866 1803 sine
1886 1775 1966 1803 stre—

1214 1818 1281 1867 pflu
1309 1828 1338 1855 et
1364 1823 1468 1866 figura
1487 1822 1620 1863 iudicii,
1643 1823 1711 1855 sola
1735 1822 1809 1856 sacti
1834 1822 1966 1857 veritate

1214 1878 1372 1921 inspecta,
1397 1877 1428 1909 in
1449 1876 1611 1910 aliis.vero
1632 1882 1729 1920 prout
1755 1876 1892 1921 qualitas
1912 1887 1966 1911 eo-

1213 1942 1285 1964 rum
1307 1931 1443 1973 exegerit
1464 1958 1471 1971 ,
1494 1930 1633 1964 iustitiae
1668 1932 1964 1975 complementum,

1191 2006 1192 2009 =
1214 1991 1442 2029 occupatores,
1465 1985 1663 2025 detentores,
1686 1990 1964 2029 praesumptores,

1214 2039 1435 2072 molestatores
1463 2044 1493 2071 et
1526 2038 1731 2072 iniuriatores
1758 2038 1964 2079 huiusmodi,

1214 2103 1339 2126 necnon
1356 2093 1608 2126 contradictores
1629 2093 1790 2135 quoslibet
1812 2098 1842 2126 et
1861 2092 1967 2127 rebel-

1214 2147 1268 2186 les,
1281 2147 1516 2189 cuiuscumque
1534 2146 1704 2189 dignitatis,
1717 2151 1826 2187 status,
1838 2146 1966 2190 graduS,

1191 2211 1193 2221 ¹
1213 2200 1336 2233 ordinis
1355 2201 1402 2234 vel
1423 2199 1615 2233 conditionis
1632 2200 1804 2239 extiterint,
1823 2199 1965 2245 quando-

1191 2260 1193 2284 t
1214 2265 1353 2298 cumque
1374 2260 1401 2287 et
1421 2254 1688 2298 quotiescumque
1705 2253 1893 2298 expedierit,
1911 2264 1966 2288 au-

1192 2316 1193 2325 *
1215 2307 1359 2340 ctoritate
1379 2314 1506 2348 nostra,
1530 2319 1586 2351 per
1615 2318 1785 2340 censuram
1813 2307 1964 2341 ecclesia-

1214 2362 1347 2401 sticam,
1379 2361 1593 2405 appellatione
1623 2361 1811 2405 postposita,
1834 2371 1964 2406 compe-

1215 2416 1332 2448 scendo
1347 2442 1354 2451 ,
1377 2415 1522 2447 invocato
1544 2415 1638 2447 etiarn
1660 2415 1698 2446 ad
1727 2415 1807 2455 hoc,
1831 2415 1856 2448 si
1883 2425 1965 2459 opus

1215 2469 1306 2502 suerit
1329 2496 1335 2509 ,
1373 2469 1489 2501 auxilio
1536 2468 1659 2501 brachii
1704 2468 1887 2501 saecularis.
1928 2468 1964 2501 Et

1215 2518 1438 2558 nihilominus,
1461 2517 1612 2561 legitimis
1640 2529 1737 2562 super
1764 2518 1813 2551 his
1842 2519 1963 2551 liaben-

1213 2566 1261 2599 dis
1293 2567 1423 2601 servatis
1445 2567 1667 2611 processibus,
1698 2578 1771 2605 eos,
1794 2578 1875 2610 quos
1892 2577 1965 2600 cen—

1214 2628 1304 2650 suras
1337 2622 1368 2650 et
1405 2627 1524 2660 poenas
1554 2627 1611 2660 per
1643 2627 1697 2650 vos
1727 2627 1786 2661 pro
1820 2622 1964 2660 tempore

1191 2695 1195 2708 ι
1217 2668 1292 2699 latus
1312 2666 1484 2699 incurrisse
1506 2666 1593 2699 vobis
1618 2665 1815 2706 eonstiterit,
1838 2676 1890 2698 eas
1914 2664 1963 2698 in—

1981 268 2029 295 An.
2048 269 2077 296 C.
2097 268 2163 295 13:50
