2227 3001
256 277 306 303 An.
324 277 352 304 C.
373 277 432 303 ¹2-th
494 263 559 296 444-
1044 268 1219 293 armararii

451 336 486 358 ac
507 333 787 368 quarumcumque
821 321 1074 359 solemnitatum,
1102 320 1194 352 etiam

450 378 687 421 requisiturum,
698 377 802 409 forsan
813 375 1002 408 omissarum
1014 374 1195 407 defectuum

450 431 664 475 suppletione,
678 429 908 473 approbamus,
923 428 1152 460 confirmamus
1169 432 1196 459 et

450 485 638 517 innovamus
652 510 659 521 ‚
695 493 731 515 ac
765 481 989 514 inviolabiliter
1022 479 1195 519 observari,

450 548 575 571 necnon
597 535 758 569 modernis
774 540 803 568 et
824 545 882 578 pro
903 540 1047 577 tempore
1064 533 1197 566 existen-

451 591 534 623 tibus
559 590 674 622 nostris
703 595 733 621 et
753 588 895 621 eiusdem
926 587 1061 620 Romani
1088 587 1197 620 Ponti-

450 643 518 677 ticis
549 643 735 675 cursoribus
767 641 953 684 sutlragari;
987 651 1106 684 eosque
1136 640 1198 672 illis

449 696 598 729 omnibus
619 696 665 729 uti
689 701 719 728 ct
739 695 891 738 gaudere,
908 705 967 727 nec
988 694 1127 737 desuper
1142 704 1198 736 per

448 760 683 793 quoscumque,
705 749 815 792 quavis
830 748 1030 787 auctoritate,
1050 748 1197 791 praeemi-

448 803 556 836 nentia
576 808 631 835 aut
653 802 876 846 superioritate
897 802 1076 844 fungentes
1101 802 1198 834 mole-

448 857 536 895 stari,
560 856 753 899 perturbari,
776 855 926 898 impediri
946 861 1001 888 aut.
1025 855 1196 898 inquietari

447 911 495 943 vel
516 910 561 943 eis
582 909 613 942 in
634 909 742 952 aliquo
763 908 992 952 praeiudicari,
1014 908 1124 951 sicque
1140 918 1198 951 per

447 974 670 1007 quoscumque
695 962 817 995 iudices
833 967 903 1001 etc„
920 961 1042 994 sublata
1062 966 1134 1002 elc.;
1153 961 1196 994 ir-

447 1017 543 1049 ritum
565 1028 693 1060 quoque
714 1021 770 1049 etc.
794 1015 1008 1048 decernimus.

490 1071 504 1114 g
524 1071 554 1103 Q.
577 1071 719 1110 Necnon,
747 1076 842 1113 prout
862 1069 923 1103 illis
939 1080 1089 1103 concessa
1109 1074 1193 1109 sunt,

424 1146 431 1149 -
447 1125 478 1157 in
499 1124 649 1157 omnibus
670 1129 699 1157 et
719 1135 776 1167 per
796 1123 903 1156 omnia
924 1124 961 1156 de
982 1134 1062 1156 novo
1078 1133 1195 1156 conce-

447 1177 563 1212 dimus.

491 1231 546 1274 §3
565 1231 699 1275 Insuper
714 1236 749 1264 ut
768 1231 806 1264 de
828 1236 946 1271 cetero,
966 1230 1130 1274 perpetuis
1150 1232 1195 1263 su-

261 1294 361 1330 cin—732-
385 1298 432 1315 t.··.i-
447 1284 751 1328 turistemporibus‚
769 1284 801 1316 in
821 1283 984 1326 quibusvis
1001 1284 1114 1323 causis,
1130 1290 1193 1316 tam

248 1329 296 1376 1:2¹,
322 1333 339 1346 ‘¹
353 1331 386 1346 Μ
402 1334 431 1377 ,2¹1
446 1337 592 1381 Capitolii
626 1343 657 1370 et
675 1338 773 1382 Ripae
807 1348 843 1370 ac
877 1337 1039 1380 Ripettae,
1070 1347 1193 1369 necnon

248 1395 300 1446 {2:¹¹¹
351 1396 363 1408 ⁴¹
375 1397 432 1439 0¹¹:ss
447 1392 556 1424 Turris
567 1392 673 1424 Nonae
695 1396 724 1424 ct
744 1391 781 1423 de
798 1391 931 1423 Sabellis
946 1402 982 1423 ac
1000 1391 1094 1433 Burgi
1115 1390 1193 1423 San—

247 1457 258 1470 n
275 1453 306 1501 Ἦ,
337 1459 376 1471 mu
391 1452 429 1472 ssx-
447 1445 487 1478 cti
504 1445 598 1485 Petri,
617 1456 712 1489 quam
725 1444 889 1489 quibusvis
904 1444 973 1477 aliis
988 1445 1090 1476 almae
1104 1444 1194 1477 L'rbis

447 1498 544 1532 curiis
565 1498 627 1531 sive
655 1498 882 1537 tribunalibus,
905 1498 936 1530 in
957 1498 1075 1541 quibus
1105 1508 1192 1530 com-

446 1552 613 1585 missiones
639 1552 773 1596 aliquas,
797 1563 894 1584 manu
914 1551 962 1584 vel
983 1552 1021 1584 de
1043 1551 1192 1584 mandato

446 1611 553 1639 nostro
591 1606 740 1649 signatas,
771 1605 967 1649 praesentari
1004 1605 1191 1646 contigerit,

445 1659 539 1692 etiam
565 1658 589 1692 si
620 1670 734 1692 causae
760 1659 847 1703 ipsae
874 1658 1035 1692 ordinarie
1061 1660 1191 1692 inchoa-

445 1719 493 1746 tae
510 1712 677 1753 extiterint,
694 1719 765 1757 post
779 1712 919 1756 ipsarum
931 1712 1192 1746 commissionum

444 1766 750 1809 praesentationem,
783 1765 947 1799 citationes
967 1771 996 1799 et
1025 1765 1084 1799 alia
1112 1778 1193 1810 quae

444 1819 516 1853 inde
546 1825 721 1864 sequentur
741 1831 799 1864 per
829 1819 908 1852 alios
937 1830 1033 1863 quam
1064 1820 1193 1852 eosdem

445 1884 592 1907 cursores
612 1873 682 1906 fieri
703 1884 765 1906 non
783 1873 916 1917 possint,
931 1884 1036 1917 neque
1056 1874 1190 1906 valeant.

445 1927 505 1961 Sed
525 1927 600 1960 dicti
627 1937 774 1960 cursores
798 1927 964 1960 citationes
985 1932 1015 1959 et
1043 1926 1103 1959 alia
1122 1938 1193 1970 quae

444 1980 517 2013 inde
539 1986 724 2024 sequentur,
753 1981 784 2013 in
811 1980 885 2024 ipsis
911 1980 1009 2013 curiis
1033 1986 1062 2013 et
1082 1991 1191 2013 earum

445 2034 597 2077 qualibet,
620 2034 713 2066 etiam
733 2034 758 2067 si
787 2045 912 2073 causae,
935 2033 966 2065 in
987 2039 1017 2066 et
1042 2044 1100 2077 pro
1125 2034 1193 2077 qui-

444 2087 504 2120 bus
521 2087 686 2120 citationes
702 2093 731 2120 et
746 2087 805 2119 alia
823 2087 890 2120 fieri
908 2087 1090 2130 contigerit,
1109 2098 1193 2119 com-

446 2140 608 2173 missariac
639 2151 702 2173 non
730 2140 868 2180 suerint,
899 2140 936 2172 ad
959 2140 1111 2184 partium,
1135 2151 1192 2183 pro

446 2193 562 2236 quibus
583 2193 748 2226 citationes
768 2199 798 2226 et
814 2193 875 2226 alia
895 2193 1081 2226 huiusmodi
1103 2193 1190 2231 fient,

447 2247 638 2280 instantiam.
656 2249 758 2281 facere
775 2253 804 2280 et
824 2247 936 2290 exequi
959 2247 1080 2291 possint
1096 2253 1125 2280 et
1145 2259 1193 2280 va-

447 2303 542 2335 leant.
555 2302 588 2334 Et
603 2302 804 2335 solummodo
815 2301 1019 2334 mandatariis
1036 2301 1191 2335 dictarum

447 2354 762 2398 praenominatarum
785 2355 950 2387 curiarum
971 2355 1002 2387 in
1024 2356 1128 2388 causis
1143 2367 1192 2389 or-

447 2408 578 2442 dinariis
596 2408 627 2441 in
646 2409 859 2442 tribunalibus
871 2409 1013 2453 ipsarum
1027 2410 1189 2442 curiarum

447 2463 761 2506 praenominatarum
781 2489 787 2502 ,
830 2474 966 2505 quarum
1005 2463 1192 2496 mandatarii

446 2512 594 2553 existunt,
619 2517 740 2544 tantum
763 2511 928 2545 citationes
949 2512 1083 2545 faciendi
1107 2519 1192 2556 potc-

447 2567 508 2594 stas
529 2567 702 2601 remaneat,
731 2561 899 2593 statuimus
919 2566 948 2593 et
969 2562 1167 2594 ordinamus.

489 2611 503 2654 ξ
523 2610 554 2643 4,
598 2610 775 2643 Districtius
815 2609 989 2642 inhibendo
1028 2611 1191 2653 quibusvis

445 2659 601 2692 dictarum
623 2659 787 2693 curiarum
808 2664 838 2692 et
858 2658 1026 2692 cuiuslibet
1048 2660 1188 2701 ipsaru:.;
1209 2657 1214 2705 l

1244 266 1393 290 ROMANL‘M
2001 264 2050 288 ΑΗ.
2070 264 2098 289 C.
2117 264 2177 291 {ilbi

1239 316 1443 350 mandatariis
1463 322 1493 349 et
1512 317 1644 350 notariis
1673 314 1722 363 ac‘¹
1734 315 1803 348 aliis
1824 314 1981 358 personis,
2012 331 2126 352 Probinus,
2145 330 2183 352 an-

1239 371 1270 404 in
1306 371 1419 404 virtute
1458 376 1584 404 sanctae
1617 369 1815 403 obedientiae
1852 374 1883 401 et
1924 369 1982 401 sub
1999 361 2182 420 ζξξηιξζζᾙάιξῡξξ

1239 424 1580 458 excommunicationis
1604 423 1733 457 maioris
1768 422 1934 463 sententia,
1966 433 1983 454 a
2000 430 2046 446 Μ

1239 489 1313 521 qua,
1336 478 1464 511 nonnisi
1486 489 1542 521 per
1561 489 1630 518 nOS,
1653 477 1925 520 absolvi'possint,
1948 487 1984 509 ac

1239 531 1422 574 privationis
1442 531 1621 564 officiorum
1643 536 1673 564 et.
1692 531 1937 571 beneficiorum,
1960 530 1985 563 si

1238 596 1320 628 quae
1345 585 1501 625 obtinent,
1528 584 1798 628 inliabilitatisque
1823 584 1863 617 ad
1882 584 1936 617 illa
1956 589 1986 616 et

1238 638 1299 671 alia
1328 639 1360 671 in
1386 644 1551 682 posterum
1585 638 1755 672 obtinenda
1779 638 1909 682 poenis,
1946 649 1985 671 ne

1238 697 1355 724 statuto
1380 698 1410 725 et
1434 691 1627 725 ordinationi
1652 691 1768 725 nostris
1799 691 1986 725 huiusmodi

1240 744 1271 777 in
1292 745 1400 788 aliquo
1421 745 1642 778 contravenire
1662 744 1904 789 quomodolibet
1927 755 1985 778 au-

1238 799 1333 831 deant
1364 800 1411 832 vel
1441 805 1658 843 praesumant.
1697 800 1740 832 Ac
1779 799 1986 832 decernentes

1238 851 1404 885 citationes
1430 863 1486 895 per
1510 852 1589 885 alios
1613 863 1709 896 quam
1731 852 1890 895 praefatos
1910 863 1985 885 cur-

1238 916 1336 946 sores,
1354 906 1386 938 in
1402 906 1506 939 causis
1530 906 1606 949 ipsis
1625 906 1869 947 comnfissariis,
1891 906 1985 940 etiam

1237 960 1261 992 si
1277 970 1294 992 a
1312 959 1471 1004 principio
1492 960 1653 994 ordinarie
1668 960 1836 994 inchoatae
1853 960 1983 1002 suerint,

1237 1013 1274 1045 de
1296 1018 1402 1046 cetero
1424 1013 1455 1045 in
1476 1013 1567 1047 dictis
1588 1019 1617 1046 et
1637 1013 1707 1046 aliis
1726 1013 1986 1058 quibuscumque

1238 1065 1449 1100 tribunalibus
1459 1067 1529 1099 etin
1540 1067 1648 1110 quavis
1657 1066 1805 1100 instantia
1816 1066 1984 1107 faciendas,

1236 1125 1264 1152 et
1278 1131 1448 1163 processus
1465 1126 1492 1153 et
1511 1126 1601 1154 actus
1616 1132 1838 1165 quoscumque
1856 1121 1983 1154 illarum

1235 1173 1342 1216 vigore
1363 1175 1558 1215 formandos,
1582 1176 1699 1215 nullos,
1718 1175 1829 1208 inanes
1848 1180 1879 1208 et
1898 1175 1984 1208 inva-

1237 1224 1316 1260 lidos
1336 1228 1521 1272 nulliusque
1537 1228 1662 1261 roboris
1677 1233 1707 1261 et
1727 1228 1882 1262 momenti
1903 1228 1983 1269 fore;

1236 1280 1343 1324 sicque
1365 1292 1422 1325 per
1441 1292 1663 1325 quoscumque
1688 1287 1745 1315 etc.

1279 1334 1293 1377 ξ
1314 1335 1345 1368 5.
1360 1335 1542 1368 Mandantes
1553 1346 1724 1368 causarum
1741 1334 1893 1368 Gamerae
1904 1335 1985 1379 Apo-

1235 1388 1364 1420 stolicae
1385 1388 1526 1430 generali
1546 1388 1696 1430 auditori,
1719 1389 1927 1432 gubernatori
1947 1399 1984 1422 ac

1235 1441 1393 1481 senatori,
1422 1442 1585 1476 modernis
1611 1448 1641 1475 et
1665 1454 1723 1486 pro
1748 1448 1893 1488 tempore
1918 1442 1983 1476 exi-

1235 1495 1402 1535 stentibus,
1425 1501 1459 1528 ut
1480 1495 1653 1539 praemissa
1678 1496 1786 1529 omnia
1811 1501 1841 1530 et
1860 1496 1986 1539 singula

1236 1554 1404 1592 perpetuo,
1428 1550 1487 1582 sub
1512 1550 1662 1592 praefatis
1682 1555 1712 1583 et
1731 1550 1896 1594 quibusvis
1915 1550 1986 1584 aliis

1235 1603 1379 1636 censuris
1398 1608 1428 1636 et
1454 1603 1565 1646 poenis
1585 1614 1697 1637 eorum
1719 1603 1852 1637 arbitrio
1874 1604 1984 1638 mode-

1235 1657 1342 1690 randis
1362 1662 1392 1690 et
1412 1658 1622 1702 applicandis,
1641 1664 1796 1702 perpetuo
1816 1658 1984 1692 inviolabi-

1235 1710 1307 1744 liter
1327 1711 1488 1744 observari
1508 1711 1635 1744 saciant.

1278 1764 1344 1807 56.
1371 1764 1439 1798 Non
1467 1765 1666 1799 obstantibus
1692 1766 1857 1810 quibusvis
1884 1766 1985 1800 literis
2013 1779 2124 1801 cunnum
2145 1780 2184 1802 de-

1235 1818 1335 1851 felicis
1355 1819 1588 1852 reeordationis
1605 1819 1707 1860 Pauli,
1729 1820 1985 1864 praedecessoris
1999 1815 2124 1839 ‘⁰³⁴⁴'m‘'

1236 1872 1346 1912 nostri,
1378 1883 1415 1906 ac
1441 1873 1606 1916 quibusvis
1638 1874 1922 1908 reformationibus
1947 1885 1984 1908 ac

1234 1925 1304 1958 aliis
1324 1926 1481 1959 dictarum
1502 1926 1667 1959 curiarum
1684 1927 1807 1960 statutis
1827 1932 1897 1968 etc„
1921 1933 1984 1961 sta-

1235 1979 1420 2019 bilimentis,
1444 1979 1554 2013 usibus
1578 1986 1608 2013 et
1624 1981 1758 2022 naturis,
1775 1980 1870 2014 etiam
1896 1981 1983 2015 iura-

1235 2038 1342 2065 mento
1362 2037 1419 2066 etc.
1447 2033 1616 2074 roboratis,
1645 2033 1816 2077 privilegiis
1840 2044 1981 2079 quoque,

1235 2085 1365 2118 indultis
1385 2091 1415 2119 et
1436 2086 1535 2119 literis
1552 2087 1747 2130 apostoliciS‚
1769 2087 1815 2120 illi
1839 2093 1870 2120 et
1893 2098 1984 2132 prae-

1235 2139 1297 2172 fato
1322 2140 1461 2172 senatori
1481 2151 1517 2173 ac
1538 2141 1658 2184 populo
1678 2140 1822 2173 Romano
1843 2146 1874 2174 et
1897 2140 1983 2174 illius

1234 2193 1523 2234 conservatoribus,
1540 2205 1576 2226 ac
1589 2193 1851 2227 mechanicarum
1868 2194 1982 2228 etalia-

1235 2257 1305 2279 rum
1327 2247 1443 2279 artium
1465 2258 1501 2280 ac
1522 2253 1737 2280 mercatorum
1760 2247 1851 2281 Urbis
1868 2258 1982 2282 consu-

1234 2300 1337 2340 libus,
1373 2311 1499 2334 necnon
1538 2301 1743 2334 basilicarum
1777 2306 1807 2335 et
1844 2302 1980 2336 aliarum

1234 2354 1442 2387 ecclesiarum
1463 2354 1556 2387 [rbis
1579 2355 1864 2399 archipresbyteris
1883 2363 1913 2388 et
1932 2366 1981 2388 ca-

1234 2407 1369 2447 nonicis,
1400 2408 1534 2451 aliisque
1568 2409 1725 2452 personis,
1762 2409 1857 2442 etiam
1890 2414 1979 2443 motu

1233 2461 1328 2494 simili
1358 2467 1433 2500 ete,
1457 2463 1489 2494 in
1512 2463 1746 2506 praeiudicium
1781 2474 1836 2497 seu
1869 2468 1980 2497 contra

1233 2511 1368 2544 sormam
1381 2512 1641 2555 praemissorum,
1651 2513 1710 2546 sub
1720 2513 1979 2556 quibuscumque

1233 2560 1398 2594 tenoribus
1428 2566 1458 2594 et
1484 2562 1616 2601 formis,
1646 2573 1682 2595 ac
1710 2573 1783 2595 cum
1817 2561 1980 2605 quibusvis

1233 2610 1395 2649 clausulis,
1407 2610 1499 2642 etiam
1509 2622 1566 2654 per
1576 2621 1642 2651 nos,
1654 2611 1895 2654 quomodolibet
1904 2621 1979 2643 con-

1233 2659 1328 2693 cessis
1339 2664 1408 2695 etc..
1425 2660 1541 2703 quibus
1551 2660 1701 2694 omnibus
1713 2666 1740 2694 et
1758 2660 1892 2703 singulis
1907 2664 1977 2702 eta,

2043 1344 2182 1366 Bxeeutorum

1999 1377 2061 1405 deput
2077 1380 2114 1398 tio.
