2227 3001
57 263 107 290 Αη.
125 261 153 288 C.
174 263 238 289 15112

896 261 1012 283 th'tit's
1036 262 1068 284 Ill
1096 262 1140 283 1³5¹.

1688 250 1751 283 2345

1812 258 1860 282 An.
1879 256 1907 281 (ἶ.
1926 257 1992 282 15742

1810 353 1819 365 Γ
1829 348 1868 365 mili
1877 351 1992 366 'suntran-

253 320 427 358 pugnatur,
439 320 485 353 ut,
499 314 523 346 si
539 314 656 345 salvam
673 314 779 345 volunt
798 313 1002 346 christianam
1046 319 1184 351 ctoruni,
1203 324 1342 357 qitorum
1360 317 1495 356 oportet,
1511 312 1706 355 perveniant,
1719 324 1795 347 neve
1837 313 1908 349 ¹‘·“¹¹j¹¹··
1923 313 1977 338 ‘'¹¹²¹''

252 380 321 403 esse
335 367 582 412 rempublicam,
597 367 621 398 si
637 377 669 399 se
684 367 820 400 Domino
836 368 1004 401 obstrictos
1046 366 1117 410 quis
1150 367 1279 399 illorum
1320 365 1518 409 ignorantiae
1557 368 1795 401 exeusationem
1809 361 1947 401 ainamma

252 429 282 456 et
314 422 480 465 obligatos,
501 432 559 465 pro
594 421 740 454 maximis
764 422 852 454 Illius
872 432 946 465 erga
971 433 1003 454 se

250 476 416 510 beneficiis
442 475 645 519 intelligunt,
667 486 708 508 ne
736 476 885 509 deserant
903 475 1004 520 ipsius

249 530 304 564 Dei
325 541 455 563 causam
471 535 502 563 et
517 530 696 573 negotium;
714 530 842 574 ipsimet
862 530 900 562 ad
922 530 1002 562 sacri

249 584 377 618 concilii
389 584 638 617 celebrationem
650 584 788 625 veniant,
803 585 835 616 in
847 594 911 627 quo
920 584 1002 627 ipso-

248 649 321 671 rum
341 637 442 681 pietas
458 642 554 681 atque
573 637 671 670 virtus
687 637 853 670 communi
876 637 1001 670 utilitati

246 691 406 735 salutique
426 702 502 724 suae
514 702 550 724 ac
568 697 762 732 ceterorum,
785 697 813 725 et
833 691 1000 735 temporali

247 751 278 779 et
297 750 456 785 aeternae,
478 744 655 788 plurimum
676 750 721 777 est
743 746 922 788 profutura.
947 744 1000 777 Sin

246 804 354 832 autem
381 798 427 841 (id
455 798 543 842 quod
565 798 739 840 nollemus)
764 798 916 831 accedere
941 798 999 841 ipsi

246 863 311 886 non
332 857 501 896 poterunt,
524 858 553 885 at
574 863 683 895 graves
707 853 818 885 saltem
848 852 931 884 viros
958 852 1000 884 le-

245 913 335 950 gatos
362 917 437 940 eum
467 906 657 940 auctoritate
678 906 822 942 mittant,
845 905 900 949 qui
926 916 999 950 per-

244 971 355 995 sonam
376 960 532 1005 principis
552 961 601 993 sui
621 961 759 1005 quisque
779 965 807 993 et
829 971 903 993 oum
920 971 998 1004 pru-

243 1015 349 1049 dentia
370 1021 398 1048 et
415 1026 490 1048 cum
507 1015 658 1059 dignitate
674 1015 795 1058 possint
812 1014 843 1046 in
860 1014 998 1047 concilio

242 1070 374 1101 referre.
390 1069 425 1101 ln
441 1069 553 1112 primis
572 1079 645 1101 vero
670 1073 703 1100 ut
725 1068 756 1100 id
773 1073 895 1107 curent,
912 1068 997 1110 quod

243 1122 321 1165 ipsis
345 1121 536 1154 facillimum
557 1127 620 1162 est,
644 1127 678 1153 ut
698 1132 733 1153 ex
754 1120 820 1153 suis
840 1121 997 1164 cuiusque

242 1174 350 1217 regnis
372 1186 408 1207 ac
434 1174 606 1218 provinciis
626 1174 770 1217 episcopi
792 1179 821 1206 et
841 1174 973 1217 praelati
987 1200 994 1211 ,

243 1228 310 1261 sine
326 1227 585 1271 tergiversatione
601 1233 632 1260 et
647 1237 748 1265 mora,
767 1227 805 1259 ad
821 1226 995 1260 concilium

243 1280 499 1325 proficiscantur.
536 1280 627 1319 Quod
653 1280 789 1313 maxime
823 1280 953 1323 quidem
980 1291 997 1312 a

243 1334 393 1378 praelatis
408 1333 675 1378 principibusque
688 1333 878 1369 Germaniae
893 1334 994 1366 Deum

241 1389 347 1432 ipsum
368 1394 463 1432 atque
487 1398 546 1421 nos
571 1388 745 1431 impetrare
767 1398 907 1431 aequum
929 1394 994 1427 est;

242 1448 285 1482 ut,
307 1453 382 1475 eum
402 1453 516 1475 eorum
538 1442 712 1486 praecipue
741 1453 836 1475 causa
853 1443 994 1486 ipsisque

241 1495 446 1540 cupientibus
467 1495 641 1529 concilium
661 1495 818 1528 indictum
839 1496 889 1535 sit,
913 1502 943 1527 et
962 1495 993 1527 in

241 1561 277 1583 ea
297 1550 421 1583 civitate
449 1549 622 1589 indictum,
645 1560 728 1592 quae
748 1549 787 1581 ab
808 1549 853 1581 eis
874 1555 919 1582 est
939 1550 994 1582 de-

241 1604 376 1637 siderata
390 1632 397 1645 ,
420 1614 485 1636 non
505 1609 677 1646 graventur
695 1604 755 1647 ipsi
781 1614 839 1636 sua
859 1610 993 1637 cuncto-

241 1668 313 1690 rum
348 1657 525 1701 praesentia
552 1656 582 1689 id
607 1657 771 1689 celebrare
800 1662 831 1689 et
863 1668 991 1697 ornare,

239 1722 304 1755 quo
330 1711 445 1744 melius
472 1717 567 1756 atque
597 1711 816 1749 commodius,
842 1723 924 1755 quac
954 1711 992 1744 ad

241 1765 454 1807 integritatem
474 1770 505 1797 et
524 1765 686 1798 veritatem
709 1764 900 1799 christianae
923 1765 993 1797 reli-

241 1818 355 1860 gionis,
379 1829 461 1861 quae
481 1818 520 1850 ad
545 1818 706 1851 honorum
735 1829 864 1850 morum
894 1819 991 1851 rcdu-

239 1871 376 1904 ctionem
393 1871 715 1914 ememlationemque
732 1872 905 1911 malorum,
919 1883 991 1915 qua}

239 1926 276 1958 ad
298 1925 547 1958 christianorum
564 1925 646 1958 inter
661 1938 706 1963 se,
726 1932 788 1958 tam
806 1926 989 1971 principum

237 1991 334 2024 quam
355 1980 564 2024 populorum,
587 1991 712 2024 pacem,
736 1980 891 2013 unitatem
913 1993 990 2014 con-

237 2033 447 2077 cordiamque
479 2033 678 2077 pertineant,
703 2040 733 2066 et
765 2045 847 2078 quae
874 2036 913 2067 ad
939 2047 989 2068 re-

236 2088 402 2132 pellendos
422 2088 560 2132 impetus
580 2088 792 2121 barbarorum
818 2095 846 2121 et
876 2089 989 2123 inlide-

236 2143 332 2179 lium,
354 2142 471 2186 quibus
499 2142 544 2175 illi
570 2143 751 2176 universam
773 2144 988 2177 christianita-

235 2202 298 2229 tem
322 2196 461 2229 obruere
486 2197 682 2234 moliuntur,
705 2197 763 2230 sint
787 2198 985 2237 necessaria,

234 2250 298 2282 Deo
319 2249 436 2282 nostris
456 2250 744 2284 consultationibus
765 2249 941 2294 praeeunte,
959 2259 985 2285 et

236 2305 344 2336 lumen
365 2303 539 2347 sapientiae
562 2315 638 2337 suae.
667 2316 703 2337 ac
730 2304 867 2338 veritatis
896 2318 986 2339 men-

235 2358 319 2391 tibus
340 2358 455 2390 nostris
475 2359 687 2402 praeferente,
711 2359 759 2403 agi
780 2359 812 2392 in
832 2360 916 2393 dicto
938 2373 986 2393 sa-

234 2423 289 2445 cro
309 2413 521 2446 oecumenico
549 2413 686 2447 concilio
714 2420 760 2454 et,
783 2415 987 2459 conspiranter

233 2465 378 2499 omnium
400 2467 567 2506 charitate,
590 2468 725 2508 consuli,
745 2469 889 2507 tractari,
909 2481 986 2502 con-

233 2516 304 2553 liei,
328 2517 366 2548 ad
387 2522 575 2561 optatosque
603 2516 704 2551 exitus
730 2519 845 2552 deduci
871 2531 985 2563 ‹piam-

233 2566 375 2609 primum
396 2572 423 2599 et
446 2577 543 2610 quam
564 2567 683 2611 optime
704 2568 836 2611 possint.

277 2617 291 2655 ,ξ’
320 2615 372 2648 13.
408 2616 510 2659 Atque
535 2621 571 2649 ut
597 2622 724 2650 nostrae
744 2618 803 2651 hae
824 2618 934 2652 literae
955 2624 986 2651 et

1046 420 1251 463 praetendat,
1274 431 1348 453 eum
1372 419 1581 464 praesertim,
1605 421 1700 453 etiam
1730 432 1795 455 non

1046 475 1084 506 ad
1104 485 1216 507 omnes
1232 485 1297 515 eos,
1316 474 1434 518 quibus
1453 473 1642 507 nominatim
1663 475 1735 508 illae
1751 485 1797 509 es-

1046 533 1114 561 sent
1134 528 1341 564 intimandae,
1361 534 1447 561 tutus
1467 528 1598 561 forsitan
1618 534 1723 572 pateat
1741 540 1795 563 ac-

1045 593 1174 621 cessus;
1195 583 1345 615 volumus
1365 588 1393 615 et
1422 581 1613 615 mandamus
1632 588 1668 615 ut
1687 582 1719 615 in
1738 583 1796 616 ba-

1045 635 1133 668 silica
1154 636 1305 669 Yaticana
1325 636 1483 680 Principis
1503 637 1743 679 Apostolorum,
1765 643 1797 670 et

1045 689 1076 721 in
1101 690 1236 722 eeclesia
1269 690 1495 730 Lateranensi,
1527 702 1601 723 cum
1623 691 1665 723 ibi
1686 691 1796 724 multi-

1044 743 1120 776 tudo
1141 744 1253 787 populi
1287 745 1326 776 ad
1355 744 1548 777 audiendam
1568 755 1635 777 rem
1657 745 1795 779 divinam

1045 797 1233 840 congregari
1253 798 1343 830 solita
1369 802 1426 837 est,
1445 798 1563 841 palam,
1591 800 1677 832 clara
1704 810 1793 837 voce,

1044 862 1101 893 per
1121 851 1234 884 Curiae
1254 858 1381 885 nostrae
1402 863 1550 885 cursores
1574 858 1629 885 aut
1654 854 1796 887 notarios

1043 905 1168 948 aliquos
1200 905 1348 949 publicos
1375 907 1534 948 legantur,
1567 907 1732 951 lectaeque
1763 909 1793 942 in

1041 959 1136 991 valvis
1151 959 1310 992 dictarum
1326 961 1548 1001 ecelesiarum,
1562 961 1702 1005 itemque
1718 963 1795 996 Can-

1042 1012 1189 1045 cellariae
1206 1014 1407 1056 Apostolicae
1428 1014 1529 1058 portis
1549 1020 1579 1047 et
1598 1015 1709 1059 Campi
1726 1016 1795 1049 Flo-

1042 1076 1094 1097 rac
1116 1065 1208 1099 solito
1234 1067 1304 1099 loeo
1326 1067 1508 1110 affigantur,
1532 1067 1586 1100 ubi
1610 1070 1649 1101 ad
1683 1070 1793 1103 lectio-

1041 1129 1114 1151 nem
1149 1125 1179 1151 et.
1212 1120 1357 1153 notitiam
1379 1126 1571 1153 cunctorum
1595 1122 1793 1166 aliquamdiu

1040 1172 1201 1216 expositae
1229 1174 1402 1217 pendeant:
1439 1185 1578 1219 eumque
1605 1175 1678 1209 inde
1704 1187 1792 1209 amo-

1040 1225 1209 1266 vebuntur,
1232 1238 1344 1260 earum
1369 1228 1581 1261 nihilominus
1601 1230 1745 1273 exempla
1761 1230 1792 1263 in

1039 1280 1158 1312 eisdem
1181 1281 1259 1313 locis
1280 1289 1466 1315 remaneant
1488 1283 1590 1315 affixa.

1082 1336 1097 1377 ξς
1122 1335 1170 1367 14.
1198 1336 1260 1368 Nos
1285 1337 1370 1369 enim
1392 1348 1449 1380 per
1468 1337 1662 1378 lectionem,
1686 1338 1791 1382 puhli-

1038 1388 1196 1421 eationem
1232 1389 1478 1434 aslixionemque
1511 1391 1697 1425 huiusmodi
1721 1403 1791 1425 om-

1037 1451 1093 1473 nes
1113 1448 1143 1474 et
1163 1453 1401 1487 quoscumque,
1427 1455 1508 1488 quos
1533 1446 1711 1479 antedictae
1732 1458 1791 1480 no-

1037 1500 1119 1527 strae
1153 1496 1264 1530 literae
1299 1499 1598 1541 comprehendunt,
1627 1506 1695 1543 post
1718 1512 1790 1544 spa-

1039 1548 1117 1581 tium
1151 1551 1291 1584 (luorum
1323 1553 1483 1585 mensium
1510 1564 1527 1586 a
1552 1554 1603 1586 die
1623 1554 1789 1587 literarum

1037 1604 1262 1647 publicationis
1296 1612 1323 1639 et
1359 1607 1531 1648 atlixionis,
1568 1607 1608 1640 ita
1642 1609 1790 1641 volumus

1036 1658 1192 1701 obligatos
1212 1672 1279 1693 esse
1301 1666 1395 1704 atque
1412 1661 1590 1701 adstrictos,
1608 1673 1644 1695 ae
1660 1663 1684 1695 si
1701 1662 1789 1706 ipsis-

1037 1717 1097 1743 met
1116 1712 1187 1745 illae
1204 1724 1312 1746 coram
1330 1715 1429 1748 lectae
1445 1721 1472 1747 et
1490 1715 1654 1748 intimatae
1670 1722 1786 1755 essent;

1036 1766 1244 1810 transumptis
1273 1768 1403 1811 quidem
1431 1780 1564 1807 earum,
1586 1780 1669 1812 quae
1690 1781 1787 1804 manu

1036 1818 1155 1861 publici
1177 1821 1292 1853 notarii
1318 1822 1435 1866 scripta
1465 1828 1516 1855 aut
1548 1823 1729 1867 subscripta
1759 1830 1787 1857 et

1034 1871 1137 1914 sigillo
1163 1885 1318 1917 personae
1344 1876 1481 1909 alicuius
1501 1877 1735 1910 ecclesiasticae
1755 1878 1787 1911 in

1033 1927 1186 1970 dignitate
1221 1935 1411 1963 constitutae
1439 1931 1564 1963 munita
1592 1932 1729 1971 t'uerint,
1754 1938 1784 1965 ut

1035 1982 1112 2014 tides·
1132 1989 1217 2015 certa
1243 1989 1270 2015 et
1300 1983 1478 2016 indubitata
1503 1985 1671 2026 habeatur,
1695 1997 1785 2018 man-

1033 2035 1147 2069 damus
1167 2042 1262 2080 atque
1283 2037 1498 2070 decernimus.

1076 2090 1090 2132 ξ
1111 2090 1163 2123 15,
1194 2091 1278 2123 Nulli
1309 2103 1385 2135 ergo
1405 2093 1538 2125 omnino
1558 2093 1727 2127 bominum
1750 2095 1784 2127 li-

1032 2150 1098 2175 ceat
1130 2145 1211 2176 hane
1243 2146 1391 2188 paginam
1421 2152 1549 2180 nostrae
1579 2147 1781 2188 indictionis,

1031 2198 1303 2236 annunciationis,
1328 2200 1579 2241 convocationis,
1597 2203 1718 2239 stauai,
1732 2204 1784 2236 de-

1032 2256 1122 2293 creti,
1146 2257 1299 2295 mandati,
1321 2259 1481 2302 praerepti
1503 2264 1531 2291 et
1553 2260 1783 2295 obsecrationis

1031 2315 1204 2358 infringere
1217 2317 1262 2349 rel
1281 2316 1308 2349 ei
1321 2328 1401 2349 ausu
1419 2319 1590 2351 temerario
1607 2320 1778 2353 contraire.

1030 2374 1061 2408 Si
1087 2375 1160 2419 quis
1180 2380 1288 2408 autem
1312 2376 1372 2408 hoe
1388 2382 1545 2410 attentare
1561 2389 1782 2422 praesumpse-

1031 2433 1079 2469 rit,
1092 2434 1343 2477 indignationem
1356 2436 1586 2479 omnipotentis
1600 2438 1780 2471 Deiac-hea-

1028 2497 1135 2525 torum
1150 2493 1235 2526 Petri
1260 2498 1289 2526 ct
1308 2494 1397 2527 Pauli
1418 2496 1639 2539 apostolorum
1662 2497 1730 2529 eius
1747 2509 1778 2530 so

1028 2551 1148 2584 noverit
1168 2551 1386 2585 incursurum.

1072 2610 1185 2643 Datum
1206 2611 1325 2644 Romae
1350 2612 1435 2656 apud
1457 2612 1607 2645 Sanctum
1634 2613 1775 2653 Petrum,

233 2675 315 2707 quac
337 2664 367 2697 in
388 2664 433 2697 eis
453 2665 660 2699 continentur
679 2667 718 2700 ad
738 2667 882 2701 notitiam
904 2679 983 2701 cun-
1002 2714 1008 2723 Ι
1027 2679 1111 2702 anno
1132 2669 1364 2704 lncarnationis
1397 2671 1577 2705 dominicae
1606 2671 1778 2707 millesimo

1816 1353 1942 1373 (Ionstttutin
1952 1355 1991 1372 isti

1808 1384 1856 1409 tigni
1873 1388 1919 1410 pest
1939 1386 1990 1405 dunx

1807 1421 1892 1435 munst-s
1916 1421 1926 1434 a
1956 1416 1989 1435 dia

1807 1446 1962 1472 publicationis.

1812 2107 1825 2126 S
1834 2114 1859 2127 4ιιι
1869 2111 1897 2128 uo
1908 2113 1986 2134 poena-

1800 2139 1834 2160 11».
