2227 3001
221 210 267 237 An.
288 212 313 238 (T,
336 213 400 239 153¹)

226 857 300 879 Leonis
316 860 393 879 etele-

212 892 287 910 mentis
312 892 391 911 eonsti-

211 922 303 941 tutioncs
327 923 393 943 dictas

211 953 327 978 cenoman

231 1849 330 1871 Prohibet
348 1852 387 1872 tiu-

203 1883 290 1902 iusrnodi
311 1882 386 1903 tratres

203 1914 226 1933 ad
237 1919 386 1941 quemcumque

203 1945 286 1968 gradum
309 1948 329 1965 et
351 1951 387 1965 or-

203 1975 262 1995 dines
274 1981 385 2002 promove-

203 2013 228 2031 ri;

459 201 522 234 *274

1003 210 1180 234 nt'tititntmt
1214 210 1362 234 ROMANFM

1967 211 2016 238 An.
2033 211 2060 237 C,
2085 211 2147 239 1559

414 265 526 298 domos
539 264 749 308 expulsi‚non
765 264 831 296 sine
852 262 1023 305 Religionis
1044 264 1162 307 vitupe-
1204 268 1334 307 propter
1363 274 1474 296 eorum
1500 265 1653 297 demerita
1679 275 1734 297 seu
1760 265 1837 298 alias
1861 276 1879 298 a
1898 267 1951 299 do-

414 317 461 351 rio
482 322 512 350 et
532 321 716 360 contemptu
733 327 769 348 ae
785 316 981 359 populorum
997 316 1158 356 scandalo,

414 371 543 405 diversis
563 371 619 403 viis
635 376 665 403 et
685 369 796 402 mediis
816 370 853 401 ad
875 369 1025 402 Ordinem
1047 375 1076 402 et
1101 370 1159 403 ‹lo-

414 436 482 458 mos
498 424 686 469 praedictas,
708 428 819 456 contra
839 423 935 456 totius
956 423 1082 456 Ordinis
1106 435 1160 457 vo-

413 480 585 514 luntatem,
618 477 721 509 redire
754 482 949 520 procurent:
987 488 1044 520 pro
1072 483 1159 521 parte

412 532 554 565 ciusdem
575 530 694 562 Nicolai
707 529 821 573 prioris
829 529 1161 563 nobissuitluuniliter

417 584 632 628 supplicatum
659 588 695 616 ut
715 583 813 616 literis
845 584 1013 626 praedictis
1034 590 1159 617 nostrae

410 637 649 682 approbationis
669 637 769 670 robur
789 637 944 677 adiicere,
962 638 1104 682 aliasque
1128 639 1158 671 in

411 691 592 736 praemissis
619 696 800 735 opportune
830 691 995 735 providere
1014 692 1051 725 dc
1068 692 1158 725 beni-

409 744 527 787 gnitate
542 745 715 788 apostolica
728 744 944 787 dignaremur.

453 798 467 841 ξ
493 797 524 831 8.
548 798 610 830 Nos
644 798 759 840 igitur,
794 798 868 830 dicti
888 798 1039 838 Ordinis,
1061 811 1156 843 quem

410 862 485 895 prae
504 851 618 884 ceteris
638 851 669 884 in
693 852 868 885 visceribus
894 852 1035 895 gerimus
1056 853 1158 886 ebari-

409 904 491 943 tatis,
516 916 708 948 prosperum
730 910 760 938 et
780 905 990 948 tranquillum
1025 912 1154 945 statum,

408 958 589 993 animarum
620 959 755 991 salutem
784 964 917 1003 paterno
944 960 1081 993 zelantes
1115 961 1158 993 as-

408 1015 503 1052 scctu,
520 1018 550 1045 et
570 1012 769 1055 singularum
790 1013 955 1046 literarum
978 1013 1156 1057 praedicta-

408 1077 478 1099 rum
499 1066 639 1099 veriores
659 1071 803 1107 tenores,
826 1078 863 1100 ac
884 1067 908 1099 si
934 1067 971 1100 de
996 1068 1092 1100 verbo
1117 1069 1156 1100 ad

405 1119 538 1152 verbum
581 1119 815 1159 insererentur,
848 1120 1069 1163 praesentibus
1098 1132 1155 1164 pro

406 1173 602 1206 sufficienter
622 1173 777 1216 expressis
793 1179 823 1206 et
843 1174 969 1207 insertis
989 1175 1152 1215 babentes,

407 1227 592 1260 huiusmodi
614 1227 905 1271 supplicationibus
920 1228 1076 1265 inclinati.
1097 1234 1155 1261 sta-

405 1286 491 1319 tuta,
515 1280 742 1321 ordinationes,
766 1281 904 1321 decreta,
928 1281 1152 1321 inhibitiones,

406 1334 565 1371 mandata,
588 1334 852 1377 approbationem
869 1340 899 1367 et
919 1335 1153 1369 innovationem

404 1399 440 1421 ac
467 1399 541 1421 cum
568 1387 718 1420 omnibus
743 1394 772 1420 et
797 1388 931 1431 singulis
960 1390 991 1421 in
1012 1390 1056 1422 eis
1077 1401 1154 1423 con-

405 1442 497 1474 tentis
522 1441 674 1474 clausulis
700 1442 838 1486 desuper
863 1444 1024 1476 consectas
1048 1444 1155 1477 literas

404 1494 517 1528 Leonis
537 1500 568 1527 et
582 1494 764 1532 Clementis,
787 1496 1071 1538 praedecessorum
1093 1498 1153 1530 bu-

404 1548 554 1587 iusmodi,
578 1548 768 1581 auctoritate
806 1550 981 1592 apostolica
999 1578 1006 1591 ‚
1043 1556 1153 1585 tenore
1174 1570 1175 1588 i

404 1603 633 1645 praesentium,
649 1614 684 1636 ex
694 1608 778 1636 certa
791 1604 921 1636 scientia
938 1606 1154 1648 approbamus
1174 1632 1175 1647 ,

403 1661 432 1688 et
453 1655 652 1696 innovamus,
672 1667 707 1689 ac
728 1662 900 1700 perpetuae
931 1657 1088 1691 firmitatis
1104 1670 1154 1692 ro-

403 1710 464 1742 bur
484 1710 629 1743 obtinere
650 1716 680 1743 et
700 1710 836 1743 firmiter
853 1711 1013 1744 observari
1035 1713 1152 1747 debere

402 1762 616 1796 decernimus.

445 1817 459 1859 ξ
474 1817 504 1849 9.
518 1817 551 1849 Et
568 1817 789 1857 nihilominus,
807 1818 923 1862 potiori
940 1829 998 1862 pro
1014 1821 1149 1859 cautela,

402 1871 578 1914 praeniissa
605 1872 712 1904 onmia
739 1872 777 1904 de
804 1883 904 1912 novo,
931 1874 1082 1917 quodque
1113 1874 1151 1907 de

402 1929 508 1957 cetero
533 1925 698 1968 perpetuis
725 1926 841 1958 suturis
868 1926 1067 1970 temporibus
1092 1928 1152 1960 sra-

403 1982 465 2010 tres
486 1978 651 2021 praedicti,
674 1979 768 2012 etiam
797 1986 960 2023 praetextu
995 1992 1150 2025 quarum-

402 2042 541 2075 cumque
563 2033 768 2073 facultatum,
802 2033 1000 2067 indultorum
1028 2040 1057 2067 et
1078 2035 1148 2067 lite-

401 2095 510 2116 rarum
530 2085 792 2128 apostolicarum,
811 2087 869 2119 sub
890 2088 1149 2132 quilmscumquc

400 2138 565 2171 tenoribus
581 2144 609 2171 et
627 2140 747 2177 formis,
768 2152 804 2173 ac
820 2152 893 2173 cum
915 2141 1077 2185 quibusvis
1097 2143 1149 2175 tle-

400 2192 633 2233 rogatoriarum
655 2193 865 2236 derogatoriis
895 2195 1029 2238 aliisque
1045 2197 1148 2229 etlica-

399 2245 541 2278 cioribus
556 2251 582 2278 et
606 2246 739 2279 insolitis
760 2248 923 2289 clausulis,
948 2248 1147 2283 irritantibus

398 2304 426 2331 et
448 2299 517 2333 aliis
537 2300 673 2333 decretis
699 2312 925 2335 concessorum
940 2330 947 2343 ,
976 2303 1145 2336 baccalau-

397 2358 515 2393 reatus,
534 2354 719 2396 magisterii,
738 2355 1145 2391 iubilatusseulicentiatus

397 2411 424 2439 et
455 2407 532 2440 alios
557 2418 836 2452 quarumcumque
863 2411 1050 2444 facultatum
1073 2406 1144 2452 'gra-

396 2456 455 2489 dus
481 2462 567 2489 extra
592 2457 713 2490 dictum
743 2458 893 2491 Ordinem
915 2465 945 2492 et
965 2461 1085 2503 absque
1106 2462 1143 2494 li—

397 2505 499 2538 centia
520 2506 705 2539 huiusmodi
731 2508 913 2550 suscipere,
936 2520 993 2542 seu
1014 2510 1052 2542 ad
1073 2511 1143 2543 illos

395 2559 425 2587 et
440 2555 478 2587 ad
495 2555 730 2599 presbyteratus
747 2562 776 2588 et
792 2557 870 2589 alios
886 2569 992 2591 sacros
1015 2560 1142 2593 ordines

395 2614 427 2637 se
447 2605 628 2648 promoveri
657 2606 760 2641 facere
788 2607 919 2640 minime
948 2609 1083 2652 possint,
1106 2621 1141 2643 ac

1204 316 1471 349 mibusetOrdine
1488 317 1657 360 praedictis
1673 318 1807 361 expulsi,
1825 318 1865 351 ad
1880 318 1951 352 illos

1203 369 1313 412 quovis
1333 370 1429 402 modo
1449 371 1564 403 reverti
1590 376 1766 416 nequeant3
1794 377 1824 405 et
1844 372 1868 405 si
1894 373 1949 416 qui
1994 380 2008 400 ⁰

1204 425 1308 455 t'orsan
1340 433 1375 455 ex
1406 423 1556 457 fratribus
1589 425 1738 468 praefatis
1767 426 1805 458 ad
1834 427 1951 469 gradus

1202 481 1254 508 :tut
1271 476 1310 509 ad
1327 477 1455 509 ordines
1470 477 1655 511 huiusmodi
1672 479 1810 522 promoti
1822 480 1949 517 fuerint,

1203 540 1315 562 corum
1332 529 1506 574 privilegiis
1521 531 1567 563 uti
1583 532 1767 565 nullatenus
1783 533 1906 566 valeant
1921 539 1949 567 et

1203 593 1259 626 pro
1284 593 1349 615 non
1374 583 1532 626 promotis
1555 584 1753 625 habeantur,
1781 587 1950 619 statuimus

1202 641 1229 668 et
1239 636 1425 668 ordinamus
1437 647 1443 668 :
1453 647 1489 669 ac
1500 647 1721 682 quascumque
1730 640 1950 683 susceptiones

1201 694 1230 721 et
1250 689 1289 722 ad
1299 690 1417 732 gradus
1427 700 1463 723 ac
1484 690 1612 723 ordines
1622 691 1807 725 huiusmodi
1819 704 1949 737 promo-

1201 743 1313 782 tiones,
1336 748 1370 776 ut
1394 744 1591 788 praefertur,
1614 745 1708 778 etiam
1725 751 1888 789 praetextu
1909 747 1950 780 t'a-

1200 797 1355 829 cultatum
1398 803 1429 830 et
1463 798 1660 830 indultorum
1704 810 1740 831 ae
1783 800 1948 833 literarum

1201 850 1436 893 praedictarum
1453 862 1508 884 seu
1525 852 1602 885 alias
1617 852 1713 886 saetas
1729 859 1759 886 et
1775 854 1946 895 faciendas,

1200 904 1303 937 nullas
1333 910 1362 937 et
1382 904 1534 937 invalidas
1557 916 1594 938 ac
1614 906 1734 939 nullius
1759 907 1883 940 roboris
1901 908 1948 941 vel

1201 958 1353 991 momenti
1370 959 1448 997 sore,
1461 969 1519 991 nec
1536 959 1592 999 eis,
1606 959 1638 991 in
1654 970 1793 1003 quorum
1810 961 1947 995 savorem

1199 1012 1297 1044 sactae
1319 1017 1348 1044 et
1368 1023 1539 1045 concessae
1560 1013 1688 1053 suerint,
1707 1014 1876 1058 suffragari
1896 1015 1948 1048 de-

1198 1065 1272 1097 bere
1294 1065 1498 1099 decernimus
1519 1071 1549 1099 et
1568 1067 1780 1101 declaramus.

1242 1118 1255 1161 ξ
1282 1118 1328 1151 10.
1348 1119 1532 1152 Mandantcs
1548 1120 1759 1154 nibilominus
1790 1121 1946 1157 universis
2044 1167 2047 1170 Ι

1197 1176 1225 1203 ct
1238 1171 1372 1214 singulis
1388 1173 1590 1216 patriarchis,
1605 1174 1866 1218 archiepiscopis,
1881 1176 1946 1220 epi·
1960 1166 2060 1223 Ξζξῗᾞς
2080 1173 2144 1224 ἓξὲξ

1197 1224 1313 1269 scopis,
1332 1226 1499 1259 abbatibus
1519 1227 1595 1260 etin
1613 1228 1764 1271 dignitate
1794 1229 1944 1263 ecclesia·
1960 1229 2050 1249 ‘³⁰'‘'¹²¹¹⁵
2084 1229 2144 1249 ''¹¹³⁸“

1959 1259 2043 1280 Ordinis
2066 1261 2142 1281 auxilio

1197 1279 1273 1312 stica
1285 1280 1465 1313 constitutis
1482 1281 1637 1325 personis,
1652 1292 1777 1315 necnon
1789 1294 1944 1326 quarum·
1959 1291 2001 1326 {int
2017 1297 2054 1318 iro
2065 1297 2142 1328 excruss

1197 1343 1336 1376 eumque
1354 1335 1675 1377 metropolitanarum
1693 1341 1723 1368 et
1738 1336 1874 1370 aliarum
1895 1348 1944 1371 ca·
1959 1322 2141 1379 2¹§J,f}¹,¹({¹s¹},¹{,'‘;'⁰‘¹¹

1197 1386 1390 1419 thedralium
1427 1388 1637 1421 ecclesiarum
1659 1390 1834 1431 canonicis,
1857 1390 1943 1435 ipso-

1196 1450 1333 1484 rumque
1345 1441 1615 1485 patriarcharum,
1625 1443 1943 1488 archiepiscoporum

1196 1498 1226 1525 et
1257 1494 1484 1538 episcoporum
1527 1495 1652 1529 vicariis
1692 1502 1723 1529 et
1754 1498 1944 1532 officialibus

1197 1547 1329 1580 ubilibet
1372 1548 1551 1582 constitutis
1588 1555 1747 1594 quatenus
1772 1562 1883 1585 omnes
1913 1557 1944 1586 et

1196 1611 1307 1633 eorum
1330 1602 1474 1645 quilibet,
1493 1603 1617 1645 quoties
1640 1615 1698 1648 pro
1719 1611 1808 1648 parte
1823 1605 1943 1640 Nicolai

1195 1665 1231 1686 ac
1247 1666 1306 1698 pro
1323 1660 1467 1700 tempore
1484 1657 1644 1690 existentis
1656 1657 1772 1702 prioris
1787 1659 1944 1702 generalis

1196 1708 1379 1742 huiusmodi
1408 1710 1526 1743 suerint
1558 1711 1715 1754 requisiti,
1742 1712 1888 1747 similiter
1911 1713 1943 1747 in

1196 1762 1367 1804 praemissis
1386 1764 1569 1803 consilium,
1591 1765 1745 1799 auxilium
1758 1771 1788 1799 et
1803 1767 1942 1801 favorem

1195 1826 1251 1860 pro
1272 1816 1392 1849 viribus
1412 1818 1610 1861 impendant,
1638 1829 1703 1852 non
1723 1821 1943 1863 permittentes

1194 1881 1267 1902 eum
1285 1875 1315 1903 et
1330 1870 1408 1903 alios
1423 1871 1497 1904 dicti
1515 1870 1641 1904 Ordinis
1664 1874 1844 1917 superiores
1867 1886 1941 1909 con-

1195 1929 1240 1956 tra
1264 1929 1409 1957 tenorem
1440 1926 1659 1969 praesentium
1687 1933 1717 1960 et
1741 1927 1940 1971 singularum

1192 1978 1327 2010 aliarum
1341 1979 1505 2012 literarum
1525 1981 1740 2023 praefatarum
1756 1982 1863 2025 aliquo
1875 1994 1941 2017 mo-

1192 2032 1231 2064 ‹lo
1257 2033 1378 2065 turbari
1405 2039 1458 2066 aut
1486 2034 1653 2078 impediri,
1689 2036 1941 2071 contradictores

1191 2087 1350 2128 quoslibet
1371 2092 1397 2120 et
1415 2088 1550 2121 rebelles
1567 2100 1624 2132 per
1649 2100 1800 2124 censuras
1820 2096 1851 2125 et
1866 2102 1941 2136 poe-

1190 2152 1246 2174 nas
1274 2142 1503 2175 ecclesiasticas
1528 2154 1563 2176 ac
1593 2143 1653 2176 alia
1681 2144 1759 2178 iuris
1785 2146 1936 2186 remedia,

1189 2196 1402 2239 appellatione
1419 2197 1605 2239 postposita,
1625 2200 1870 2243 compescendo,
1889 2200 1938 2233 in-

1188 2255 1297 2282 vocato
1325 2244 1418 2283 etiam
1440 2250 1479 2283 ad
1505 2251 1577 2289 boe,
1601 2252 1624 2284 si
1646 2263 1729 2297 opus
1749 2254 1856 2295 fuerit,
1880 2265 1936 2288 au—

1187 2304 1261 2337 xilio
1283 2305 1404 2337 brachii
1426 2306 1608 2339 saecularis.

1230 2358 1244 2400 ,ξ
1270 2359 1321 2391 «11.
1355 2359 1423 2392 Non
1453 2360 1651 2395 obstantibus
1684 2363 1865 2406 praemissis
1899 2374 1936 2398 ac
1965 2380 2054 2406 nerogai
2081 2386 2134 2403 eon-

1187 2412 1287 2445 t'elicis
1303 2414 1534 2447 recordationis
1550 2416 1702 2449 Bonifaeii
1727 2417 1830 2460 Papae
1850 2418 1932 2456 vtll,
1950 2412 2027 2437 ²¹'¹¹‘³¹⁵⁵

1187 2461 1440 2503 praedecessoris
1461 2464 1571 2503 nostri,
1595 2466 1633 2498 de
1654 2476 1729 2506 una,
1748 2477 1784 2499 ae
1805 2467 1933 2500 concilii

1184 2511 1341 2553 generalis
1352 2511 1389 2544 de
1400 2513 1524 2546 duabus
1535 2515 1647 2555 (lh-etis,
1661 2516 1836 2549 dummodo
1849 2517 1932 2550 ultra

1184 2564 1247 2593 tres
1262 2560 1369 2593 disetas
1386 2562 1500 2606 aliquis
1515 2564 1702 2598 auctoritate
1714 2566 1930 2609 praesentium

1184 2620 1249 2643 non
1285 2611 1449 2647 trabatur,
1479 2623 1515 2645 ac
1542 2612 1611 2646 aliis
1641 2614 1823 2657 apostolicis
1849 2614 1930 2648 etin

2004 1135 2104 1156 Ecclesia·
2111 1142 2142 1156 ινιτ
