2227 3001
75 255 122 282 An.
140 255 168 282 C.
191 255 255 282 15112

82 796 186 816 Officialcs
211 796 250 816 cli-

70 827 138 853 gcudn

77 1117 249 1144 Degradaiionem

71 1149 168 1170 clericor.
191 1154 250 1167 euin-

69 1179 170 1203 intuenda

80 1865 252 1886 ζωὴ-3111110185

69 1897 198 1921 coercendi,

83 2348 183 2368 Auxilium
203 2348 252 2367 111-3-

69 2380 110 2400 eliii
135 2379 251 2400 saecularis

69 2410 178 2431 invocandi
198 2413 251 2435 ena,

916 252 1032 275 ritihus

273 305 393 349 pabiles
421 314 645 348 quoscumque
665 314 719 336 seu
737 310 902 347 suspectos
928 316 1019 347 prae-

271 359 459 391 cedentibus
478 357 609 397 inditiis,
632 358 817 390 carceribus
837 358 1021 402 mancipan—

270 413 314 453 di;
336 424 372 445 ac
393 418 504 445 contra
524 423 579 444 eos
602 421 704 454 usque
730 412 768 444 ad
795 412 922 444 tinalem
948 422 1020 445 sen-

271 466 400 498 tentiam
413 464 566 498 inclusive
583 464 790 508 procedendi,
802 470 829 496 et
844 465 1020 507 culpabiles

271 524 425 562 repertos,
445 518 566 562 poenis,
592 517 678 549 iuxta
696 518 865 550 canonicas
881 519 1019 551 sanctio-

269 583 324 604 nes
345 571 471 612 debitis,
495 571 713 615 puniendi3ac
727 571 839 604 ultimo
860 571 1019 615 supplicio

269 626 494 659 damnatorum
515 625 610 665 bona,
630 630 726 669 prout.
742 625 822 659 iuris
836 625 943 666 suerit,
962 636 1021 670 pu-

269 679 420 712 blicandi.

311 733 327 776 g
354 733 385 765 4.
413 733 556 772 Necnon,
592 732 630 764 ad
655 731 805 765 ess'eetiun
827 732 1020 776 praemisso-

268 797 359 827 rum,
382 792 626 831 procuratorem
655 786 797 819 fiscalem
826 792 855 818 et
880 786 1021 819 notarios

268 840 416 884 publicos
444 845 475 873 et
497 840 576 873 alios
600 840 753 873 olliciales
782 840 820 872 ad
845 840 1018 883 praemissa

268 893 465 927 necessarios
481 899 509 926 et
532 899 745 937 ‹qq›‹:›1·tunos,
766 893 861 925 etiam
886 893 1020 926 clericos

268 947 331 980 sire
351 947 530 990 religiosos,
553 947 789 990 cuiuscumque
811 946 939 980 Ordinis
954 948 1021 979 sue-

269 1001 342 1041 rint,
364 1001 539 1045 deputandi
560 1007 590 1033 et
610 1001 836 1034 constituendi.

311 1055 325 1098 g
346 1055 376 1088 5.
400 1055 437 1087 Et
457 1055 481 1088 si
508 1066 637 1087 necesse
664 1054 760 1087 fuerit
780 1054 906 1097 aliquos
929 1054 1020 1086 cleri-

267 1119 321 1141 cos
338 1109 532 1147 saeculares,
555 1112 609 1140 aut
635 1107 870 1150 cuiuscumque
895 1106 1021 1139 Ordinis

267 1162 442 1204 regulares,
460 1161 555 1193 etiam
574 1161 604 1193 in
622 1160 720 1193 sacris
736 1165 763 1192 01
782 1160 1021 1203 presbyteratus

266 1215 434 1248 ordinibus
454 1214 655 1254 constituto&
678 1219 811 1257 propter
831 1214 1019 1257 praemissa,

266 1269 454 1312 degradari,
478 1280 535 1312 per
555 1278 796 1311 quemcumque
824 1267 1019 1300 catholicum

266 1322 451 1359 antistitem,
474 1333 570 1366 quem
592 1321 748 1366 praedicti
765 1320 945 1353 cardinales
965 1321 1021 1353 du-

266 1376 369 1410 xerint
388 1375 622 1420 deputandum,
646 1374 828 1407 convocatis
847 1379 874 1406 et
898 1374 957 1406 sibi
982 1375 1021 1407 ad

268 1431 327 1463 boc
355 1429 577 1463 assistentibus
602 1428 730 1461 duobus
750 1427 940 1468 abbatibus,
967 1434 1021 1461 aut

267 1484 336 1517 aliis
346 1483 533 1529 personisin
548 1482 699 1525 dignitate
715 1481 930 1514 ecclesiastiea
947 1493 1021 1515 con-

268 1538 402 1577 stitutis,
425 1537 463 1570 ad
490 1537 649 1569 actualem
679 1535 941 1578 degradationem
965 1547 1019 1569 00-

268 1592 416 1625 rumdem
450 1590 666 1629 clericorum,
696 1600 875 1632 eorumque
907 1589 1021 1623 Curiae

269 1644 425 1679 saeculari
460 1643 665 1676 traditionem
695 1654 751 1675 seu
784 1642 1018 1681 dimissionem,

269 1699 366 1740 alias,
397 1702 493 1742 prout
517 1697 612 1730 etiam
643 1696 722 1729 iuris
750 1695 863 1736 suerit,
890 1696 1020 1740 procedi

270 1752 416 1786 faciendi.

313 1807 328 1850 ξ
348 1806 377 1839 6.
401 1806 444 1839 Ac
465 1804 716 1839 contradictores
743 1803 904 1847 quoslibet
923 1809 953 1837 et
974 1815 1021 1837 re-

267 1860 367 1893 belles
392 1858 574 1899 sententiis,
603 1857 747 1891 censuris
774 1862 804 1889 et.
830 1857 942 1901 poenis
967 1869 1019 1890 ec-

267 1913 451 1947 clesiasticis
471 1924 507 1945 ac
528 1911 712 1956 privationis
729 1911 875 1944 omnium
901 1917 931 1943 et
956 1911 1019 1944 sin-

266 1968 416 2012 gulorum
446 1965 678 1999 beneficiorum
704 1971 735 1998 et
759 1965 941 1998 officiorum
971 1979 1021 1998 ec—

267 2021 518 2055 clesiasticorum
540 2031 676 2064 percos
700 2019 941 2063 quomodolibet
963 2020 1019 2052 ob-

266 2080 442 2114 tentorum,
464 2085 591 2107 necnon
612 2073 878 2107 inhabilitationis
903 2074 942 2106 ad
967 2073 1020 2106 illa

268 2135 298 2163 et
322 2129 385 2162 alia
412 2129 443 2161 in
472 2133 634 2172 posterum
664 2127 856 2168 obtinenda,
886 2127 1020 2171 aliisque

267 2182 459 2228 opportunis
486 2183 565 2216 iuris
594 2182 761 2223 remediis,
798 2181 1021 2225 appellationis

268 2236 400 2279 diffugio
421 2241 555 2275 semoto,
573 2234 810 2279 compescendi.

311 2291 326 2333 ξ
346 2290 376 2322 7.
400 2289 437 2322 Et
455 2289 611 2323 auxilium
631 2288 757 2322 brachii
778 2287 952 2321 saecularis
972 2288 1020 2320 in-

267 2342 419 2383 vocandi,
442 2342 615 2386 omniaque
636 2348 666 2375 et
686 2342 813 2385 singula
837 2341 915 2382 alia,
938 2352 1020 2385 quae

268 2396 423 2442 praedicti
444 2396 635 2436 cardinales,
653 2396 691 2429 ad
703 2397 852 2429 haereses
866 2401 892 2428 et
912 2395 943 2427 in
959 2395 1021 2428 fide

268 2450 455 2484 huiusmodi
481 2460 616 2489 errores,
637 2450 676 2482 ad
702 2460 853 2494 praesens
873 2449 905 2481 in
927 2459 1021 2492 repu-

269 2500 353 2533 blica
382 2499 557 2532 christiana
576 2498 709 2532 ubilibet
730 2499 872 2542 vigentes
885 2525 892 2539 ,
920 2497 1021 2542 repri-

269 2549 403 2582 mendos
431 2553 461 2581 et
487 2548 640 2581 radicitus
664 2548 886 2592 extirpandos,
910 2558 1020 2581 neces-

269 2598 352 2631 saria
378 2597 445 2631 fore
465 2597 683 2641 cognoverint,
703 2602 733 2630 et
752 2598 792 2630 ad
812 2597 954 2630 officium
972 2597 1020 2629 in-

269 2647 450 2692 quisitionis
477 2647 656 2680 haereticae
685 2647 847 2690 pravitatis
879 2647 917 2679 de
951 2646 1021 2679 iure

346 2701 423 2732 Ball.
448 2700 525 2731 Rom.
545 2700 599 2730 Vol.
622 2699 664 2730 Vl.
864 2699 900 2729 44

1058 253 1088 275 111
1117 253 1162 274 rr.
1708 242 1772 274 :145

1064 304 1235 347 pertinent,
1263 304 1420 342 faciendi,
1448 302 1597 345 gerendi,
1624 302 1812 340 ordinandi,

1063 357 1230 390 exercendi
1252 363 1279 389 et
1302 356 1492 400 exequendi.

1106 413 1121 454 ,ξ
1138 410 1168 444 8.
1187 411 1317 443 Necnon
1333 411 1370 443 1111
1388 410 1561 453 praemissa
1578 409 1687 442 onmia
1707 409 1814 442 015111-

1062 466 1136 505 gula
1157 465 1188 497 in
1213 464 1379 507 quibusvis
1399 463 1593 500 civitatibus,
1612 462 1705 495 terris
1721 469 1749 495 et
1772 464 1814 495 lo-

1064 518 1119 555 015,
1147 519 1185 550 de
1206 518 1324 562 quibus
1344 518 1463 550 eisdem
1490 516 1707 549 cardinalibus
1730 516 1815 549 vide—

1064 571 1161 611 bitur,
1180 577 1206 603 et
1230 572 1356 614 quoties<
1377 571 1435 614 ipsi
1457 569 1635 603 cardinales
1651 580 1733 612 opus
1748 581 1816 602 esse

1063 626 1288 667 cognoverint,
1312 625 1391 657 alias
1412 635 1565 668 personas
1585 623 1817 657 ecclesiasticas

1064 678 1215 716 idoneas,
1246 679 1386 711 literatus
1416 684 1446 710 et
1479 679 1579 711 Deum
1605 678 1763 717 timentes,
1785 678 1818 709 in

1065 733 1224 776 theologia
1245 733 1426 773 magistros,
1444 744 1499 765 seu
1526 733 1556 765 in
1574 733 1674 764 altero
1695 732 1816 764 1111111111

1064 787 1222 825 doctores,
1241 787 1430 825 licentiatos,
1454 787 1694 825 lmecalaureos,
1713 785 1744 818 in
1762 785 1818 818 ali-

1063 851 1126 882 qua
1148 841 1356 873 Universitate
1378 840 1479 873 Studii
1502 839 1660 881 generalis
1682 840 1818 881 gradua-

1063 898 1123 933 tos,
1148 894 1178 925 in
1200 894 1365 935 trigesimo
1394 904 1507 925 eorum
1533 892 1646 925 aelidis
1674 904 1757 925 anno
1779 893 1818 925 ad

1065 946 1170 979 minus
1185 947 1383 984 constitutos,
1394 957 1451 978 seu
1467 946 1677 978 ecclesiarum
1706 946 1815 978 cathe-

1064 1000 1203 1032 dralium
1228 1000 1412 1039 canonicos,
1438 1000 1484 1032 vel
1506 999 1567 1031 alia
1588 999 1740 1041 dignitate
1764 1011 1817 1032 ec-

1063 1053 1241 1085 clesiastica
1270 1053 1448 1096 praeditos,
1479 1064 1552 1084 cum
1583 1052 1677 1084 simili
1703 1058 1758 1085 aut
1783 1052 1818 1084 li-

1064 1106 1174 1138 mitata
1195 1106 1356 1145 facultate,
1385 1105 1597 1138 substituendi
1619 1112 1646 1138 et
1670 1106 1818 1139 subdele-

1062 1160 1170 1203 gandi,
1185 1172 1219 1192 ac
1241 1171 1307 1197 eos,
1332 1161 1363 1192 in
1383 1165 1448 1192 toto
1469 1161 1516 1191 vel
1543 1160 1573 1191 in
1595 1165 1696 1202 parte,
1723 1160 1819 1192 simul

1062 1214 1110 1246 vel
1131 1214 1320 1251 successive,
1335 1214 1373 1246 ad
1394 1214 1583 1246 eoriundem
1605 1213 1818 1246 cardinalium

1064 1267 1203 1307 libitum,
1221 1268 1317 1300 etiam
1333 1268 1364 1300 in
1379 1267 1522 1310 negociis
1537 1273 1564 1299 et
1579 1266 1683 1299 causis
1694 1278 1751 1310 per
1765 1278 1819 1300 eos

1064 1328 1138 1354 tun«¹
1157 1321 1324 1364 incoeptis,
1342 1321 1511 1354 revocandi
1532 1325 1562 1353 et
1582 1321 1652 1353 loeo
1674 1321 1817 1364 ipsorum

1063 1375 1142 1407 alios
1163 1375 1309 1408 similiter
1329 1375 1530 1418 111111111101111»1
1553 1375 1750 1418 deputandi,
1778 1375 1819 1407 ita

1064 1434 1169 1462 tamen
1201 1430 1288 1472 quod
1315 1429 1469 1473 praedicti
1505 1429 1685 1461 cardinales
1715 1429 1817 1462 etalii

1063 1483 1102 1515 ab
1123 1484 1167 1515 eis
1188 1494 1245 1527 pro
1269 1488 1413 1526 tempore
1446 1483 1590 1526 deputati
1619 1483 1658 1515 de
1688 1483 1817 1515 absolu—

1064 1536 1204 1569 tionibus
1220 1542 1247 1570 et
1266 1536 1588 1570 reconciliationibus
1606 1547 1749 1576 reorum,
1763 1537 1818 1579 qui

1064 1591 1101 1623 ad
1122 1591 1261 1623 veritatis
1282 1592 1392 1623 lumen
1414 1591 1517 1623 redire
1542 1590 1716 1629 voluerint„
1739 1601 1819 1634 quas

1064 1644 1155 1677 nobis
1176 1656 1323 1688 expresse
1345 1655 1557 1684 reservamus,
1577 1655 1612 1676 ac
1629 1644 1708 1683 aliis,
1719 1655 1817 1687 quam

1064 1698 1205 1730 haeresis
1215 1698 1337 1730 crimen
1349 1698 1557 1741 sapientibus,
1574 1697 1697 1730 delictis
1712 1702 1741 1730 et
1763 1708 1816 1730 ex-

1064 1751 1207 1786 cessibus
1236 1763 1267 1785 se
1297 1752 1510 1785 intromittere
1541 1756 1721 1794 nequeant,
1749 1752 1816 1795 ple-

1063 1818 1137 1839 nam
1172 1811 1201 1839 et
1231 1805 1452 1838 omnimodam
1481 1806 1665 1838 facultatem
1697 1805 1816 1838 eisdem

1064 1860 1253 1893 auctoritate
1279 1865 1306 1892 et
1330 1865 1440 1892 tenore
1461 1859 1682 1892 concedimus¹

1108 1914 1164 1957 ἐξ).
1180 1914 1215 1946 Et
1229 1913 1449 1954 nibilominus,
1461 1913 1650 1946 auctoritate
1662 1918 1693 1945 et
1708 1918 1817 1946 tenore

1064 1968 1258 2012 praemissis,
1280 1968 1450 2001 statuimus
1474 1973 1501 2000 01
1524 1967 1711 2000 ordinamus
1731 1968 1817 2011 quod

1064 2033 1176 2055 omnes
1196 2027 1223 2054 et
1245 2021 1390 2064 singulae
1418 2021 1652 2065 appellationes
1672 2032 1729 2065 per
1750 2032 1815 2061 eos,

1064 2080 1174 2108 contra
1194 2086 1276 2118 quos
1304 2075 1411 2117 vigore
1439 2074 1658 2118 praesentium
1687 2074 1818 2118 procedi

1064 2128 1244 2171 contigerit,
1267 2139 1284 2160 a
1305 2128 1565 2172 quibuscumque
1580 2139 1638 2171 per
1649 2128 1735 2172 ipsos
1751 2139 1818 2161 car-

1063 2183 1185 2215 dinales
1200 2183 1359 2226 deputatis
1375 2193 1433 2226 pro
1450 2187 1594 2226 tempore
1610 2181 1817 2226 interponen-

1063 2238 1133 2277 dae,
1151 2237 1188 2269 ad
1205 2237 1332 2269 eosdem
1347 2236 1526 2269 cardinales
1537 2236 1657 2269 devolvi
1668 2236 1815 2275 debeant3

1065 2290 1188 2333 ipsique
1209 2290 1388 2322 cardinales
1418 2300 1530 2322 causas
1563 2289 1816 2333 appellationum

1064 2344 1261 2383 huiusmodi,
1289 2355 1363 2377 cum
1385 2343 1537 2376 omnibus
1553 2348 1582 2376 et
1605 2343 1740 2386 singulis
1764 2354 1816 2377 ea-

1064 2409 1136 2431 rum
1158 2398 1389 2438 incidentibus,
1413 2397 1684 2441 dependentibus,
1712 2408 1815 2430 emer-

1063 2451 1223 2495 gentibus,
1246 2451 1377 2484 annexis
1392 2456 1422 2484 et
1438 2451 1601 2490 connexis,
1619 2450 1742 2490 audire,
1765 2462 1816 2483 co-

1063 2511 1217 2544 gnoscere
1239 2506 1269 2533 et
1288 2500 1447 2533 decidere.

1108 2550 1151 2582 Ac
1168 2549 1199 2581 111
1216 2560 1421 2593 quacumque
1439 2548 1588 2582 instantia
1603 2548 1737 2587 suerint,
1752 2548 1814 2580 fine

1064 2598 1169 2631 debito
1200 2598 1373 2632 terminare
1390 2625 1397 2639 ,
1427 2609 1463 2632 ac
1491 2596 1670 2632 executioni
1690 2596 1814 2630 debitae

1064 2648 1268 2682 demandare.

1831 251 1880 277 An.
1899 250 1928 278 C.
1949 248 2014 275 itm

1876 424 2015 451 inquisitores

1830 457 1897 476 ubivis
1920 457 2013 477 locorum

1831 489 1961 514 deputandi,

1857 1930 2018 1957 ‚tppetlatioues

1833 1961 1857 1982 ab
1878 1962 1924 1981 aliis
1946 1963 2016 1987 inqui-

1833 1994 1933 2013 sitoribus
1953 1994 2017 2012 inter*

1833 2025 1913 2051 positas
1957 2025 2017 2045 deci-

1834 2056 1905 2080 dendi,
