2227 3001
173 265 221 294 An.
241 266 270 294 C.
289 263 356 294 isto

213 1224 356 1250 Indulgeuiins

172 1257 275 1276 stationes
296 1253 356 1275 [ibis

172 1287 278 1307 reti-rcum
304 1293 356 1306 cou-

173 1321 289 1344 sequuntur
306 1318 354 1337 visi-

172 1349 234 1369 tando
283 1349 357 1368 altauia

172 1385 209 1406 per
226 1384 263 1400 cos
279 1380 357 1405 eligen-

175 1412 185 1431 ἀ
203 1418 206 1435 ;

194 1919 294 1940 Carnibus
306 1918 364 1938 vesci

182 1954 269 1978 possunt
294 1950 366 1970 dicbus

181 1982 260 2007 'etism

201 2312 309 2340 Eoi-aeque
334 2318 370 2332 e.-

188 2351 276 2367 lbentcas
289 2348 371 2370 pnsum<

189 2378 235 2397 mis
257 2377 313 2395 horis
337 2380 373 2394 rc-

190 2410 256 2429 citai‘e
276 2409 372 2434 ponuat,

415 253 480 289 0294

373 315 658 351 excommunicatis
677 320 708 348 et
727 312 902 347 interdictis
923 311 1069 351 exclusis,
1092 311 1124 343 in

373 381 431 403 sua
446 375 476 404 et
496 369 703 403 familiarium
721 377 855 400 suorum
872 365 1123 399 domesticorum

371 435 407 457 ac
420 429 559 468 quatuor
574 423 709 456 aliarum
726 430 939 465 personarum
956 418 1124 461 utriusque

372 488 484 518 sexus,
514 488 571 521 per
599 487 653 509 eos
673 480 701 508 et
722 473 897 518 quemlibet
928 482 1041 505 eorum
1067 470 1124 503 eli-

371 531 548 573 gendarum
578 528 758 573 praesentia
783 526 981 570 (dummodo
1015 524 1074 568 ipsi
1096 528 1124 556 ct

372 584 416 617 illi
445 594 573 616 causam
604 593 667 614 non
693 581 837 614 dederint
862 579 1045 618 interdicte,
1072 582 1124 610 aul

372 638 416 670 eis
432 638 479 670 vel
496 636 557 669 illis
573 635 741 678 contigerit
758 634 940 678 specialiter
951 631 1123 674 interdici),

373 690 492 733 possint
523 700 580 733 per
600 700 631 721 se
653 689 750 732 ipsos,
772 687 827 730 qui
854 685 1030 730 presbyteri
1056 685 1125 717 sue-

371 743 445 784 rint,
468 749 523 776 aut
544 742 712 786 proprium
738 741 786 774 vel
806 740 906 773 alium
927 738 1126 772 sacerdotem

371 796 535 837 idoneum,
560 796 671 828 missas
692 800 720 827 et
741 794 803 827 alia
823 793 928 825 diviua
948 791 1053 824 officia
1074 802 1125 824 ce-

371 849 496 882 lebrare
512 860 567 881 seu
585 847 741 881 celebrari
759 848 863 879 facere
878 873 884 885 ‚
904 855 1032 877 necnon
1048 849 1126 877 tem-

371 912 448 945 pore
466 901 626 934 interdicti
643 900 829 933 huiusmodi
846 898 958 930 dix-inis
974 898 1126 930 interesse

371 965 406 987 ac
436 954 651 987 ecclesiastica
680 958 879 986 sacramenta
908 951 1075 994 recipere,
1098 955 1126 982 et

371 1007 447 1050 ipsis
468 1007 552 1040 dicto
574 1013 719 1050 tempore
741 1004 990 1040 decedentibus,
1014 1014 1126 1036 eorum

372 1071 508 1104 corpora
537 1060 789 1096 ecclesiasticae,
819 1059 913 1091 etiam
940 1068 1013 1090 cum
1035 1057 1127 1089 fune-

371 1114 430 1147 rali
452 1125 582 1157 pompa,
606 1113 687 1146 tradi
710 1112 831 1156 possint
851 1112 1048 1155 sepulturae.

415 1168 429 1211 ξ
450 1167 501 1200 16.
525 1167 656 1199 Necnon
683 1165 816 1208 singulis
845 1163 1128 1208 quadragesimali-

371 1225 431 1257 bus
451 1230 481 1258 et
505 1224 574 1257 aliis
599 1222 801 1266 temporibus
827 1227 856 1255 et
881 1222 994 1254 diebus
1019 1220 1127 1253 statio-

372 1285 451 1306 num
478 1273 683 1306 basilicarum
719 1277 748 1304 et
777 1270 987 1304 ecclesiarum
1026 1271 1128 1302 almae

372 1322 482 1363 Urbis,
513 1328 543 1355 et
563 1327 650 1354 extra
676 1331 787 1353 muros
810 1320 894 1359 cius,
924 1320 1003 1352 duas
1030 1320 1130 1352 eccle-

372 1372 433 1404 sias
452 1372 500 1404 vel
522 1371 586 1404 duo
603 1375 654 1403 aut
677 1370 736 1402 tria
766 1369 890 1407 altaria,
904 1368 1001 1401 unius
1016 1369 1063 1401 vel
1082 1368 1128 1400 di-

372 1431 536 1453 versarum
559 1419 781 1458 ecclesiarum,
795 1418 826 1450 in
839 1418 917 1450 locis
934 1418 988 1449 ubi
1000 1417 1085 1460 ipsos
1101 1422 1128 1449 et

373 1480 487 1502 eorum
508 1468 651 1511 singulos
673 1478 729 1511 pro
757 1472 901 1509 tempore
927 1466 1091 1508 eligendos
1118 1464 1127 1487 ¹

373 1528 430 1550 seu
451 1515 788 1560 eligenda‚visitamlo,
807 1525 919 1547 omnes
939 1520 969 1547 et
989 1514 1131 1555 singulas

374 1566 588 1608 indulgentias
625 1570 655 1597 et
690 1569 898 1607 peccatorum
926 1562 1131 1595 remissiones

375 1619 626 1657 consequantur,
662 1624 742 1655 quas
776 1616 1055 1654 consequerentur
1088 1611 1130 1649 si,

375 1664 495 1697 eisdem
524 1661 726 1706 temporibus
751 1667 779 1694 et
805 1661 931 1695 diebus,
959 1659 1131 1692 stationum

376 1713 522 1745 basilicas
542 1718 572 1744 et
605 1711 757 1744 ccclesias
779 1710 871 1743 L'rbis
895 1708 1082 1742 huiusmodi
1104 1713 1132 1740 et

377 1766 590 1794 extramuros
619 1760 687 1792 eius
711 1759 749 1791 ad
779 1758 809 1791 id
837 1758 1005 1802 deputatas
1027 1767 1133 1799 perso-

379 1810 496 1843 naliter
514 1809 688 1843 visitarent.

424 1860 438 1902 ξ
459 1860 511 1892 17.
543 1860 586 1891 Ac
607 1858 726 1891 eisdem
753 1855 1086 1900 quadragesimalibus
1106 1859 1133 1887 et

380 1908 451 1940 aliis
478 1907 699 1951 temporibus,
727 1906 845 1949 quibus
872 1915 945 1937 esus
973 1903 1132 1938 carnium,

381 1967 534 1995 ovorum,
563 1956 647 1989 casei
679 1961 709 1988 et
736 1954 972 1987 lacticiniorum
999 1953 1036 1984 de
1067 1951 1135 1983 iure

382 2006 429 2039 vel
457 2004 689 2038 consuetudine
717 2008 764 2036 est
789 2002 986 2046 prohibitus,
1017 2000 1135 2033 eisdem

382 2054 458 2093 ovis,
481 2064 586 2093 caseo,
608 2053 724 2095 butyro
745 2057 775 2084 et.
794 2051 863 2083 aliis
884 2049 1063 2087 lacticiniis,
1087 2060 1135 2085 ac,

383 2103 421 2136 de
447 2103 615 2145 utriusque
641 2101 757 2134 medici
786 2100 936 2139 consilio,
973 2098 1135 2131 carnibus.

383 2152 504 2195 absque
526 2151 743 2184 conscientiae
763 2149 930 2192 scrupulo,
953 2148 1012 2188 uti,
1031 2147 1093 2179 frui
1110 2152 1138 2179 et

383 2201 477 2234 vesci.

430 2250 444 2292 ἓ
463 2248 516 2282 18.
540 2249 669 2281 Necnon
690 2247 797 2287 ctiam,
825 2246 930 2290 quoad
958 2245 1089 2278 vixerint
1111 2250 1138 2277 et

387 2298 512 2343 quoties
528 2298 572 2330 eis
588 2297 756 2341 plat-uerit,
778 2307 834 2339 per
845 2296 966 2339 scipsos
982 2300 1037 2327 aut
1066 2305 1139 2327 cum

388 2359 452 2382 uno
472 2348 520 2380 vel
549 2347 676 2379 duobus
696 2346 808 2379 amicis
841 2356 896 2377 seu
930 2343 1142 2377 familiaribus

388 2397 466 2437 suis,
483 2406 538 2440 per
550 2406 604 2428 eos
619 2406 677 2439 pro
699 2401 844 2438 tempore
861 2393 1027 2437 eligendis,
1046 2394 1142 2425 horas

389 2445 575 2484 canonicas,
603 2444 735 2477 diurnas
760 2444 880 2487 pariter
900 2448 1140 2477 etimcturnas,

389 2506 425 2529 ac
445 2494 506 2528 alia
531 2493 634 2526 divina
655 2492 769 2531 officia,
791 2492 970 2525 secundum
998 2502 1093 2523 usum
1115 2495 1142 2523 et

389 2554 513 2577 morem
534 2543 636 2576 dictae
658 2542 819 2574 Romanae
840 2540 1016 2580 Ecclesiae,
1038 2540 1144 2573 dicere

428 2607 438 2633 ¹
459 2607 511 2632 Pro
529 2609 647 2638 tempore
667 2613 718 2631 esse
744 2606 917 2635 contingerit,
939 2605 1066 2634 eliqemlos
1083 2606 1144 2633 elc.;

391 2651 426 2678 ita
443 2651 537 2688 partim
551 2657 612 2677 cum
635 2648 750 2676 Cherub.
768 2648 879 2683 legimus
897 2646 935 2681 (n.
954 2647 1003 2682 r).

969 259 1148 284 sst'LLAmUM
1169 252 1319 281 RomNt‘M

1166 316 1196 343 et
1216 310 1350 343 recitare
1371 308 1471 341 libere
1496 313 1526 341 et
1550 306 1635 340 licite
1661 306 1808 347 valeant,
1830 310 1861 339 et
1880 305 1920 339 ad

1166 364 1265 396 alium
1286 373 1381 395 usum
1401 372 1499 405 super
1518 361 1579 394 hoc
1600 359 1835 394 observandum
1857 359 1918 392 mi-

1167 416 1252 449 nime
1278 421 1469 456 teneantur,
1497 426 1556 448 nec
1585 415 1624 448 ad
1645 415 1676 447 id
1700 425 1718 447 a
1738 424 1916 458 quoquam,

1167 471 1261 503 etiam
1288 470 1411 502 ratione
1438 479 1721 513 quorumcumque
1745 468 1919 501 beneficio-

1168 535 1239 556 rum
1270 523 1559 556 ecclesiasticorum
1588 535 1646 567 per
1673 534 1727 556 eos
1753 533 1811 566 pro
1838 527 1920 555 tem-

1168 587 1246 620 pore
1267 577 1484 617 obtentorum,
1507 576 1594 608 inviti
1615 576 1766 620 compelli
1787 574 1919 619 possint,

1168 629 1263 662 etiam
1284 630 1500 674 indulgemus.
1524 630 1558 662 Et
1583 629 1718 662 ulterius
1738 629 1922 662 referenda-

1169 683 1223 715 riis
1240 689 1269 716 et
1281 683 1350 717 aliis
1366 682 1576 726 infrascriptis
1591 693 1628 715 ac
1649 692 1761 714 eorum
1790 681 1923 725 singulis

1170 727 1338 780 utriusque
1356 747 1448 769 sexus
1465 735 1679 779 parochianos
1689 735 1923 779 parochialium

1169 789 1381 822 ecclesiarum
1402 795 1433 822 et
1452 789 1590 822 aliorum
1616 788 1850 821 beneficiorum
1871 798 1924 822 ec-

1170 842 1423 875 clesiastieorum
1443 852 1728 885 quorumcumque
1750 852 1807 885 per
1822 851 1876 874 eos
1895 845 1926 874 et

1170 907 1283 928 eorum
1305 895 1448 938 singulos
1468 905 1555 928 nunc
1584 900 1614 927 et
1629 905 1688 938 pro
1709 900 1854 937 tempore
1872 893 1927 927 ob-

1170 954 1345 989 tentorum,
1373 948 1411 981 ad
1429 959 1495 989 eos,
1514 947 1723 981 confessionis
1748 945 1927 980 audiendae

1171 1012 1278 1041 causa,
1310 1012 1368 1045 pro
1398 1007 1543 1044 tempore
1573 1000 1784 1038 confluentes,
1807 999 1929 1032 confes·

1170 1054 1315 1087 sionibus
1348 1054 1481 1086 illorum
1506 1064 1565 1097 per
1591 1064 1646 1086 eos
1671 1052 1927 1095 diligenter‚,au-

1171 1107 1255 1146 ditis,
1278 1118 1295 1139 a
1316 1106 1480 1150 quibusvis
1500 1117 1613 1139 eorum
1641 1105 1798 1148 peccatis,
1822 1103 1929 1137 crimi-

1171 1160 1281 1198 nibus,
1310 1159 1492 1192 excessibus
1513 1164 1541 1191 et
1563 1158 1697 1198 delictis,
1721 1158 1754 1190 in
1777 1156 1929 1190 omnibus

1171 1219 1201 1245 ct
1225 1213 1359 1255 singulis
1391 1212 1537 1252 casibus,
1567 1212 1600 1244 in
1629 1211 1747 1254 quibus
1774 1209 1929 1243 ordinarii

1172 1266 1319 1298 locorum
1340 1265 1378 1298 de
1399 1265 1469 1297 iure
1498 1265 1546 1297 vel
1568 1263 1801 1297 consuetudine
1827 1262 1929 1295 absol-

1171 1329 1243 1351 vere
1265 1318 1396 1361 possint,
1426 1318 1552 1361 quoties
1573 1321 1795 1360 opportunum
1818 1314 1926 1355 suerit,

1173 1372 1355 1404 dioecesani
1376 1371 1438 1404 loci
1455 1377 1485 1403 et
1501 1370 1638 1403 cuiusvis
1654 1369 1785 1402 alterius
1800 1368 1930 1401 licentia

1173 1436 1271 1468 super
1286 1426 1346 1457 lioc
1360 1424 1492 1457 minime
1513 1423 1677 1467 requisita,
1701 1423 1877 1462 absolvere,
1900 1427 1931 1454 et

1174 1478 1219 1511 cis
1244 1489 1302 1521 pro
1337 1477 1516 1510 commissis
1544 1476 1777 1521 poenitentiam
1811 1475 1929 1508 saluta-

1175 1542 1241 1564 rem
1264 1532 1444 1574 iniungere.

1219 1586 1233 1628 ξ
1259 1586 1306 1619 19.
1330 1586 1461 1618 Necnon
1478 1590 1512 1617 ut
1528 1585 1566 1617 de
1583 1583 1735 1617 omnibus
1751 1587 1782 1616 et
1797 1581 1931 1625 singulis

1177 1639 1267 1671 bonis
1288 1639 1463 1671 mobilibus
1488 1643 1516 1671 et
1547 1636 1784 1670 semoventibus
1811 1646 1847 1668 ac
1867 1635 1930 1668 im-

1177 1692 1362 1731 mobilibus,
1376 1692 1510 1724 ubilibet
1526 1690 1785 1729 consistentibus,
1804 1698 1931 1722 necnon

1178 1746 1301 1778 iuribus
1311 1751 1339 1778 ct
1349 1745 1542 1785 actionibus,
1554 1755 1636 1787 quae
1658 1743 1697 1776 ad
1706 1753 1761 1776 eos
1773 1747 1932 1776 eteorum

1177 1799 1366 1843 quemlibet,
1390 1799 1485 1832 etiam
1510 1797 1772 1841 archiepiscopos
1786 1796 1835 1829 vel
1863 1795 1932 1839 epi-

1178 1863 1310 1896 scopos,
1345 1853 1440 1885 etiam
1475 1852 1598 1884 ratione
1631 1860 1785 1890 suarum,
1816 1848 1935 1892 quibus

1179 1916 1315 1950 praeesse
1324 1906 1514 1948 dignoscunt
1521 1906 1571 1943 ur,
1580 1915 1616 1937 ac
1625 1904 1760 1936 aliarum
1769 1902 1935 1935 cathedra-

1180 1960 1258 1992 lium
1292 1959 1524 1996 ccclesiarum,
1551 1957 1646 1990 etiam
1670 1956 1935 1999 metropolitana-

1180 2023 1263 2051 rum,
1285 2012 1322 2044 ad
1335 2024 1415 2056 quas
1435 2022 1489 2044 eos
1510 2010 1675 2044 transferri
1697 2009 1878 2052 contigerit,
1906 2013 1937 2041 et

1181 2066 1317 2098 aliorum
1353 2065 1586 2098 beneficiorum
1621 2063 1934 2101 ecclesiasticorum,

1181 2118 1386 2152 saecularium
1396 2124 1423 2151 et
1432 2117 1629 2161 regularium
1641 2125 1936 2159 quorumcumque,

1182 2173 1387 2206 obtentorum
1409 2178 1439 2205 et
1459 2171 1724 2211 obtinendorum,
1755 2169 1936 2214 quomodo-

1183 2226 1257 2258 libet
1286 2225 1447 2269 pertinent
1474 2230 1504 2257 et
1530 2223 1747 2268 pertinebunt,
1775 2221 1938 2266 acquisitis

1183 2284 1211 2312 ct
1242 2279 1464 2323 acquirendis,
1502 2283 1597 2322 prout
1629 2277 1791 2310 auditores
1823 2276 1937 2310 Curiae

1184 2345 1354 2366 causarum
1380 2332 1490 2366 Palatii
1514 2332 1688 2376 Apostolici
1715 2342 1752 2364 ex
1773 2330 1938 2374 privilegio

1185 2387 1379 2430 apostolico,
1410 2386 1454 2419 eis
1481 2397 1539 2429 per
1571 2386 1745 2419 nonnullos
1778 2385 1939 2418 Romanos

1185 2440 1355 2473 Pontifices
1376 2440 1638 2483 praedecessores
1653 2444 1779 2472 nostros
1795 2443 1824 2471 et
1845 2448 1938 2482 prae-

1186 2489 1294 2522 sertim
1316 2489 1495 2532 praefatum
1516 2489 1633 2521 lulium
1646 2488 1939 2531 praedecessorem,

1188 2549 1244 2582 per
1264 2538 1332 2570 eius
1347 2538 1466 2577 literas,
1484 2548 1564 2581 quas
1580 2548 1637 2569 nos
1657 2536 1781 2577 vidisse,
1798 2536 1938 2569 tenuisse

1226 2602 1233 2625 t
1258 2599 1415 2627 Auditorum
1434 2600 1515 2626 Rotae
1535 2599 1685 2626 facultatem
1708 2598 1784 2625 istam
1805 2597 1886 2625 habes
1913 2597 1938 2624 in

1188 2644 1321 2671 Clemente
1334 2644 1390 2677 Vll,
1409 2645 1515 2671 constit.
1534 2652 1593 2677 xm,
1615 2652 1673 2679 pag.
1696 2644 1725 2671 81
1749 2642 1828 2670 buius
1844 2641 1918 2670 tomi.

1931 250 1981 279 An.
1999 250 2029 279 C.
2050 246 2116 279 15110

1960 1597 2084 1624 'resinaque
2107 1602 2129 1618 ο-

1948 1631 1996 1650 ιί.ιιιι
2021 1629 2047 1649 do
2069 1627 2132 1648 boni·

1947 1660 2055 1687 acquisitis
2061 1664 2086 1679 ex
2096 1658 2134 1678 bo-

1948 1692 2037 1716 neficiis,
2071 1692 2134 1716 prou!

1948 1723 2037 1744 auditor.
2047 1720 2133 1746 not-15
