2227 3001
201 248 251 276 An.
266 249 294 277 C.
316 248 384 277 ¹558

443 240 506 276 540

397 302 613 347 assequendos
624 308 780 348 perpetuo
800 302 1052 346 inhabilitamus,
1065 312 1093 338 et
1109 306 1149 338 ab

397 357 584 391 executione
609 368 893 400 quorumcumque
913 359 1147 393 ecclesiastico—

396 422 483 448 rum,
501 411 596 444 etiam
610 422 788 451 sacrorum,
807 416 837 444 et
849 413 1037 455 praesertim
1058 423 1147 456 pres-

396 465 569 508 byteratus,
591 465 754 503 ordinum,
770 475 896 498 necnon
908 466 996 498 omni
1007 466 1147 499 ministe-

396 517 444 551 rio
469 518 685 551 ecclesiastico
711 518 875 561 praedicto
900 524 1057 563 perpetuo
1078 531 1148 554 sus—

396 572 578 615 pendimus,
592 572 793 615 privatosque
805 578 835 605 et
855 572 1014 605 inhabiles
1029 585 1066 607 ac
1081 584 1148 607 sus-

397 635 512 667 pensos
532 635 610 657 esse.
634 625 763 657 Necnon
776 625 934 658 beneficia
948 626 1014 669 ipsa
1029 627 1068 660 de
1079 627 1148 659 iure

396 682 426 710 et
445 678 483 710 de
505 679 600 717 sacto,
614 677 709 710 etiam
731 678 847 712 adhoc
868 685 901 712 ut
931 690 1044 712 eorum
1066 681 1149 713 ordi-

396 731 477 763 narii
504 732 674 764 collatores
703 743 738 765 ea
773 733 842 765 aliis
871 733 971 766 libere
1001 735 1148 767 conferre

395 784 528 827 possint,
552 790 582 817 et
597 785 657 817 nisi
671 796 723 823 ea,
740 786 821 818 int'ra
843 791 972 830 tempus
987 798 1004 819 a
1020 788 1147 821 Latera-

394 838 483 870 nensi
496 839 633 871 coneilio
646 845 811 880 statutum,
824 841 1032 881 contulerint,
1052 843 1148 875 colla-

393 891 436 923 tio
452 891 687 925 beneficiorum
709 894 898 927 eorumdem
919 895 958 927 ad
979 895 1147 928 immedia—

394 950 460 978 tum
474 945 603 979 illorum
622 947 823 990 superiorem
838 953 868 981 et
884 949 1014 981 demum
1033 950 1071 982 ad
1090 960 1148 983 nos

392 1010 428 1032 ac
440 1010 498 1042 pro
508 1005 653 1043 tempore
666 1001 853 1035 existentem
870 1002 1051 1036 Romanum
1064 1003 1147 1037 Pon—

392 1052 511 1086 tificem
528 1053 723 1091 devolvatur:
744 1055 1006 1100 patroniquoque
1022 1067 1148 1090 eorum-

392 1107 464 1139 dem
479 1106 712 1141 beneficiorum
731 1120 884 1152 personas
900 1110 1043 1150 idoneas,
1067 1111 1147 1143 insra

394 1164 550 1204 tempusa
566 1162 635 1195 iure
656 1168 822 1203 statutum,
845 1163 883 1195 ad
904 1163 972 1208 ipsa
992 1164 1147 1197 beneficia

392 1220 597 1256 praesentare
610 1215 741 1258 possint,
754 1221 783 1249 et
795 1216 854 1248 nisi
867 1217 1147 1260 praesentaverint,

393 1277 507 1300 eorum
534 1268 634 1301 libera
651 1270 779 1302 collatio
800 1270 838 1302 ad
859 1270 1056 1303 ordinarium
1074 1283 1147 1316 spe-

394 1324 456 1352 ctet
472 1326 500 1353 et
522 1322 692 1365 pertineat,
714 1333 838 1363 vacare,
861 1334 897 1356 ac
918 1325 1148 1358 reservationes

394 1374 571 1414 fructuum,
593 1375 778 1408 reddituum
800 1381 830 1409 ct
850 1383 1065 1420 proventuum
1086 1378 1147 1411 liu-

394 1427 532 1460 iusntodi
567 1429 711 1472 expirare
737 1430 957 1470 decernimus,
984 1430 1025 1463 ita
1050 1437 1085 1464 ut
1109 1433 1147 1463 de

394 1488 501 1515 cetero
522 1482 582 1526 ipsi
603 1488 787 1526 apostatae,
810 1483 967 1526 quamdiu
995 1485 1144 1521 vixerint,

393 1535 499 1578 aliqua
520 1536 676 1568 beneficia
697 1537 915 1570 ecclesiastica
935 1537 1080 1571 obtinere
1100 1540 1147 1571 vel

393 1589 523 1631 aliquod
541 1589 682 1622 officium
709 1591 962 1623 ecclesiasticum
983 1602 1144 1632 exercere,

393 1647 447 1674 aut
467 1644 608 1684 fructus,
632 1644 775 1677 redditus
795 1650 825 1677 et
845 1651 1019 1688 proventus
1044 1647 1146 1679 ecele-

393 1695 546 1736 siastieos,
561 1708 616 1729 seu
634 1697 802 1740 superillis
820 1699 990 1741 pensiones
1010 1710 1144 1739 annuas,

393 1750 559 1794 percipere
580 1751 627 1783 vel
649 1751 787 1794 exigere,
811 1763 864 1784 seu
892 1763 1004 1785 euram
1025 1754 1147 1786 auima-

394 1814 465 1835 rum
490 1804 537 1836 vel
559 1804 688 1847 aliquod
715 1804 930 1837 ministerium
955 1807 1147 1839 eeclesiasti-

393 1867 466 1888 cum
479 1867 639 1897 exercere,
655 1863 918 1890 autsaerameuta
932 1860 1146 1893 ecclesiastiea

393 1911 586 1951 ministrare,
599 1924 654 1945 seu
665 1913 794 1945 missam
807 1914 983 1954 celebrare,
994 1920 1046 1946 aut
1058 1926 1147 1959 prae-

393 1968 478 1996 textu
496 1965 659 2006 ordinum,
673 1966 705 1998 iu
722 1966 839 2009 quilius
856 1967 1021 2000 constituti
1040 1974 1145 2008 erunt,

394 2018 515 2061 aliquid
544 2019 648 2053 facere
676 2021 724 2053 vel
758 2020 873 2063 exequi
903 2027 1087 2064 nequeant;
1119 2028 1145 2054 et

394 2072 563 2114 pensiones
584 2084 640 2107 seu
661 2075 871 2107 commendae
897 2086 934 2108 ac
960 2076 1147 2109 reservatio-

393 2136 449 2158 nes
467 2126 643 2166 fruetuum,
662 2128 846 2161 reddituum
875 2134 904 2161 et
933 2134 1147 2173 proventuum

394 2179 1149 2226 ecclesiasticorum,necnonassignationespen-

395 2233 520 2266 sionum
542 2245 735 2275 annuarum,
756 2236 801 2268 eis
817 2236 912 2268 etiam
928 2235 1011 2269 dicta
1036 2242 1148 2270 aucto-

394 2285 498 2327 ritate,
517 2286 611 2319 etiam
622 2298 695 2320 cum
712 2289 942 2331 praesentium,
959 2294 1024 2322 toto
1037 2300 1147 2322 earum

394 2343 506 2372 tenore
533 2339 665 2380 inserto,
687 2341 830 2384 plenaria
858 2342 1064 2385 derogatione
1089 2354 1148 2386 pro

395 2397 540 2436 tempore
552 2394 652 2434 sactae,
664 2395 771 2427 nullae
781 2395 842 2427 sint
856 2401 883 2428 et
895 2395 1014 2437 irritae,
1029 2407 1066 2429 ac
1076 2397 1149 2429 viri-

394 2447 455 2480 bus
475 2448 606 2480 omnino
632 2453 774 2489 careant,
797 2460 857 2482 nec
883 2450 1013 2492 aliquod
1034 2451 1079 2483 eis
1100 2450 1149 2483 ius

395 2501 450 2528 aut
470 2495 599 2529 titulum
618 2496 777 2530 beneficia
796 2498 992 2540 possidendi,
1015 2504 1070 2531 aut
1080 2499 1148 2531 sru-

396 2549 476 2586 ctus,
497 2545 641 2579 redditus
663 2551 694 2579 et
714 2552 886 2589 proventus
906 2558 962 2579 seu
978 2548 1149 2591 pensiones

397 2593 582 2627 huiusmodi
613 2595 759 2638 exigendi
787 2596 834 2627 vel
865 2596 1063 2638 percipiendi
1096 2597 1149 2629 tri-

396 2643 506 2677 buant.
525 2644 652 2689 Ipsique
668 2645 712 2678 sic
729 2645 851 2689 privati,
869 2644 1026 2679 inhabiles
1043 2651 1150 2679 etsus-

996 252 1173 277 BULLARIUM
1197 252 1348 278 ROMANUM

1191 305 1300 347 pensi,
1323 305 1448 339 fructus
1477 316 1552 340 suos
1570 317 1636 341 non
1664 307 1798 349 saciant,
1822 309 1877 343 sed
1905 310 1945 343 ad

1190 359 1319 391 illorum
1331 359 1565 393 restitutionem
1575 366 1756 395 teneantur.
1774 363 1811 395 Et
1825 363 1944 396 nihilo-

1191 413 1297 445 minus
1323 413 1347 446 si
1372 424 1484 446 curam
1511 415 1695 449 animarum
1721 427 1873 450 exercere
1895 417 1946 450 vel

1190 465 1407 499 ecelesiastica
1432 473 1632 501 sacramenta
1659 468 1860 511 ministrare,
1888 481 1944 503 seu

1190 518 1319 551 missam
1341 519 1515 561 celebrare,
1537 526 1776 566 aut,praetextu
1793 524 1944 557 ordinum

1190 582 1323 604 suorum
1348 573 1597 616 praedictorum,
1619 575 1739 618 aliquid
1759 576 1865 610 facere
1890 582 1946 610 aut

1190 624 1321 668 aliquod
1339 626 1552 659 ministerium
1566 628 1818 662 ecclesiasticum
1831 630 1945 674 exequi

1191 679 1476 723 praesumpserint,
1486 686 1651 725 tamquam
1668 683 1814 727 suspensi
1828 684 1946 717 ahexe-

1191 733 1319 766 cutione
1342 734 1493 767 ordinum
1511 746 1657 777 suorum,
1672 741 1703 769 et
1718 736 1750 769 in
1761 737 1826 770 illis
1835 743 1946 771 contra

1190 786 1435 829 suspensionem
1448 786 1549 830 ipsam
1565 793 1596 821 et
1608 788 1639 821 in
1650 794 1871 833 contemptum
1883 790 1947 824 cla-

1189 839 1274 871 vium
1298 840 1526 881 ministrantes,
1550 842 1718 886 condignis
1737 843 1850 887 poenis
1874 855 1945 878 orn-

1190 892 1265 925 nino
1287 894 1475 937 pimiantur.

1235 947 1249 989 ἓ
1269 947 1300 980 3.
1325 948 1361 980 lit
1381 953 1415 980 ut
1440 949 1545 981 omnis
1564 949 1698 991 vagandi
1719 950 1846 984 occasio
1865 962 1944 996 apo-

1191 1000 1278 1033 statis
1299 1001 1484 1034 huiusmodi
1508 1003 1649 1043 tollatur,
1667 1004 1815 1037 volumus
1830 1010 1861 1038 et
1875 1016 1946 1038 san-

1191 1055 1294 1087 cimus
1330 1056 1416 1099 quod
1445 1057 1587 1099 quaevis,
1619 1062 1682 1089 tam
1712 1058 1946 1092 ecclesiasticae

1190 1120 1286 1152 quam
1309 1110 1490 1143 saeculares
1511 1121 1681 1154 personae,
1712 1112 1947 1156 cuiuscumque

1191 1168 1300 1202 status,
1311 1165 1441 1206 gradus,
1452 1164 1585 1205 ordinis,
1599 1165 1793 1199 conditionis
1809 1171 1839 1199 et
1849 1178 1948 1211 praee-

1190 1216 1363 1250 minentiae
1373 1217 1518 1258 existant,
1532 1218 1626 1251 etiam
1635 1219 1658 1251 si
1669 1219 1946 1264 archiepiscopali,

1191 1270 1396 1313 patriarchali
1423 1276 1477 1304 aut
1506 1271 1568 1304 alia
1594 1271 1707 1305 maiori
1728 1273 1946 1307 ecclesiastica

1168 1361 1170 1371 Ι
1190 1323 1353 1365 dignitate,
1372 1324 1465 1357 etiam
1488 1324 1705 1357 cardinalatus
1725 1326 1861 1367 honore;
1888 1337 1944 1360 seu

1190 1377 1366 1417 mundana,
1389 1379 1484 1411 etiam
1506 1379 1731 1419 marcliionali,
1755 1380 1861 1413 ducali
1891 1385 1946 1413 aut

1168 1461 1170 1469 ,
1190 1429 1249 1461 alia
1261 1431 1374 1463 maiori
1384 1432 1574 1466 auctoritate
1589 1444 1643 1465 seu
1655 1434 1842 1466 excellentia
1855 1445 1946 1478 prae-

1190 1484 1344 1526 fulgeant,
1366 1484 1506 1528 aliquem
1517 1491 1737 1530 apostatarum
1756 1488 1944 1521 eorumdem

1190 1543 1355 1580 receptare
1372 1548 1428 1570 seu
1449 1539 1586 1577 nutrire,
1608 1541 1655 1573 vel
1672 1540 1743 1578 illis,
1761 1552 1825 1584 quo
1837 1541 1945 1574 minus

1190 1590 1228 1621 ad
1258 1601 1371 1623 eorum
1394 1593 1625 1625 monasterium
1658 1604 1712 1626 seu
1739 1594 1873 1628 domum
1896 1595 1944 1627 vel

1168 1659 1170 1686 3
1190 1643 1288 1676 alium
1312 1645 1419 1678 lucum
1446 1648 1628 1689 regularem
1645 1648 1787 1688 redeant,
1804 1649 1943 1682 savorem

1190 1702 1242 1729 aut
1263 1699 1418 1731 auxilium
1445 1711 1501 1733 seu
1517 1700 1687 1733 eonsilium
1704 1706 1868 1745 praestare
1878 1712 1942 1735 non

1189 1757 1411 1794 praesumant,
1424 1758 1453 1785 et
1465 1753 1489 1785 si
1500 1764 1554 1786 eos
1564 1753 1798 1797 ret-,optaverint
1807 1755 1856 1787 vel
1870 1755 1942 1793 illis,

1190 1809 1222 1836 ut
1245 1805 1438 1847 praefertur,
1461 1806 1606 1847 faverint,
1630 1812 1685 1839 aut
1713 1807 1868 1840 auxilium
1889 1819 1946 1841 seu

1191 1858 1360 1891 consilium
1378 1860 1604 1903 praestiterint,
1622 1866 1651 1893 et
1668 1872 1726 1905 per
1745 1861 1945 1895 ordinarium

1190 1911 1262 1951 loci,
1274 1913 1333 1945 suli
1346 1924 1409 1956 quo
1421 1905 1544 1947 moram
1562 1915 1699 1955 trahent,
1715 1916 1912 1959 commoniti,
1929 1927 1947 1948 a

1191 1966 1374 2009 praemissis
1395 1978 1458 2000 nou
1476 1968 1664 2007 destiterint,
1686 1969 1876 2002 sententiam
1892 1980 1945 2002 ex—

1191 2020 1494 2053 communicationis
1514 2031 1552 2054 eo
1572 2022 1641 2065 ipso
1666 2021 1844 2055 incurrant.

1234 2074 1248 2116 §
1269 2072 1299 2106 lt.
1320 2074 1355 2106 Et
1376 2074 1400 2106 si
1420 2075 1546 2118 patroni
1567 2075 1703 2109 alieuius
1722 2076 1871 2110 beneficii
1891 2088 1944 2111 ec-

1191 2127 1372 2166 elesiastici,
1395 2129 1458 2161 sive
1478 2130 1540 2162 sint
1559 2129 1632 2163 laici
1661 2130 1724 2163 sive
1745 2131 1867 2171 clerici,
1886 2132 1944 2164 ali-

1190 2192 1286 2224 quem
1306 2193 1342 2215 ex
1367 2182 1486 2215 eisdem
1510 2184 1662 2226 apostatis
1682 2185 1720 2217 ad
1748 2184 1944 2218 beneficium

1191 2235 1352 2268 decorum
1370 2235 1439 2268 iure
1456 2241 1643 2279 patronatus
1663 2237 1884 2272 existenstunc
1894 2250 1945 2272 va-

1191 2299 1266 2321 cans
1278 2290 1561 2332 praesentaverint,
1589 2291 1864 2333 praesentationes
1882 2293 1944 2326 hu-

1191 2342 1326 2375 iusmodi
1339 2343 1401 2376 siut
1412 2354 1449 2376 eo
1460 2343 1528 2387 ipso
1536 2345 1655 2385 nullae,
1664 2345 1771 2379 irritae
1782 2351 1812 2379 et
1823 2346 1944 2387 inanes,

1190 2406 1226 2428 ac
1236 2395 1356 2428 virilius
1369 2402 1498 2429 careant
1508 2408 1515 2435 3
1527 2402 1554 2429 et
1564 2397 1621 2441 ipsi
1633 2399 1759 2442 patroni
1770 2398 1840 2432 iure
1850 2410 1944 2443 prae-

1191 2449 1336 2481 sentandi
1356 2450 1435 2483 alios
1451 2451 1489 2483 ad
1511 2451 1621 2484 eadem
1640 2451 1809 2494 beneficia,
1828 2464 1887 2497 pro
1908 2464 1945 2487 ea

1190 2497 1256 2530 vice
1277 2503 1413 2539 tautum,
1437 2500 1548 2542 privati
1574 2500 1718 2534 existant.

1235 2548 1249 2590 ξ
1266 2548 1296 2581 5.
1319 2549 1475 2592 Quodque
1487 2549 1671 2593 superiores
1686 2550 1945 2595 Ordinum‚qtuos

1191 2595 1251 2639 ipsi
1273 2597 1408 2640 professi
1424 2598 1594 2638 suerint,et
1608 2599 1761 2632 ordinarii
1781 2600 1940 2642 locorum,

1192 2644 1221 2676 iu
1244 2645 1361 2687 quilius
1382 2646 1439 2691 ipsi
1461 2653 1622 2691 apostatae
1642 2659 1702 2694 pro
1721 2653 1867 2694 tempore
1886 2649 1942 2683 de-

1959 255 2010 284 An.
2025 256 2054 284 C.
2075 256 2144 285 ¹858

1994 965 2144 991 nerepiatort-

1959 997 1997 1017 bus
2019 1003 2102 1024 qtinque
2124 1001 2145 1017 et

1959 1028 2076 1048 tautoribu«
2091 1034 2144 1052 poe-

1960 1065 1998 1080 nas
2013 1059 2095 1085 infligit,

1974 2090 2070 2112 Patronis
2080 2092 2142 2112 etiam

1960 2128 1997 2143 eos
2013 2123 2036 2142 ad
2063 2123 2144 2143 beneu-

1960 2154 1992 2173 ci'a
2002 2157 2144 2179 praesentan—

1960 2184 2030 2208 tibus;

1985 2561 2108 2583 ominatos
2121 2564 2143 2582 et

1959 2589 2081 2615 nuper-iore·
2101 2588 2144 2609 01·—

1958 2616 2043 2640 dinum,
2067 2619 2143 2636 conti-⁸

1958 2647 1995 2662 eos
2024 2643 2142 2669 procedet·

1956 2668 2021 2692 iubet,

2222 1201 2227 1305 „<„*.i
2220 1004 2227 1182 .-=¹-*....„2
2225 946 2227 956 -
