2227 3001
77 216 126 243 An.
144 217 172 244 C.
195 218 258 244 ¹530

917 218 1032 241 rAt'Lt's
1056 218 1090 240 111
1116 218 1161 241 PP.

1709 208 1770 241 273

275 282 348 304 nem
370 271 443 304 dicti
464 270 590 304 Ordinis
611 271 648 302 ab
670 271 738 314 ipso
766 271 894 303 Nicolao
916 271 1021 314 priore
1065 272 1149 303 modi
1189 275 1419 304 consueverant
1438 296 1446 310 ‚
1485 270 1524 303 ad
1562 270 1814 305 observationem

274 325 410 365 factam,
438 335 471 357 se
500 324 532 357 in
558 325 619 357 vita
648 325 822 357 reformata
855 335 1021 358 remanere

272 389 337 411 non
357 388 461 421 posse,
483 377 568 417 licet,
590 378 667 410 falso
688 385 876 419 asserentes,
908 378 946 411 ab
971 389 1021 410 ea-

272 432 343 464 dem
354 431 435 464 Sede
446 431 478 463 in
490 431 574 464 dicto
585 431 702 464 Ordine
715 432 863 464 manendi
878 437 1019 476 e‘t,prout

271 490 343 517 ante
360 485 621 518 reformationem
639 491 881 525 consueveram,
899 485 1019 518 vivendi

272 538 431 571 licentiam
448 544 616 579 extortam,
633 539 733 572 lucris
748 545 778 572 et
793 540 928 584 peculiis
945 550 1019 583 pro—

271 592 348 636 priis
368 593 562 626 insisterent.
586 592 690 635 Aliqui
711 593 806 626 etiam
827 605 863 626 ex
884 593 1020 636 particu-

271 646 392 680 laribus
426 647 728 689 congregationibus
766 647 840 680 dicti
882 647 1018 687 Ordinis,

269 700 361 744 quasi
377 700 578 745 privilegiati,
591 712 665 734 cum
681 700 817 733 licentiis
826 700 1017 733 vicariorum

270 754 414 798 ipsarum
435 754 732 797 congregationum,
748 760 834 787 extra
845 760 1018 787 conventus

269 807 395 842 Ordinis
421 809 575 852 praedicti
606 809 636 841 in
665 809 792 842 saeculo
821 808 1015 847 residentes,

268 861 419 896 Ordinem
440 862 642 906 praedictum
664 872 728 895 non
743 872 858 905 parum
875 861 1019 894 diffama-

268 914 363 955 bant;
389 916 536 948 nonnulli
566 926 640 948 vero
669 926 705 948 ex
733 914 824 947 dictis
843 913 1015 955 fratribus,

267 969 323 1012 qui
343 979 375 1002 se
396 969 658 1013 poenitentiarios
685 968 877 1012 apostolicos
897 980 914 1001 a
934 969 1017 1002 dicta

268 1022 349 1055 Sede
374 1023 521 1066 deputari
556 1022 778 1062 obtinuerant,
813 1032 879 1055 non
912 1023 1016 1055 solum

267 1076 428 1116 ecelesiis,
452 1076 483 1108 in
503 1076 621 1120 quibus
636 1076 675 1108 ad
691 1075 832 1108 officinm
849 1076 1017 1119 poeniten-

268 1129 378 1162 tiariae
406 1131 620 1163 exercendum
650 1135 741 1162 erant.
770 1129 935 1173 deputati,
963 1131 1017 1163 sed

267 1184 361 1217 etiam
391 1183 423 1216 in
454 1184 598 1217 ecclesiis
626 1183 703 1216 dicti
728 1183 854 1217 Ordinis
874 1184 1016 1217 officium

267 1237 464 1278 huiusmodi,
487 1243 653 1281 tamquam
674 1238 752 1271 tales
768 1243 796 1271 et
812 1238 904 1281 quasi
925 1250 942 1271 a
963 1250 1016 1271 su-

266 1292 393 1336 periore
410 1292 557 1336 exempti,
574 1292 773 1332 exercebant,
787 1292 819 1324 in
833 1303 926 1335 grave
946 1293 1016 1325 ani-

268 1356 393 1378 marum
414 1345 574 1379 dictorum
595 1346 730 1378 fratrum
760 1346 1013 1389 praeiudicium,

267 1399 342 1432 dicti
358 1399 483 1432 Ordinis
499 1400 764 1443 denigrationem,
780 1400 1017 1433 reformationis

267 1458 297 1485 et
325 1453 482 1495 regularis
501 1453 581 1485 vitae
608 1453 886 1497 perturbationem
901 1481 908 1494 ,
932 1454 1017 1487 cliri-

267 1506 449 1540 stifidelium
480 1507 667 1540 scandalum
688 1518 725 1540 ac
745 1508 867 1540 malum
892 1513 922 1541 et
942 1519 1016 1552 per-

268 1559 426 1593 niciosum
454 1561 656 1604 exemplum:
688 1562 851 1604 praefatus
871 1561 1016 1595 Clemens

267 1613 504 1657 praedecessor,
524 1625 580 1657 per
599 1614 741 1657 reliquas
768 1626 841 1647 suas
861 1615 894 1648 in
914 1616 1016 1649 forma

267 1667 369 1701 brevis
396 1668 523 1704 literas,
554 1668 622 1701 eius
660 1668 869 1711 primodictas
909 1670 1016 1704 literas

267 1721 462 1754 confirmans
478 1727 506 1754 et
525 1721 689 1763 innovans,
708 1733 744 1755 ac
760 1728 920 1766 quatenus
935 1735 1017 1768 opus

266 1780 364 1815 esset,
396 1775 490 1808 etiam
521 1776 560 1808 de
589 1786 670 1809 novo
691 1777 888 1817 concedens,
912 1777 1015 1811 eidem

266 1828 395 1862 Nicolao
418 1829 529 1873 priori,
545 1829 577 1862 in
594 1829 708 1863 virtute
731 1836 848 1863 sanctie
866 1832 1015 1865 obedien-

266 1882 327 1921 tite,
344 1883 503 1915 commisit
514 1888 544 1916 et
558 1884 717 1917 mandavit
732 1890 767 1917 ut
782 1895 894 1918 omnes
910 1890 938 1918 et
951 1885 1015 1919 sin-

265 1937 357 1979 gulos
377 1938 489 1970 fratres
508 1938 690 1981 praedictos
719 1939 750 1971 in
771 1939 921 1972 domibus
940 1940 1015 1973 dieti

265 1990 391 2024 Ordinis
411 1996 657 2032 commorantes,
675 2003 732 2036 per
751 1993 933 2025 affixionem
949 1994 1016 2026 lite-

265 2056 375 2078 rarum
408 2046 646 2089 praedictarum
667 2046 699 2079 in
724 2046 820 2079 valvis
854 2053 1015 2081 monaste-

266 2099 388 2132 riorum
409 2110 465 2132 seu
489 2100 659 2133 domorum
675 2128 682 2141 ,
705 2101 736 2133 in
757 2101 875 2145 quibus
894 2101 1016 2134 habita-

266 2154 350 2193 bant,
371 2153 403 2186 in
422 2164 551 2196 genere3
573 2154 652 2186 alios
666 2165 740 2187 vero
756 2160 842 2187 extra
863 2155 1014 2189 Ordinem

265 2212 430 2250 vagantes,
460 2218 517 2251 per
550 2207 722 2251 specialem
756 2213 787 2241 et
813 2210 1015 2252 personalem

266 2261 453 2294 earumdem
466 2261 682 2304 praesentium
692 2262 936 2303 intimationem,
949 2275 1016 2298 mo-

265 2319 355 2347 neret
386 2319 421 2346 ut
449 2314 531 2347 intra
556 2325 700 2348 mensem
727 2327 763 2348 ex
788 2322 865 2350 tunc
884 2327 1016 2361 compu-

266 2368 411 2408 tandum,
433 2368 489 2411 qui
510 2379 547 2401 ex
566 2368 642 2412 ipsis
661 2370 813 2403 fratribus
833 2376 920 2403 extra
946 2372 1015 2404 loca

265 2417 341 2450 dicti
357 2417 485 2451 Ordinis
503 2424 704 2460 vagarentur,
723 2420 762 2452 ad
777 2419 877 2463 ipsius
894 2420 1015 2454 Nicolai

265 2467 381 2512 prioris
411 2471 441 2499 et
467 2467 604 2499 aliorum
639 2469 843 2512 superiorum
881 2481 1014 2503 suorum

265 2516 492 2556 obedientiam,
505 2516 591 2549 iuxta
600 2521 744 2551 tenorem
756 2519 922 2552 literarum
936 2531 1016 2564 prae-

266 2566 437 2605 dictarum,
455 2566 608 2607 redirent,
622 2566 795 2611 dispensati
813 2580 887 2602 vero
908 2570 946 2602 ad
972 2570 1015 2602 vi-

265 2615 403 2648 vendum
419 2614 501 2648 sicut
529 2620 602 2648 ante
622 2617 884 2652 reformationem
905 2618 1015 2653 huius-

344 2668 419 2701 Bull.
442 2667 519 2699 Rom.
547 2668 602 2700 Vol.
628 2668 670 2700 VI.
880 2672 917 2702 35

1064 326 1245 367 regularem
1265 325 1421 360 redirent.
1443 330 1473 357 et
1498 335 1571 357 cum
1597 324 1748 358 fratribus
1768 336 1814 359 re-

1063 378 1208 411 formatis
1228 390 1259 411 se
1289 378 1546 419 conformarent3
1568 378 1718 421 degentes
1741 390 1814 412 vero

1063 436 1149 464 extra
1166 437 1339 464 conventus
1355 431 1481 464 Ordinis
1497 431 1569 465 etin
1580 432 1721 472 saeculo,
1740 443 1813 466 cum

1063 485 1199 518 licentiis
1217 486 1411 519 vicariorum
1443 485 1700 529 congregationis
1727 486 1813 519 eius-

1062 539 1147 579 dem,
1170 539 1208 571 ad
1237 546 1411 572 conventus
1431 539 1505 573 dicti
1531 539 1656 573 Ordinis
1676 546 1814 573 reverte-

1063 598 1186 633 rentur,
1209 593 1350 636 deputati
1370 604 1444 626 vero
1469 594 1501 626 in
1529 592 1811 636 poenitentiarios,

1062 646 1093 679 in
1114 647 1257 679 ecclesiis
1283 647 1358 679 dicti
1384 647 1511 680 Ordinis
1536 647 1678 679 officium
1704 648 1814 691 poeni-

1062 699 1211 739 tentiarii,
1222 701 1340 744 absque
1354 700 1735 744 suisnperiorislicentia,
1749 712 1813 735 non

1061 759 1262 793 exercerent;
1289 758 1317 786 et
1344 753 1401 791 itti,
1428 765 1520 797 quos,
1549 754 1573 787 si
1597 754 1637 787 ad
1661 754 1812 788 Ordinem

1062 806 1226 843 redierint,
1239 807 1425 840 scandalum
1436 807 1468 840 in
1478 807 1642 850 Religione
1653 808 1813 852 parituros

1061 862 1127 905 ipse
1148 861 1297 894 Nieolaus
1307 861 1666 904 priorcognoscei‘et,et
1686 869 1814 907 propte-

1060 926 1114 947 rea
1134 920 1220 948 extra
1241 915 1392 948 Ordinem
1420 915 1648 958 relinquendos
1668 927 1735 949 esse
1752 918 1812 950 du-

1061 974 1158 1009 ceret,
1186 968 1284 1012 pallio
1305 968 1410 1011 nigro,
1433 973 1469 1000 ut
1488 979 1505 1000 a
1526 969 1640 1001 ceteris
1660 970 1812 1003 fratribus

1059 1021 1344 1064 distinguerentur,
1361 1027 1391 1054 et
1411 1032 1475 1054 non
1495 1022 1567 1055 albo
1583 1023 1629 1055 uti
1645 1023 1809 1065 deberent,

1059 1075 1248 1108 auctoritate
1265 1075 1440 1118 apostolica
1456 1074 1624 1115 inhiberet,
1636 1081 1665 1108 et
1681 1081 1745 1109 tam
1758 1088 1812 1110 eos

1060 1140 1156 1172 quam
1187 1129 1388 1172 supradictos
1422 1129 1535 1162 fratres
1567 1135 1597 1162 et
1629 1129 1726 1171 alios,
1756 1132 1811 1174 qui

1060 1182 1292 1215 monitionibus
1319 1182 1441 1215 Nicolai
1475 1182 1592 1226 prioris
1624 1183 1810 1217 huiusmodi

1059 1247 1123 1269 non
1143 1242 1314 1281 parerent,
1338 1237 1433 1270 etiarn
1454 1247 1512 1280 per
1538 1247 1690 1271 censuras
1711 1239 1812 1272 eccle-

1059 1291 1200 1324 siasticas
1227 1297 1257 1324 et
1282 1291 1343 1324 alia
1364 1296 1547 1335 opportuna
1569 1291 1709 1325 remedia
1723 1319 1730 1333 ,
1753 1303 1810 1336 ap-

1060 1345 1232 1388 pellatione
1267 1345 1440 1389 postposita
1459 1372 1466 1385 ,
1502 1356 1707 1388 compescere
1728 1373 1735 1386 ,
1775 1357 1811 1379 ac

1059 1399 1180 1431 brachii
1197 1399 1369 1432 saecularis
1385 1399 1540 1432 auxilium
1557 1400 1595 1432 ad
1617 1399 1647 1432 id
1664 1399 1811 1433 invocare

1058 1458 1165 1496 posset
1193 1458 1223 1486 et
1250 1454 1386 1494 valeret,
1418 1453 1601 1485 facultatem
1632 1454 1809 1494 concessit,

1059 1512 1155 1550 prout
1175 1506 1205 1538 in
1227 1506 1361 1549 singulis
1381 1506 1481 1540 literis
1496 1506 1668 1550 praedictis
1684 1507 1811 1551 plenius

1059 1559 1254 1593 continetur.

1103 1614 1117 1657 ξ
1145 1614 1174 1647 7.
1198 1614 1277 1647 Cum
1299 1618 1418 1653 autem,
1451 1613 1531 1647 sicut
1558 1615 1697 1649 exhibita
1717 1616 1810 1650 nobis

1059 1679 1164 1711 nuper
1182 1678 1241 1711 pro
1268 1673 1357 1711 parte
1383 1667 1458 1701 dicti
1479 1669 1599 1702 Nicolai
1620 1669 1737 1713 prioris
1757 1682 1810 1714 pe-

1057 1721 1127 1755 titio
1138 1722 1332 1759 continebat,
1349 1732 1474 1762 causae,
1492 1729 1625 1767 propter
1644 1734 1723 1767 quas
1744 1724 1809 1757 sin-

1058 1776 1152 1819 gulae
1178 1776 1361 1820 praedictae
1387 1775 1499 1810 literae
1529 1788 1546 1810 a
1566 1777 1658 1810 dietis
1677 1779 1810 1822 praede-

1059 1829 1240 1863 cessoribus
1260 1836 1486 1864 emanaverant
1503 1858 1510 1872 ,
1547 1832 1652 1865 adhuc
1673 1833 1808 1873 subsint,

1058 1889 1088 1917 et
1103 1884 1187 1925 licet,
1204 1885 1382 1918 secundum
1400 1886 1559 1929 regularia
1576 1886 1719 1920 instituta
1735 1888 1810 1921 dicti

1058 1938 1195 1979 Ordinis,
1236 1939 1349 1972 fratres
1380 1940 1515 1983 praefati
1536 1946 1621 1973 extra
1659 1940 1809 1975 Ordinem

1058 1992 1259 2036 praedictum
1285 1993 1324 2026 ad
1351 1993 1492 2038 aliquem
1513 1995 1666 2037 gradum,
1689 1996 1809 2039 absque

1058 2046 1184 2080 lieentia
1195 2057 1328 2080 suorum
1345 2047 1562 2091 superiorum,
1581 2059 1613 2081 se
1629 2050 1809 2093 promoveri

1059 2102 1163 2134 facere
1192 2112 1257 2134 non
1285 2102 1425 2145 possint;
1456 2107 1564 2135 tamen
1590 2103 1739 2136 nonnulli
1773 2116 1808 2137 ex

1058 2154 1149 2188 dictis
1183 2155 1334 2188 fratribus
1361 2155 1623 2190 baccalaureatus
1653 2162 1683 2190 et.
1708 2158 1807 2201 magi-

1059 2209 1147 2242 sterii
1181 2209 1324 2253 aliosque
1345 2209 1462 2252 gradus
1478 2209 1511 2242 in
1527 2210 1657 2244 diversis
1677 2211 1809 2245 faculta-

1058 2263 1154 2303 tibus,
1172 2263 1292 2306 absque
1308 2263 1391 2296 dieta
1412 2263 1540 2297 licentia
1558 2265 1607 2297 vel
1623 2271 1708 2298 extra
1721 2277 1808 2299 eum-

1058 2318 1131 2350 dem
1147 2317 1299 2350 Ordinem
1310 2318 1485 2361 suscipere;
1502 2319 1555 2351 alii
1568 2330 1653 2359 vero,
1668 2320 1807 2364 propriae

1058 2372 1168 2404 salutis
1180 2371 1281 2411 obliti,
1295 2372 1333 2404 ad
1344 2383 1452 2405 sacros
1467 2373 1561 2405 etiam
1573 2374 1808 2417 presbyteratus

1058 2424 1197 2465 ordines,
1218 2430 1319 2458 aetate
1339 2425 1481 2469 legitima
1500 2427 1547 2459 vel
1564 2427 1741 2460 sufficentia
1763 2427 1807 2460 eis

1058 2473 1190 2506 minime
1210 2474 1416 2517 suffragante,
1440 2485 1472 2508 se
1492 2476 1673 2519 promoveri
1688 2476 1804 2517 faeere3

1058 2522 1174 2566 reliqui
1207 2534 1280 2556 vero
1314 2524 1427 2557 fratres
1446 2524 1648 2566 huiusmodi,
1675 2530 1807 2569 propter

1058 2583 1170 2606 eorum
1187 2573 1341 2606 demerita
1361 2578 1391 2607 et
1411 2574 1567 2617 regularis
1586 2574 1665 2607 vitae
1681 2580 1806 2618 pertur-

1057 2621 1232 2664 bationem,
1254 2627 1341 2656 extra
1360 2633 1473 2657 eorum
1493 2634 1549 2657 seu
1576 2622 1653 2657 dicti
1680 2622 1806 2657 Ordinis

1833 221 1880 245 An.
1903 218 1929 244 C.
1947 220 2012 247 ¹559

1864 1625 1941 1647 lisdem
1957 1631 2007 1647 vero

1824 1658 1907 1677 motivis
1939 1657 2008 1678 subsi-

1825 1689 1936 1714 stetitibus,
