<?xml version="1.0" encoding="UTF-8"?>
<!DOCTYPE html PUBLIC "-//W3C//DTD XHTML 1.0 Transitional//EN"
    "http://www.w3.org/TR/xhtml1/DTD/xhtml1-transitional.dtd">
<html xmlns="http://www.w3.org/1999/xhtml" xml:lang="en" lang="en">
 <head>
  <title>
</title>
<meta http-equiv="Content-Type" content="text/html;charset=utf-8" />
  <meta name='ocr-system' content='tesseract 3.04.00' />
  <meta name='ocr-capabilities' content='ocr_page ocr_carea ocr_par ocr_line ocrx_word'/>
</head>
<body>
  <div class='ocr_page' id='page_1' title='image "./bullarumdiplomat06cath_0060.png"; bbox 0 0 2227 3001; ppageno 0'>
   <div class='ocr_carea' id='block_1_1' title="bbox 223 281 1177 1187">
    <p class='ocr_par' dir='ltr' id='par_1_1' title="bbox 420 281 1177 975">
     <span class='ocr_line' id='line_1_1' title="bbox 471 281 514 315; baseline 0 0"><span class='ocrx_word' id='word_1_1' title='bbox 471 281 514 315; x_wconf 61' lang='lat' dir='ltr'>list</span> 
     </span>
     <span class='ocr_line' id='line_1_2' title="bbox 427 343 1177 387; baseline 0 -12"><span class='ocrx_word' id='word_1_2' title='bbox 427 343 596 386; x_wconf 87' lang='lat' dir='ltr'>positionis</span> <span class='ocrx_word' id='word_1_3' title='bbox 615 344 798 384; x_wconf 85' lang='lat' dir='ltr'>talliarum,</span> <span class='ocrx_word' id='word_1_4' title='bbox 821 345 1019 387; x_wconf 70' lang='lat' dir='ltr'>gabellaruni</span> <span class='ocrx_word' id='word_1_5' title='bbox 1034 371 1041 383; x_wconf 88' lang='lat'>,</span> <span class='ocrx_word' id='word_1_6' title='bbox 1065 343 1177 375; x_wconf 89' lang='lat' dir='ltr'>iucun-</span> 
     </span>
     <span class='ocr_line' id='line_1_3' title="bbox 426 397 1173 440; baseline 0.001 -12"><span class='ocrx_word' id='word_1_7' title='bbox 426 397 541 429; x_wconf 81' lang='lat' dir='ltr'>dorum</span> <span class='ocrx_word' id='word_1_8' title='bbox 566 398 776 437; x_wconf 78' lang='lat' dir='ltr'>adventuum,</span> <span class='ocrx_word' id='word_1_9' title='bbox 799 398 893 430; x_wconf 85' lang='lat' dir='ltr'>etiam</span> <span class='ocrx_word' id='word_1_10' title='bbox 924 397 1173 440; x_wconf 88' lang='lat' dir='ltr'>imperatorum,</span> 
     </span>
     <span class='ocr_line' id='line_1_4' title="bbox 426 450 1176 493; baseline 0.003 -11"><span class='ocrx_word' id='word_1_11' title='bbox 426 460 559 493; x_wconf 72' lang='lat' dir='ltr'>regum,</span> <span class='ocrx_word' id='word_1_12' title='bbox 583 451 775 493; x_wconf 70' lang='lat' dir='ltr'>legatorum,</span> <span class='ocrx_word' id='word_1_13' title='bbox 806 451 901 483; x_wconf 87' lang='lat' dir='ltr'>etiam</span> <span class='ocrx_word' id='word_1_14' title='bbox 922 450 961 483; x_wconf 83' lang='lat' dir='ltr'>de</span> <span class='ocrx_word' id='word_1_15' title='bbox 981 451 1097 491; x_wconf 84' lang='lat' dir='ltr'>latere,</span> <span class='ocrx_word' id='word_1_16' title='bbox 1120 463 1176 484; x_wconf 87' lang='lat' dir='ltr'>seu</span> 
     </span>
     <span class='ocr_line' id='line_1_5' title="bbox 425 503 1176 547; baseline 0.005 -13"><span class='ocrx_word' id='word_1_17' title='bbox 425 503 621 536; x_wconf 86' lang='lat' dir='ltr'>nunciorum</span> <span class='ocrx_word' id='word_1_18' title='bbox 642 504 731 537; x_wconf 80' lang='lat' dir='ltr'>Sedis</span> <span class='ocrx_word' id='word_1_19' title='bbox 749 503 942 547; x_wconf 87' lang='lat' dir='ltr'>praedictae,</span> <span class='ocrx_word' id='word_1_20' title='bbox 961 505 1057 537; x_wconf 85' lang='lat' dir='ltr'>etiam</span> <span class='ocrx_word' id='word_1_21' title='bbox 1073 505 1176 538; x_wconf 83' lang='lat' dir='ltr'>dictae</span> 
     </span>
     <span class='ocr_line' id='line_1_6' title="bbox 427 555 1175 592; baseline 0.005 -4"><span class='ocrx_word' id='word_1_22' title='bbox 427 555 587 589; x_wconf 76' lang='lat' dir='ltr'>Romanae</span> <span class='ocrx_word' id='word_1_23' title='bbox 600 557 759 589; x_wconf 79' lang='lat' dir='ltr'>Ecclesiae</span> <span class='ocrx_word' id='word_1_24' title='bbox 772 557 985 590; x_wconf 75' lang='lat' dir='ltr'>cardinalium</span> <span class='ocrx_word' id='word_1_25' title='bbox 997 563 1023 591; x_wconf 89' lang='lat' dir='ltr'>et</span> <span class='ocrx_word' id='word_1_26' title='bbox 1037 558 1175 592; x_wconf 83' lang='lat' dir='ltr'>alioruin</span> 
     </span>
     <span class='ocr_line' id='line_1_7' title="bbox 424 612 1175 654; baseline 0.008 -14"><span class='ocrx_word' id='word_1_27' title='bbox 424 620 706 654; x_wconf 67' lang='lat' dir='ltr'>(pioniinctunque</span> <span class='ocrx_word' id='word_1_28' title='bbox 735 612 953 653; x_wconf 86' lang='lat' dir='ltr'>praelatorum</span> <span class='ocrx_word' id='word_1_29' title='bbox 982 613 1175 647; x_wconf 85' lang='lat' dir='ltr'>ecclesiasti-</span> 
     </span>
     <span class='ocr_line' id='line_1_8' title="bbox 425 664 1174 708; baseline 0.007 -13"><span class='ocrx_word' id='word_1_30' title='bbox 425 673 535 695; x_wconf 85' lang='lat' dir='ltr'>corum</span> <span class='ocrx_word' id='word_1_31' title='bbox 551 691 558 703; x_wconf 85' lang='lat'>,</span> <span class='ocrx_word' id='word_1_32' title='bbox 581 664 690 707; x_wconf 69' lang='lat' dir='ltr'>quavis</span> <span class='ocrx_word' id='word_1_33' title='bbox 723 664 819 697; x_wconf 87' lang='lat' dir='ltr'>etiam</span> <span class='ocrx_word' id='word_1_34' title='bbox 850 666 1025 708; x_wconf 82' lang='lat' dir='ltr'>apostolica</span> <span class='ocrx_word' id='word_1_35' title='bbox 1044 667 1092 699; x_wconf 75' lang='lat' dir='ltr'>vel</span> <span class='ocrx_word' id='word_1_36' title='bbox 1113 667 1174 700; x_wconf 84' lang='lat' dir='ltr'>alia</span> 
     </span>
     <span class='ocr_line' id='line_1_9' title="bbox 423 717 1175 761; baseline 0.007 -13"><span class='ocrx_word' id='word_1_37' title='bbox 423 717 531 758; x_wconf 73' lang='lat' dir='ltr'>quavis</span> <span class='ocrx_word' id='word_1_38' title='bbox 552 717 739 750; x_wconf 85' lang='lat' dir='ltr'>auctoritate</span> <span class='ocrx_word' id='word_1_39' title='bbox 756 718 913 761; x_wconf 83' lang='lat' dir='ltr'>impositis</span> <span class='ocrx_word' id='word_1_40' title='bbox 933 730 986 751; x_wconf 81' lang='lat' dir='ltr'>seu</span> <span class='ocrx_word' id='word_1_41' title='bbox 1009 719 1175 761; x_wconf 87' lang='lat' dir='ltr'>imponen-</span> 
     </span>
     <span class='ocr_line' id='line_1_10' title="bbox 423 769 1174 811; baseline 0.009 -11"><span class='ocrx_word' id='word_1_42' title='bbox 423 769 480 806; x_wconf 78' lang='lat' dir='ltr'>dis,</span> <span class='ocrx_word' id='word_1_43' title='bbox 513 770 644 803; x_wconf 89' lang='lat' dir='ltr'>minime</span> <span class='ocrx_word' id='word_1_44' title='bbox 660 776 869 811; x_wconf 81' lang='lat' dir='ltr'>tenerentur;</span> <span class='ocrx_word' id='word_1_45' title='bbox 892 783 948 805; x_wconf 82' lang='lat' dir='ltr'>nec</span> <span class='ocrx_word' id='word_1_46' title='bbox 977 773 1015 805; x_wconf 91' lang='lat' dir='ltr'>ad</span> <span class='ocrx_word' id='word_1_47' title='bbox 1037 773 1067 806; x_wconf 89' lang='lat' dir='ltr'>id</span> <span class='ocrx_word' id='word_1_48' title='bbox 1089 785 1174 807; x_wconf 83' lang='lat' dir='ltr'>com-</span> 
     </span>
     <span class='ocr_line' id='line_1_11' title="bbox 421 821 1172 870; baseline 0.009 -17"><span class='ocrx_word' id='word_1_49' title='bbox 421 821 511 864; x_wconf 81' lang='lat' dir='ltr'>pelli,</span> <span class='ocrx_word' id='word_1_50' title='bbox 526 828 577 855; x_wconf 88' lang='lat' dir='ltr'>aut</span> <span class='ocrx_word' id='word_1_51' title='bbox 592 829 762 867; x_wconf 86' lang='lat' dir='ltr'>propterea</span> <span class='ocrx_word' id='word_1_52' title='bbox 779 825 940 866; x_wconf 80' lang='lat' dir='ltr'>interdici,</span> <span class='ocrx_word' id='word_1_53' title='bbox 959 826 1109 870; x_wconf 87' lang='lat' dir='ltr'>suspendi</span> <span class='ocrx_word' id='word_1_54' title='bbox 1126 828 1172 860; x_wconf 77' lang='lat' dir='ltr'>rel</span> 
     </span>
     <span class='ocr_line' id='line_1_12' title="bbox 422 878 1173 923; baseline 0.011 -17"><span class='ocrx_word' id='word_1_55' title='bbox 422 878 707 918; x_wconf 80' lang='lat' dir='ltr'>excommunicari,</span> <span class='ocrx_word' id='word_1_56' title='bbox 729 879 904 921; x_wconf 62' lang='lat' dir='ltr'>aggravari,</span> <span class='ocrx_word' id='word_1_57' title='bbox 926 881 1126 923; x_wconf 69' lang='lat' dir='ltr'>reaggravari</span> <span class='ocrx_word' id='word_1_58' title='bbox 1143 886 1173 914; x_wconf 83' lang='lat' dir='ltr'>et</span> 
     </span>
     <span class='ocr_line' id='line_1_13' title="bbox 420 928 971 975; baseline 0.011 -16"><span class='ocrx_word' id='word_1_59' title='bbox 420 928 585 962; x_wconf 80' lang='lat' dir='ltr'>benefieiis</span> <span class='ocrx_word' id='word_1_60' title='bbox 606 931 671 963; x_wconf 73' lang='lat' dir='ltr'>suis</span> <span class='ocrx_word' id='word_1_61' title='bbox 692 931 808 974; x_wconf 70' lang='lat' dir='ltr'>privari</span> <span class='ocrx_word' id='word_1_62' title='bbox 830 938 971 975; x_wconf 84' lang='lat' dir='ltr'>possent.</span> 
     </span>
    </p>

    <p class='ocr_par' dir='ltr' id='par_1_2' title="bbox 223 982 1172 1187">
     <span class='ocr_line' id='line_1_14' title="bbox 463 982 1172 1031; baseline 0.007 -16"><span class='ocrx_word' id='word_1_63' title='bbox 463 982 478 1025; x_wconf 69' lang='grc' dir='ltr'>,ξ</span> <span class='ocrx_word' id='word_1_64' title='bbox 499 983 551 1016; x_wconf 76' lang='grc'>17,</span> <span class='ocrx_word' id='word_1_65' title='bbox 574 984 729 1027; x_wconf 76' lang='lat' dir='ltr'>Quodque</span> <span class='ocrx_word' id='word_1_66' title='bbox 750 984 787 1017; x_wconf 83' lang='lat' dir='ltr'>de</span> <span class='ocrx_word' id='word_1_67' title='bbox 809 990 928 1023; x_wconf 83' lang='lat' dir='ltr'>cetero,</span> <span class='ocrx_word' id='word_1_68' title='bbox 947 986 1042 1019; x_wconf 87' lang='lat' dir='ltr'>ctiam</span> <span class='ocrx_word' id='word_1_69' title='bbox 1059 998 1172 1031; x_wconf 86' lang='lat' dir='ltr'>perpe-</span> 
     </span>
     <span class='ocr_line' id='line_1_15' title="bbox 236 1035 1169 1082; baseline 0.009 -16"><span class='ocrx_word' id='word_1_70' title='bbox 236 1040 405 1077; x_wconf 54' lang='lat' dir='ltr'>Suimticntimies</span> <span class='ocrx_word' id='word_1_71' title='bbox 421 1035 482 1069; x_wconf 87' lang='lat' dir='ltr'>tuis</span> <span class='ocrx_word' id='word_1_72' title='bbox 516 1036 632 1070; x_wconf 88' lang='lat' dir='ltr'>suturis</span> <span class='ocrx_word' id='word_1_73' title='bbox 652 1038 869 1081; x_wconf 84' lang='lat' dir='ltr'>temporibus,</span> <span class='ocrx_word' id='word_1_74' title='bbox 897 1040 1148 1082; x_wconf 64' lang='lat' dir='ltr'>supplicationes</span> <span class='ocrx_word' id='word_1_75' title='bbox 1161 1068 1169 1081; x_wconf 91' lang='lat'>,</span> 
     </span>
     <span class='ocr_line' id='line_1_16' title="bbox 223 1073 1171 1135; baseline 0.004 -13"><span class='ocrx_word' id='word_1_76' title='bbox 223 1073 406 1124; x_wconf 44' lang='lat' dir='ltr'>gi1¹1¹iii¹s¹1¹ii</span> <span class='ocrx_word' id='word_1_77' title='bbox 421 1094 483 1121; x_wconf 86' lang='lat' dir='ltr'>tam</span> <span class='ocrx_word' id='word_1_78' title='bbox 504 1090 637 1132; x_wconf 69' lang='lat' dir='ltr'>gratiam</span> <span class='ocrx_word' id='word_1_79' title='bbox 659 1102 754 1133; x_wconf 77' lang='lat' dir='ltr'>quam</span> <span class='ocrx_word' id='word_1_80' title='bbox 777 1091 928 1124; x_wconf 84' lang='lat' dir='ltr'>iustitiam</span> <span class='ocrx_word' id='word_1_81' title='bbox 950 1098 980 1125; x_wconf 87' lang='lat' dir='ltr'>et</span> <span class='ocrx_word' id='word_1_82' title='bbox 999 1093 1059 1125; x_wconf 89' lang='lat' dir='ltr'>alia</span> <span class='ocrx_word' id='word_1_83' title='bbox 1076 1104 1171 1135; x_wconf 60' lang='lat' dir='ltr'>nego-</span> 
     </span>
     <span class='ocr_line' id='line_1_17' title="bbox 223 1135 1171 1187; baseline 0.006 -14"><span class='ocrx_word' id='word_1_84' title='bbox 223 1138 305 1157; x_wconf 62' lang='lat'>&#39;¹⁴&#39;¹&#39;¹⁰⁵&#39;</span> <span class='ocrx_word' id='word_1_85' title='bbox 349 1135 404 1154; x_wconf 60' lang='lat'>‘³¹⁰⁶</span> <span class='ocrx_word' id='word_1_86' title='bbox 419 1142 466 1175; x_wconf 87' lang='lat' dir='ltr'>cia</span> <span class='ocrx_word' id='word_1_87' title='bbox 482 1143 586 1176; x_wconf 84' lang='lat' dir='ltr'>dictae</span> <span class='ocrx_word' id='word_1_88' title='bbox 602 1144 775 1187; x_wconf 64' lang='lat' dir='ltr'>Religionis</span> <span class='ocrx_word' id='word_1_89' title='bbox 792 1151 1033 1185; x_wconf 78' lang='lat' dir='ltr'>concernentes,</span> <span class='ocrx_word' id='word_1_90' title='bbox 1046 1147 1171 1179; x_wconf 86' lang='lat' dir='ltr'>autim-</span> 
     </span>
    </p>
   </div>
   <div class='ocr_carea' id='block_1_2' title="bbox 223 1167 406 1190">
    <p class='ocr_par' dir='ltr' id='par_1_3' title="bbox 223 1167 406 1190">
     <span class='ocr_line' id='line_1_18' title="bbox 223 1167 406 1190; baseline 0.011 -6"><span class='ocrx_word' id='word_1_91' title='bbox 223 1171 283 1190; x_wconf 73' lang='lat' dir='ltr'>negw</span> <span class='ocrx_word' id='word_1_92' title='bbox 293 1167 311 1185; x_wconf 79' lang='lat' dir='ltr'>ia</span> <span class='ocrx_word' id='word_1_93' title='bbox 328 1170 348 1186; x_wconf 87' lang='lat' dir='ltr'>et</span> <span class='ocrx_word' id='word_1_94' title='bbox 359 1173 406 1186; x_wconf 65' lang='lat' dir='ltr'>cau&gt;</span> 
     </span>
    </p>
   </div>
   <div class='ocr_carea' id='block_1_3' title="bbox 222 1196 1169 1254">
    <p class='ocr_par' dir='ltr' id='par_1_4' title="bbox 222 1196 1169 1254">
     <span class='ocr_line' id='line_1_19' title="bbox 222 1196 1169 1248; baseline 0.01 -26"><span class='ocrx_word' id='word_1_95' title='bbox 222 1202 257 1248; x_wconf 44' lang='grc' dir='ltr'><strong><em>Γ</em></strong></span> <span class='ocrx_word' id='word_1_96' title='bbox 275 1198 360 1231; x_wconf 56' lang='grc' dir='ltr'>υψίηῑς</span> <span class='ocrx_word' id='word_1_97' title='bbox 382 1196 405 1238; x_wconf 93' lang='lat'>5</span> <span class='ocrx_word' id='word_1_98' title='bbox 421 1196 614 1239; x_wconf 82' lang='lat' dir='ltr'>petrationes</span> <span class='ocrx_word' id='word_1_99' title='bbox 633 1197 865 1230; x_wconf 67' lang='lat' dir='ltr'>lunieticioruxu</span> <span class='ocrx_word' id='word_1_100' title='bbox 896 1210 950 1231; x_wconf 89' lang='lat' dir='ltr'>seu</span> <span class='ocrx_word' id='word_1_101' title='bbox 983 1205 1169 1244; x_wconf 84' lang='lat' dir='ltr'>praecepto-</span> 
     </span>
     <span class='ocr_line' id='line_1_20' title="bbox 241 1231 444 1254; baseline 0.015 -7"><span class='ocrx_word' id='word_1_102' title='bbox 241 1231 306 1247; x_wconf 71' lang='grc' dir='ltr'>ΠΙΟΙΠΙ</span> <span class='ocrx_word' id='word_1_103' title='bbox 322 1234 405 1249; x_wconf 63' lang='lat' dir='ltr'>nonnlst</span> <span class='ocrx_word' id='word_1_104' title='bbox 438 1249 444 1254; x_wconf 72' lang='grc'><strong>,</strong></span> 
     </span>
    </p>
   </div>
   <div class='ocr_carea' id='block_1_4' title="bbox 219 1250 1172 2711">
    <p class='ocr_par' dir='ltr' id='par_1_5' title="bbox 222 1250 1167 1295">
     <span class='ocr_line' id='line_1_21' title="bbox 222 1250 1167 1295; baseline 0.01 -18"><span class='ocrx_word' id='word_1_105' title='bbox 222 1263 281 1278; x_wconf 50' lang='lat' dir='ltr'>seua</span> <span class='ocrx_word' id='word_1_106' title='bbox 304 1259 336 1278; x_wconf 52' lang='lat' dir='ltr'>tnt-</span> <span class='ocrx_word' id='word_1_107' title='bbox 359 1261 404 1295; x_wconf 55' lang='lat' dir='ltr'>¹¹·&#39;q</span> <span class='ocrx_word' id='word_1_108' title='bbox 420 1260 539 1282; x_wconf 82' lang='lat' dir='ltr'>riarum</span> <span class='ocrx_word' id='word_1_109' title='bbox 569 1250 645 1282; x_wconf 82' lang='lat' dir='ltr'>dieti</span> <span class='ocrx_word' id='word_1_110' title='bbox 674 1250 821 1289; x_wconf 80' lang='lat' dir='ltr'>Ordinis,</span> <span class='ocrx_word' id='word_1_111' title='bbox 845 1252 940 1284; x_wconf 88' lang='lat' dir='ltr'>etiam</span> <span class='ocrx_word' id='word_1_112' title='bbox 971 1252 1003 1284; x_wconf 92' lang='lat' dir='ltr'>in</span> <span class='ocrx_word' id='word_1_113' title='bbox 1033 1253 1114 1286; x_wconf 61' lang='lat' dir='ltr'>[frbe</span> <span class='ocrx_word' id='word_1_114' title='bbox 1140 1259 1167 1286; x_wconf 85' lang='lat' dir='ltr'>et</span> 
     </span>
    </p>

    <p class='ocr_par' dir='ltr' id='par_1_6' title="bbox 221 1289 1170 2346">
     <span class='ocr_line' id='line_1_22' title="bbox 221 1289 1169 1347; baseline 0.006 -14"><span class='ocrx_word' id='word_1_115' title='bbox 221 1289 286 1347; x_wconf 45' lang='grc' dir='ltr'>ἓυζξζὲ</span> <span class='ocrx_word' id='word_1_116' title='bbox 302 1291 404 1347; x_wconf 42' lang='grc' dir='ltr'>ᾗζῗζΐᾙ</span> <span class='ocrx_word' id='word_1_117' title='bbox 418 1302 513 1336; x_wconf 87' lang='lat' dir='ltr'>Curia</span> <span class='ocrx_word' id='word_1_118' title='bbox 525 1303 710 1336; x_wconf 69' lang='lat' dir='ltr'>huiusmodi</span> <span class='ocrx_word' id='word_1_119' title='bbox 724 1305 981 1343; x_wconf 72' lang='lat' dir='ltr'>consistentium,</span> <span class='ocrx_word' id='word_1_120' title='bbox 1001 1307 1169 1339; x_wconf 84' lang='lat' dir='ltr'>continen-</span> 
     </span>
     <span class='ocr_line' id='line_1_23' title="bbox 418 1357 1168 1401; baseline 0.007 -13"><span class='ocrx_word' id='word_1_121' title='bbox 418 1361 480 1396; x_wconf 88' lang='lat' dir='ltr'>tes,</span> <span class='ocrx_word' id='word_1_122' title='bbox 504 1367 562 1399; x_wconf 89' lang='lat' dir='ltr'>per</span> <span class='ocrx_word' id='word_1_123' title='bbox 586 1357 689 1400; x_wconf 87' lang='lat' dir='ltr'>ipsum</span> <span class='ocrx_word' id='word_1_124' title='bbox 720 1359 858 1391; x_wconf 75' lang='lat' dir='ltr'>Leonem</span> <span class='ocrx_word' id='word_1_125' title='bbox 888 1359 1168 1401; x_wconf 80' lang='lat' dir='ltr'>praedecessorem</span> 
     </span>
     <span class='ocr_line' id='line_1_24' title="bbox 417 1411 1170 1454; baseline 0.005 -13"><span class='ocrx_word' id='word_1_126' title='bbox 417 1415 445 1442; x_wconf 89' lang='lat' dir='ltr'>ct</span> <span class='ocrx_word' id='word_1_127' title='bbox 467 1420 526 1452; x_wconf 82' lang='lat' dir='ltr'>pro</span> <span class='ocrx_word' id='word_1_128' title='bbox 542 1415 686 1454; x_wconf 87' lang='lat' dir='ltr'>tempore</span> <span class='ocrx_word' id='word_1_129' title='bbox 697 1411 882 1444; x_wconf 81' lang='lat' dir='ltr'>existentem</span> <span class='ocrx_word' id='word_1_130' title='bbox 893 1411 1075 1444; x_wconf 73' lang='lat' dir='ltr'>Romanum</span> <span class='ocrx_word' id='word_1_131' title='bbox 1091 1414 1170 1446; x_wconf 88' lang='lat' dir='ltr'>Pon-</span> 
     </span>
     <span class='ocr_line' id='line_1_25' title="bbox 415 1462 1169 1505; baseline 0.007 -11"><span class='ocrx_word' id='word_1_132' title='bbox 415 1462 556 1503; x_wconf 84' lang='lat' dir='ltr'>tificem,</span> <span class='ocrx_word' id='word_1_133' title='bbox 580 1475 634 1496; x_wconf 85' lang='lat' dir='ltr'>seu</span> <span class='ocrx_word' id='word_1_134' title='bbox 665 1464 702 1498; x_wconf 89' lang='lat' dir='ltr'>de</span> <span class='ocrx_word' id='word_1_135' title='bbox 724 1475 835 1498; x_wconf 88' lang='lat' dir='ltr'>corum</span> <span class='ocrx_word' id='word_1_136' title='bbox 856 1465 1019 1505; x_wconf 83' lang='lat' dir='ltr'>mandato,</span> <span class='ocrx_word' id='word_1_137' title='bbox 1040 1476 1104 1499; x_wconf 91' lang='lat' dir='ltr'>non</span> <span class='ocrx_word' id='word_1_138' title='bbox 1127 1467 1169 1499; x_wconf 85' lang='lat' dir='ltr'>si-</span> 
     </span>
     <span class='ocr_line' id='line_1_26' title="bbox 417 1517 1170 1562; baseline 0.004 -13"><span class='ocrx_word' id='word_1_139' title='bbox 417 1522 604 1559; x_wconf 71' lang='lat' dir='ltr'>gnarentur,</span> <span class='ocrx_word' id='word_1_140' title='bbox 623 1523 675 1549; x_wconf 85' lang='lat' dir='ltr'>aut</span> <span class='ocrx_word' id='word_1_141' title='bbox 698 1529 754 1562; x_wconf 88' lang='lat' dir='ltr'>per</span> <span class='ocrx_word' id='word_1_142' title='bbox 772 1517 1006 1551; x_wconf 82' lang='lat' dir='ltr'>referendarios</span> <span class='ocrx_word' id='word_1_143' title='bbox 1023 1530 1080 1562; x_wconf 86' lang='lat' dir='ltr'>pro</span> <span class='ocrx_word' id='word_1_144' title='bbox 1092 1525 1170 1552; x_wconf 82' lang='lat' dir='ltr'>tem-</span> 
     </span>
     <span class='ocr_line' id='line_1_27' title="bbox 418 1570 1169 1612; baseline 0.007 -12"><span class='ocrx_word' id='word_1_145' title='bbox 418 1580 494 1612; x_wconf 82' lang='lat' dir='ltr'>pore</span> <span class='ocrx_word' id='word_1_146' title='bbox 515 1570 684 1603; x_wconf 80' lang='lat' dir='ltr'>existentes</span> <span class='ocrx_word' id='word_1_147' title='bbox 704 1582 767 1603; x_wconf 89' lang='lat' dir='ltr'>non</span> <span class='ocrx_word' id='word_1_148' title='bbox 798 1571 1093 1610; x_wconf 82' lang='lat' dir='ltr'>reserendarentur,</span> <span class='ocrx_word' id='word_1_149' title='bbox 1116 1574 1169 1605; x_wconf 91' lang='lat' dir='ltr'>sed</span> 
     </span>
     <span class='ocr_line' id='line_1_28' title="bbox 417 1624 1170 1667; baseline 0.005 -12"><span class='ocrx_word' id='word_1_150' title='bbox 417 1633 503 1656; x_wconf 90' lang='lat' dir='ltr'>nunc.</span> <span class='ocrx_word' id='word_1_151' title='bbox 523 1629 551 1656; x_wconf 87' lang='lat' dir='ltr'>et</span> <span class='ocrx_word' id='word_1_152' title='bbox 573 1635 630 1667; x_wconf 90' lang='lat' dir='ltr'>pro</span> <span class='ocrx_word' id='word_1_153' title='bbox 652 1629 795 1667; x_wconf 80' lang='lat' dir='ltr'>tempore</span> <span class='ocrx_word' id='word_1_154' title='bbox 816 1624 959 1657; x_wconf 79' lang='lat' dir='ltr'>existenti</span> <span class='ocrx_word' id='word_1_155' title='bbox 985 1625 1086 1658; x_wconf 86' lang='lat' dir='ltr'>dictae</span> <span class='ocrx_word' id='word_1_156' title='bbox 1112 1626 1170 1659; x_wconf 74' lang='lat' dir='ltr'>Re-</span> 
     </span>
     <span class='ocr_line' id='line_1_29' title="bbox 416 1676 1169 1723; baseline 0.005 -14"><span class='ocrx_word' id='word_1_157' title='bbox 416 1676 544 1720; x_wconf 73' lang='lat' dir='ltr'>ligionis</span> <span class='ocrx_word' id='word_1_158' title='bbox 573 1677 746 1720; x_wconf 53' lang='lat' dir='ltr'>protectori</span> <span class='ocrx_word' id='word_1_159' title='bbox 778 1678 1022 1718; x_wconf 82' lang='lat' dir='ltr'>niandarcntur;</span> <span class='ocrx_word' id='word_1_160' title='bbox 1045 1684 1072 1711; x_wconf 82' lang='lat' dir='ltr'>et</span> <span class='ocrx_word' id='word_1_161' title='bbox 1102 1678 1169 1723; x_wconf 85' lang='lat' dir='ltr'>ipsc</span> 
     </span>
     <span class='ocr_line' id='line_1_30' title="bbox 416 1730 1169 1774; baseline 0.003 -11"><span class='ocrx_word' id='word_1_162' title='bbox 416 1734 580 1773; x_wconf 82' lang='lat' dir='ltr'>protector</span> <span class='ocrx_word' id='word_1_163' title='bbox 617 1731 871 1774; x_wconf 68' lang='lat' dir='ltr'>supplicationes</span> <span class='ocrx_word' id='word_1_164' title='bbox 908 1730 1113 1771; x_wconf 86' lang='lat' dir='ltr'>huiusmodi,</span> <span class='ocrx_word' id='word_1_165' title='bbox 1145 1732 1169 1765; x_wconf 90' lang='lat' dir='ltr'>si</span> 
     </span>
     <span class='ocr_line' id='line_1_31' title="bbox 416 1782 1170 1828; baseline 0.004 -14"><span class='ocrx_word' id='word_1_166' title='bbox 416 1782 518 1816; x_wconf 84' lang='lat' dir='ltr'>dictae</span> <span class='ocrx_word' id='word_1_167' title='bbox 539 1783 696 1827; x_wconf 68' lang='lat' dir='ltr'>Religioni</span> <span class='ocrx_word' id='word_1_168' title='bbox 724 1785 947 1827; x_wconf 82' lang='lat' dir='ltr'>praeiudicare</span> <span class='ocrx_word' id='word_1_169' title='bbox 968 1796 1031 1818; x_wconf 88' lang='lat' dir='ltr'>non</span> <span class='ocrx_word' id='word_1_170' title='bbox 1053 1796 1170 1828; x_wconf 67' lang='lat' dir='ltr'>cogno-</span> 
     </span>
     <span class='ocr_line' id='line_1_32' title="bbox 416 1838 1170 1882; baseline 0.004 -13"><span class='ocrx_word' id='word_1_171' title='bbox 416 1842 530 1877; x_wconf 85' lang='lat' dir='ltr'>sceret,</span> <span class='ocrx_word' id='word_1_172' title='bbox 552 1848 649 1870; x_wconf 85' lang='lat' dir='ltr'>manu</span> <span class='ocrx_word' id='word_1_173' title='bbox 671 1848 726 1870; x_wconf 81' lang='lat' dir='ltr'>sua</span> <span class='ocrx_word' id='word_1_174' title='bbox 745 1838 896 1880; x_wconf 66' lang='lat' dir='ltr'>signaret,</span> <span class='ocrx_word' id='word_1_175' title='bbox 916 1844 945 1870; x_wconf 85' lang='lat' dir='ltr'>ct</span> <span class='ocrx_word' id='word_1_176' title='bbox 966 1839 1063 1871; x_wconf 87' lang='lat' dir='ltr'>Leoni</span> <span class='ocrx_word' id='word_1_177' title='bbox 1080 1850 1170 1882; x_wconf 85' lang='lat' dir='ltr'>prae-</span> 
     </span>
     <span class='ocr_line' id='line_1_33' title="bbox 415 1890 1169 1934; baseline 0.005 -13"><span class='ocrx_word' id='word_1_178' title='bbox 415 1890 575 1923; x_wconf 72' lang='lat' dir='ltr'>decessori</span> <span class='ocrx_word' id='word_1_179' title='bbox 604 1891 651 1923; x_wconf 65' lang='grc' dir='ltr'>γρ]</span> <span class='ocrx_word' id='word_1_180' title='bbox 683 1902 739 1934; x_wconf 88' lang='lat' dir='ltr'>pro</span> <span class='ocrx_word' id='word_1_181' title='bbox 770 1897 916 1934; x_wconf 86' lang='lat' dir='ltr'>tempore</span> <span class='ocrx_word' id='word_1_182' title='bbox 941 1891 1084 1925; x_wconf 74' lang='lat' dir='ltr'>existenti</span> <span class='ocrx_word' id='word_1_183' title='bbox 1106 1893 1169 1925; x_wconf 77' lang='lat' dir='ltr'>Ro-</span> 
     </span>
     <span class='ocr_line' id='line_1_34' title="bbox 416 1943 1167 1986; baseline 0.005 -12"><span class='ocrx_word' id='word_1_184' title='bbox 416 1953 510 1976; x_wconf 90' lang='lat' dir='ltr'>mano</span> <span class='ocrx_word' id='word_1_185' title='bbox 538 1943 685 1976; x_wconf 80' lang='lat' dir='ltr'>Pontifici</span> <span class='ocrx_word' id='word_1_186' title='bbox 715 1950 770 1977; x_wconf 85' lang='lat' dir='ltr'>aut</span> <span class='ocrx_word' id='word_1_187' title='bbox 799 1945 953 1977; x_wconf 83' lang='lat' dir='ltr'>cardinali</span> <span class='ocrx_word' id='word_1_188' title='bbox 987 1956 1042 1978; x_wconf 88' lang='lat' dir='ltr'>seu</span> <span class='ocrx_word' id='word_1_189' title='bbox 1064 1945 1167 1986; x_wconf 89' lang='lat' dir='ltr'>alteri,</span> 
     </span>
     <span class='ocr_line' id='line_1_35' title="bbox 415 1996 1170 2041; baseline 0.007 -14"><span class='ocrx_word' id='word_1_190' title='bbox 415 2006 526 2028; x_wconf 89' lang='lat' dir='ltr'>curam</span> <span class='ocrx_word' id='word_1_191' title='bbox 555 1996 736 2039; x_wconf 68' lang='lat' dir='ltr'>signaturae</span> <span class='ocrx_word' id='word_1_192' title='bbox 757 1997 900 2037; x_wconf 77' lang='lat' dir='ltr'>habenti,</span> <span class='ocrx_word' id='word_1_193' title='bbox 924 1998 1095 2041; x_wconf 71' lang='lat' dir='ltr'>signandas</span> <span class='ocrx_word' id='word_1_194' title='bbox 1121 2011 1170 2032; x_wconf 87' lang='lat' dir='ltr'>rc-</span> 
     </span>
     <span class='ocr_line' id='line_1_36' title="bbox 417 2049 1168 2094; baseline 0.005 -14"><span class='ocrx_word' id='word_1_195' title='bbox 417 2049 576 2085; x_wconf 79' lang='lat' dir='ltr'>mitteret:</span> <span class='ocrx_word' id='word_1_196' title='bbox 599 2055 627 2082; x_wconf 86' lang='lat' dir='ltr'>ct</span> <span class='ocrx_word' id='word_1_197' title='bbox 658 2061 883 2094; x_wconf 79' lang='lat' dir='ltr'>quaecumque</span> <span class='ocrx_word' id='word_1_198' title='bbox 914 2051 1035 2091; x_wconf 65' lang='lat' dir='ltr'>*gratiae</span> <span class='ocrx_word' id='word_1_199' title='bbox 1064 2051 1168 2085; x_wconf 91' lang='lat' dir='ltr'>eidem</span> 
     </span>
     <span class='ocr_line' id='line_1_37' title="bbox 416 2101 1168 2147; baseline 0.005 -14"><span class='ocrx_word' id='word_1_200' title='bbox 416 2101 573 2144; x_wconf 69' lang='lat' dir='ltr'>Religioni</span> <span class='ocrx_word' id='word_1_201' title='bbox 608 2103 886 2146; x_wconf 81' lang='lat' dir='ltr'>praeiudicantes,</span> <span class='ocrx_word' id='word_1_202' title='bbox 918 2104 1037 2147; x_wconf 84' lang='lat' dir='ltr'>absque</span> <span class='ocrx_word' id='word_1_203' title='bbox 1071 2116 1168 2137; x_wconf 85' lang='lat' dir='ltr'>manu</span> 
     </span>
     <span class='ocr_line' id='line_1_38' title="bbox 416 2154 1167 2197; baseline 0.005 -12"><span class='ocrx_word' id='word_1_204' title='bbox 416 2154 490 2186; x_wconf 90' lang='lat' dir='ltr'>dicti</span> <span class='ocrx_word' id='word_1_205' title='bbox 512 2155 702 2197; x_wconf 76' lang='lat' dir='ltr'>protectoris</span> <span class='ocrx_word' id='word_1_206' title='bbox 729 2156 766 2188; x_wconf 86' lang='lat' dir='ltr'>‹le</span> <span class='ocrx_word' id='word_1_207' title='bbox 793 2161 899 2188; x_wconf 85' lang='lat' dir='ltr'>cetero</span> <span class='ocrx_word' id='word_1_208' title='bbox 922 2157 1145 2189; x_wconf 82' lang='lat' dir='ltr'>concedendae</span> <span class='ocrx_word' id='word_1_209' title='bbox 1160 2185 1167 2197; x_wconf 83' lang='lat'>,</span> 
     </span>
     <span class='ocr_line' id='line_1_39' title="bbox 416 2207 1169 2252; baseline 0.005 -13"><span class='ocrx_word' id='word_1_210' title='bbox 416 2207 634 2251; x_wconf 69' lang='lat' dir='ltr'>subreptionis</span> <span class='ocrx_word' id='word_1_211' title='bbox 655 2213 686 2240; x_wconf 82' lang='lat' dir='ltr'>et</span> <span class='ocrx_word' id='word_1_212' title='bbox 713 2209 912 2252; x_wconf 78' lang='lat' dir='ltr'>obreptionis</span> <span class='ocrx_word' id='word_1_213' title='bbox 929 2209 1005 2242; x_wconf 61' lang='lat' dir='ltr'>vitio</span> <span class='ocrx_word' id='word_1_214' title='bbox 1026 2210 1169 2243; x_wconf 85' lang='lat' dir='ltr'>subiace—</span> 
     </span>
     <span class='ocr_line' id='line_1_40' title="bbox 416 2260 1170 2304; baseline 0.004 -12"><span class='ocrx_word' id='word_1_215' title='bbox 416 2265 500 2300; x_wconf 86' lang='lat' dir='ltr'>rcut,</span> <span class='ocrx_word' id='word_1_216' title='bbox 523 2260 706 2304; x_wconf 78' lang='lat' dir='ltr'>nulllusque</span> <span class='ocrx_word' id='word_1_217' title='bbox 722 2262 847 2294; x_wconf 83' lang='lat' dir='ltr'>roboris</span> <span class='ocrx_word' id='word_1_218' title='bbox 867 2263 915 2296; x_wconf 71' lang='lat' dir='ltr'>vel</span> <span class='ocrx_word' id='word_1_219' title='bbox 935 2264 1091 2297; x_wconf 87' lang='lat' dir='ltr'>momenti</span> <span class='ocrx_word' id='word_1_220' title='bbox 1108 2263 1170 2298; x_wconf 84' lang='lat' dir='ltr'>exi-</span> 
     </span>
     <span class='ocr_line' id='line_1_41' title="bbox 417 2318 548 2346; baseline 0 -1"><span class='ocrx_word' id='word_1_221' title='bbox 417 2318 548 2346; x_wconf 85' lang='lat' dir='ltr'>sterent.</span> 
     </span>
    </p>

    <p class='ocr_par' dir='ltr' id='par_1_7' title="bbox 219 2366 1171 2523">
     <span class='ocr_line' id='line_1_42' title="bbox 461 2366 1167 2409; baseline 0.004 -10"><span class='ocrx_word' id='word_1_222' title='bbox 461 2367 476 2409; x_wconf 68' lang='lat'>§</span> <span class='ocrx_word' id='word_1_223' title='bbox 496 2366 548 2399; x_wconf 55' lang='lat'>118.</span> <span class='ocrx_word' id='word_1_224' title='bbox 587 2369 630 2400; x_wconf 74' lang='lat' dir='ltr'>Ac</span> <span class='ocrx_word' id='word_1_225' title='bbox 649 2368 734 2409; x_wconf 77' lang='lat' dir='ltr'>quod</span> <span class='ocrx_word' id='word_1_226' title='bbox 756 2368 930 2409; x_wconf 64' lang='lat' dir='ltr'>Religionis</span> <span class='ocrx_word' id='word_1_227' title='bbox 949 2369 1136 2402; x_wconf 78' lang='lat' dir='ltr'>huiusmodi</span> <span class='ocrx_word' id='word_1_228' title='bbox 1157 2370 1167 2392; x_wconf 80' lang='lat'>¹</span> 
     </span>
     <span class='ocr_line' id='line_1_43' title="bbox 219 2408 1171 2464; baseline 0.004 -12"><span class='ocrx_word' id='word_1_229' title='bbox 219 2408 405 2461; x_wconf 52' lang='grc' dir='ltr'>οἳζξζῗῦξῖζῗζῖ]</span> <span class='ocrx_word' id='word_1_230' title='bbox 419 2420 627 2454; x_wconf 79' lang='lat' dir='ltr'>consistentes</span> <span class='ocrx_word' id='word_1_231' title='bbox 654 2421 894 2464; x_wconf 79' lang='lat' dir='ltr'>praeceptoriae</span> <span class='ocrx_word' id='word_1_232' title='bbox 923 2429 952 2454; x_wconf 91' lang='lat' dir='ltr'>et</span> <span class='ocrx_word' id='word_1_233' title='bbox 987 2423 1047 2455; x_wconf 82' lang='lat' dir='ltr'>alia</span> <span class='ocrx_word' id='word_1_234' title='bbox 1077 2424 1171 2455; x_wconf 84' lang='lat' dir='ltr'>bene-</span> 
     </span>
     <span class='ocr_line' id='line_1_44' title="bbox 219 2471 1169 2523; baseline 0.004 -19"><span class='ocrx_word' id='word_1_235' title='bbox 219 2471 405 2523; x_wconf 43' lang='lat' dir='ltr'>‘effierrffffffffffj</span> <span class='ocrx_word' id='word_1_236' title='bbox 419 2473 510 2514; x_wconf 75' lang='lat' dir='ltr'>licia,</span> <span class='ocrx_word' id='word_1_237' title='bbox 534 2473 629 2505; x_wconf 85' lang='lat' dir='ltr'>etiam</span> <span class='ocrx_word' id='word_1_238' title='bbox 651 2473 681 2505; x_wconf 93' lang='lat' dir='ltr'>in</span> <span class='ocrx_word' id='word_1_239' title='bbox 703 2474 786 2523; x_wconf 80' lang='lat' dir='ltr'>Urbe</span> <span class='ocrx_word' id='word_1_240' title='bbox 807 2480 835 2507; x_wconf 84' lang='lat' dir='ltr'>et</span> <span class='ocrx_word' id='word_1_241' title='bbox 856 2474 950 2507; x_wconf 83' lang='lat' dir='ltr'>Curia</span> <span class='ocrx_word' id='word_1_242' title='bbox 970 2475 1169 2515; x_wconf 80' lang='lat' dir='ltr'>huiusmodi,</span> 
     </span>
    </p>

    <p class='ocr_par' dir='ltr' id='par_1_8' title="bbox 400 2516 1172 2663">
     <span class='ocr_line' id='line_1_45' title="bbox 400 2516 1172 2567; baseline 0.003 -13"><span class='ocrx_word' id='word_1_243' title='bbox 400 2516 529 2562; x_wconf 67' lang='lat' dir='ltr'>¹nullis⁷</span> <span class='ocrx_word' id='word_1_244' title='bbox 544 2522 604 2554; x_wconf 84' lang='lat' dir='ltr'>nisi</span> <span class='ocrx_word' id='word_1_245' title='bbox 615 2522 737 2555; x_wconf 89' lang='lat' dir='ltr'>dictum</span> <span class='ocrx_word' id='word_1_246' title='bbox 759 2522 909 2555; x_wconf 77' lang='lat' dir='ltr'>Ordinem</span> <span class='ocrx_word' id='word_1_247' title='bbox 932 2534 1078 2567; x_wconf 83' lang='lat' dir='ltr'>expresse</span> <span class='ocrx_word' id='word_1_248' title='bbox 1100 2535 1172 2567; x_wconf 90' lang='lat' dir='ltr'>pro-</span> 
     </span>
     <span class='ocr_line' id='line_1_46' title="bbox 420 2571 1171 2614; baseline 0.001 -11"><span class='ocrx_word' id='word_1_249' title='bbox 420 2571 520 2611; x_wconf 79' lang='lat' dir='ltr'>fessis,</span> <span class='ocrx_word' id='word_1_250' title='bbox 535 2582 571 2604; x_wconf 79' lang='lat' dir='ltr'>ac</span> <span class='ocrx_word' id='word_1_251' title='bbox 587 2571 624 2603; x_wconf 81' lang='lat' dir='ltr'>‹le</span> <span class='ocrx_word' id='word_1_252' title='bbox 640 2582 787 2614; x_wconf 79' lang='lat' dir='ltr'>expresso</span> <span class='ocrx_word' id='word_1_253' title='bbox 806 2582 962 2604; x_wconf 81' lang='lat' dir='ltr'>consensu</span> <span class='ocrx_word' id='word_1_254' title='bbox 984 2571 1065 2614; x_wconf 59' lang='lat' dir='ltr'>regis</span> <span class='ocrx_word' id='word_1_255' title='bbox 1076 2572 1171 2604; x_wconf 86' lang='lat' dir='ltr'>Fran-</span> 
     </span>
     <span class='ocr_line' id='line_1_47' title="bbox 421 2619 1170 2663; baseline 0 -11"><span class='ocrx_word' id='word_1_256' title='bbox 421 2630 532 2652; x_wconf 79' lang='lat' dir='ltr'>corum</span> <span class='ocrx_word' id='word_1_257' title='bbox 564 2632 599 2651; x_wconf 54' lang='lat' dir='ltr'>we</span> <span class='ocrx_word' id='word_1_258' title='bbox 629 2620 751 2652; x_wconf 80' lang='lat' dir='ltr'>abbatis</span> <span class='ocrx_word' id='word_1_259' title='bbox 781 2632 838 2663; x_wconf 88' lang='lat' dir='ltr'>pro</span> <span class='ocrx_word' id='word_1_260' title='bbox 869 2625 1014 2663; x_wconf 84' lang='lat' dir='ltr'>tempore</span> <span class='ocrx_word' id='word_1_261' title='bbox 1035 2619 1170 2654; x_wconf 81' lang='lat' dir='ltr'>existen-</span> 
     </span>
    </p>

    <p class='ocr_par' dir='ltr' id='par_1_9' title="bbox 459 2676 1170 2711">
     <span class='ocr_line' id='line_1_48' title="bbox 459 2676 1170 2711; baseline -0.003 -8"><span class='ocrx_word' id='word_1_262' title='bbox 459 2679 468 2704; x_wconf 80' lang='lat'>¹</span> <span class='ocrx_word' id='word_1_263' title='bbox 491 2677 574 2709; x_wconf 21' lang='lat' dir='ltr'>Lggewi</span> <span class='ocrx_word' id='word_1_264' title='bbox 590 2677 604 2701; x_wconf 79' lang='lat' dir='ltr'>l.</span> <span class='ocrx_word' id='word_1_265' title='bbox 625 2678 711 2704; x_wconf 59' lang='lat' dir='ltr'>{cisitu</span> <span class='ocrx_word' id='word_1_266' title='bbox 728 2679 882 2709; x_wconf 66' lang='lat' dir='ltr'>ubtcumque</span> <span class='ocrx_word' id='word_1_267' title='bbox 893 2679 1058 2702; x_wconf 60' lang='lat' dir='ltr'>consistentes</span> <span class='ocrx_word' id='word_1_268' title='bbox 1070 2676 1106 2710; x_wconf 74' lang='lat' dir='ltr'>(n.</span> <span class='ocrx_word' id='word_1_269' title='bbox 1121 2678 1170 2711; x_wconf 95' lang='lat' dir='ltr'>T).</span> 
     </span>
    </p>
   </div>
   <div class='ocr_carea' id='block_1_5' title="bbox 230 288 413 317">
    <p class='ocr_par' dir='ltr' id='par_1_10' title="bbox 230 288 413 317">
     <span class='ocr_line' id='line_1_49' title="bbox 230 288 413 317; baseline 0 -1"><span class='ocrx_word' id='word_1_270' title='bbox 230 289 280 316; x_wconf 80' lang='lat' dir='ltr'>An.</span> <span class='ocrx_word' id='word_1_271' title='bbox 297 288 326 316; x_wconf 87' lang='lat' dir='ltr'>C.</span> <span class='ocrx_word' id='word_1_272' title='bbox 348 290 413 317; x_wconf 65' lang='lat'>15023</span> 
     </span>
    </p>
   </div>
   <div class='ocr_carea' id='block_1_6' title="bbox 1024 291 1375 316">
    <p class='ocr_par' dir='ltr' id='par_1_11' title="bbox 1024 291 1375 316">
     <span class='ocr_line' id='line_1_50' title="bbox 1024 291 1375 316; baseline 0.006 -2"><span class='ocrx_word' id='word_1_273' title='bbox 1024 291 1202 314; x_wconf 68' lang='lat' dir='ltr'>nt&#39;LLAntrM</span> <span class='ocrx_word' id='word_1_274' title='bbox 1226 291 1375 316; x_wconf 65' lang='lat' dir='ltr'>ROMANI&#39;M</span> 
     </span>
    </p>
   </div>
   <div class='ocr_carea' id='block_1_7' title="bbox 1985 288 2166 318">
    <p class='ocr_par' dir='ltr' id='par_1_12' title="bbox 1985 288 2166 318">
     <span class='ocr_line' id='line_1_51' title="bbox 1985 288 2166 318; baseline -0.011 0"><span class='ocrx_word' id='word_1_275' title='bbox 1985 290 2034 318; x_wconf 73' lang='lat' dir='ltr'>An.</span> <span class='ocrx_word' id='word_1_276' title='bbox 2054 289 2083 318; x_wconf 90' lang='lat' dir='ltr'>C.</span> <span class='ocrx_word' id='word_1_277' title='bbox 2101 288 2166 317; x_wconf 67' lang='lat'>¹523</span> 
     </span>
    </p>
   </div>
   <div class='ocr_carea' id='block_1_8' title="bbox 1210 342 2162 2707">
    <p class='ocr_par' dir='ltr' id='par_1_13' title="bbox 1213 342 1970 1070">
     <span class='ocr_line' id='line_1_52' title="bbox 1217 342 1970 390; baseline 0.007 -16"><span class='ocrx_word' id='word_1_278' title='bbox 1217 342 1296 375; x_wconf 88' lang='lat' dir='ltr'>tium</span> <span class='ocrx_word' id='word_1_279' title='bbox 1318 344 1569 387; x_wconf 75' lang='lat' dir='ltr'>praedictorum,</span> <span class='ocrx_word' id='word_1_280' title='bbox 1594 358 1651 389; x_wconf 81' lang='lat' dir='ltr'>per</span> <span class='ocrx_word' id='word_1_281' title='bbox 1675 346 1812 379; x_wconf 85' lang='lat' dir='ltr'>Leonem</span> <span class='ocrx_word' id='word_1_282' title='bbox 1834 346 1970 390; x_wconf 83' lang='lat' dir='ltr'>praede-</span> 
     </span>
     <span class='ocr_line' id='line_1_53' title="bbox 1218 399 1967 437; baseline 0.004 -9"><span class='ocrx_word' id='word_1_283' title='bbox 1218 406 1375 429; x_wconf 83' lang='lat' dir='ltr'>cessorem</span> <span class='ocrx_word' id='word_1_284' title='bbox 1392 403 1444 430; x_wconf 87' lang='lat' dir='ltr'>aut</span> <span class='ocrx_word' id='word_1_285' title='bbox 1462 410 1663 433; x_wconf 81' lang='lat' dir='ltr'>successores</span> <span class='ocrx_word' id='word_1_286' title='bbox 1679 410 1754 433; x_wconf 87' lang='lat' dir='ltr'>suos</span> <span class='ocrx_word' id='word_1_287' title='bbox 1769 399 1967 437; x_wconf 81' lang='lat' dir='ltr'>huiusmodi,</span> 
     </span>
     <span class='ocr_line' id='line_1_54' title="bbox 1218 450 1969 496; baseline 0.007 -16"><span class='ocrx_word' id='word_1_288' title='bbox 1218 459 1343 482; x_wconf 85' lang='lat' dir='ltr'>necnon</span> <span class='ocrx_word' id='word_1_289' title='bbox 1364 450 1453 484; x_wconf 82' lang='lat' dir='ltr'>Sedis</span> <span class='ocrx_word' id='word_1_290' title='bbox 1472 453 1654 495; x_wconf 68' lang='lat' dir='ltr'>praedictae</span> <span class='ocrx_word' id='word_1_291' title='bbox 1674 454 1807 496; x_wconf 79' lang='lat' dir='ltr'>legatos,</span> <span class='ocrx_word' id='word_1_292' title='bbox 1820 452 1914 485; x_wconf 88' lang='lat' dir='ltr'>etiam</span> <span class='ocrx_word' id='word_1_293' title='bbox 1931 453 1969 485; x_wconf 87' lang='lat' dir='ltr'>de</span> 
     </span>
     <span class='ocr_line' id='line_1_55' title="bbox 1217 503 1968 549; baseline 0.005 -15"><span class='ocrx_word' id='word_1_294' title='bbox 1217 503 1337 542; x_wconf 85' lang='lat' dir='ltr'>latere,</span> <span class='ocrx_word' id='word_1_295' title='bbox 1373 508 1402 536; x_wconf 83' lang='lat' dir='ltr'>et</span> <span class='ocrx_word' id='word_1_296' title='bbox 1426 505 1564 538; x_wconf 75' lang='lat' dir='ltr'>nuncios</span> <span class='ocrx_word' id='word_1_297' title='bbox 1596 506 1776 549; x_wconf 79' lang='lat' dir='ltr'>legatorum</span> <span class='ocrx_word' id='word_1_298' title='bbox 1810 506 1849 539; x_wconf 86' lang='lat' dir='ltr'>de</span> <span class='ocrx_word' id='word_1_299' title='bbox 1869 507 1968 539; x_wconf 82' lang='lat' dir='ltr'>latere</span> 
     </span>
     <span class='ocr_line' id='line_1_56' title="bbox 1217 557 1967 603; baseline 0.007 -16"><span class='ocrx_word' id='word_1_300' title='bbox 1217 560 1374 598; x_wconf 77' lang='lat' dir='ltr'>potestate</span> <span class='ocrx_word' id='word_1_301' title='bbox 1385 557 1564 599; x_wconf 75' lang='lat' dir='ltr'>fungentes,</span> <span class='ocrx_word' id='word_1_302' title='bbox 1579 560 1673 592; x_wconf 86' lang='lat' dir='ltr'>etiam</span> <span class='ocrx_word' id='word_1_303' title='bbox 1684 559 1721 592; x_wconf 87' lang='lat' dir='ltr'>ad</span> <span class='ocrx_word' id='word_1_304' title='bbox 1736 564 1863 603; x_wconf 86' lang='lat' dir='ltr'>tempus</span> <span class='ocrx_word' id='word_1_305' title='bbox 1879 569 1967 592; x_wconf 88' lang='lat' dir='ltr'>com-</span> 
     </span>
     <span class='ocr_line' id='line_1_57' title="bbox 1217 608 1968 655; baseline 0.007 -15"><span class='ocrx_word' id='word_1_306' title='bbox 1217 608 1375 651; x_wconf 84' lang='lat' dir='ltr'>mendari,</span> <span class='ocrx_word' id='word_1_307' title='bbox 1388 610 1485 644; x_wconf 90' lang='lat' dir='ltr'>autin</span> <span class='ocrx_word' id='word_1_308' title='bbox 1497 611 1809 646; x_wconf 75' lang='lat' dir='ltr'>administrationem</span> <span class='ocrx_word' id='word_1_309' title='bbox 1818 612 1887 645; x_wconf 85' lang='lat' dir='ltr'>dari</span> <span class='ocrx_word' id='word_1_310' title='bbox 1897 622 1968 655; x_wconf 82' lang='lat' dir='ltr'>pos-</span> 
     </span>
     <span class='ocr_line' id='line_1_58' title="bbox 1216 663 1966 709; baseline 0.004 -15"><span class='ocrx_word' id='word_1_311' title='bbox 1216 667 1296 701; x_wconf 86' lang='lat' dir='ltr'>scnt;</span> <span class='ocrx_word' id='word_1_312' title='bbox 1319 667 1347 695; x_wconf 91' lang='lat' dir='ltr'>et</span> <span class='ocrx_word' id='word_1_313' title='bbox 1366 663 1390 695; x_wconf 89' lang='lat' dir='ltr'>si</span> <span class='ocrx_word' id='word_1_314' title='bbox 1403 665 1610 698; x_wconf 80' lang='lat' dir='ltr'>commendas</span> <span class='ocrx_word' id='word_1_315' title='bbox 1625 665 1663 698; x_wconf 90' lang='lat' dir='ltr'>de</span> <span class='ocrx_word' id='word_1_316' title='bbox 1679 665 1741 698; x_wconf 88' lang='lat' dir='ltr'>illis</span> <span class='ocrx_word' id='word_1_317' title='bbox 1756 676 1814 709; x_wconf 86' lang='lat' dir='ltr'>per</span> <span class='ocrx_word' id='word_1_318' title='bbox 1829 666 1966 698; x_wconf 87' lang='lat' dir='ltr'>Leonem</span> 
     </span>
     <span class='ocr_line' id='line_1_59' title="bbox 1216 716 1967 758; baseline 0.005 -10"><span class='ocrx_word' id='word_1_319' title='bbox 1216 716 1496 758; x_wconf 86' lang='lat' dir='ltr'>praedecessorem</span> <span class='ocrx_word' id='word_1_320' title='bbox 1524 723 1576 750; x_wconf 88' lang='lat' dir='ltr'>aut</span> <span class='ocrx_word' id='word_1_321' title='bbox 1603 729 1805 752; x_wconf 87' lang='lat' dir='ltr'>successores</span> <span class='ocrx_word' id='word_1_322' title='bbox 1830 730 1904 752; x_wconf 84' lang='lat' dir='ltr'>suos</span> <span class='ocrx_word' id='word_1_323' title='bbox 1923 720 1967 752; x_wconf 89' lang='lat' dir='ltr'>le-</span> 
     </span>
     <span class='ocr_line' id='line_1_60' title="bbox 1214 769 1966 811; baseline 0.007 -11"><span class='ocrx_word' id='word_1_324' title='bbox 1214 774 1304 811; x_wconf 68' lang='lat' dir='ltr'>gatos</span> <span class='ocrx_word' id='word_1_325' title='bbox 1325 775 1355 802; x_wconf 83' lang='lat' dir='ltr'>et</span> <span class='ocrx_word' id='word_1_326' title='bbox 1380 769 1516 803; x_wconf 77' lang='lat' dir='ltr'>nuncios</span> <span class='ocrx_word' id='word_1_327' title='bbox 1541 770 1727 804; x_wconf 84' lang='lat' dir='ltr'>huiusmodi</span> <span class='ocrx_word' id='word_1_328' title='bbox 1753 772 1822 805; x_wconf 83' lang='lat' dir='ltr'>sieri</span> <span class='ocrx_word' id='word_1_329' title='bbox 1844 772 1966 805; x_wconf 88' lang='lat' dir='ltr'>contin-</span> 
     </span>
     <span class='ocr_line' id='line_1_61' title="bbox 1213 823 1968 863; baseline 0.009 -11"><span class='ocrx_word' id='word_1_330' title='bbox 1213 827 1314 863; x_wconf 64' lang='lat' dir='ltr'>geret,</span> <span class='ocrx_word' id='word_1_331' title='bbox 1338 823 1546 856; x_wconf 72' lang='lat' dir='ltr'>continendae</span> <span class='ocrx_word' id='word_1_332' title='bbox 1567 824 1753 857; x_wconf 85' lang='lat' dir='ltr'>huiusmodi</span> <span class='ocrx_word' id='word_1_333' title='bbox 1774 825 1899 859; x_wconf 82' lang='lat' dir='ltr'>defectu</span> <span class='ocrx_word' id='word_1_334' title='bbox 1919 826 1968 859; x_wconf 89' lang='lat' dir='ltr'>in-</span> 
     </span>
     <span class='ocr_line' id='line_1_62' title="bbox 1214 876 1966 921; baseline 0.007 -13"><span class='ocrx_word' id='word_1_335' title='bbox 1214 876 1363 909; x_wconf 85' lang='lat' dir='ltr'>tentionis</span> <span class='ocrx_word' id='word_1_336' title='bbox 1382 877 1496 910; x_wconf 85' lang='lat' dir='ltr'>Leonis</span> <span class='ocrx_word' id='word_1_337' title='bbox 1516 877 1771 921; x_wconf 77' lang='lat' dir='ltr'>praedecessoris</span> <span class='ocrx_word' id='word_1_338' title='bbox 1792 884 1824 912; x_wconf 82' lang='lat' dir='ltr'>et</span> <span class='ocrx_word' id='word_1_339' title='bbox 1841 890 1966 914; x_wconf 85' lang='lat' dir='ltr'>sueces-</span> 
     </span>
     <span class='ocr_line' id='line_1_63' title="bbox 1213 930 1965 976; baseline 0.005 -14"><span class='ocrx_word' id='word_1_340' title='bbox 1213 940 1322 962; x_wconf 81' lang='lat' dir='ltr'>sorum</span> <span class='ocrx_word' id='word_1_341' title='bbox 1359 930 1545 964; x_wconf 86' lang='lat' dir='ltr'>eorumdem</span> <span class='ocrx_word' id='word_1_342' title='bbox 1583 936 1729 964; x_wconf 81' lang='lat' dir='ltr'>carerent</span> <span class='ocrx_word' id='word_1_343' title='bbox 1747 958 1754 970; x_wconf 90' lang='lat'>,</span> <span class='ocrx_word' id='word_1_344' title='bbox 1789 932 1965 976; x_wconf 83' lang='lat' dir='ltr'>literaeque</span> 
     </span>
     <span class='ocr_line' id='line_1_64' title="bbox 1213 983 1962 1028; baseline 0.008 -15"><span class='ocrx_word' id='word_1_345' title='bbox 1213 983 1352 1025; x_wconf 84' lang='lat' dir='ltr'>desuper</span> <span class='ocrx_word' id='word_1_346' title='bbox 1375 994 1434 1026; x_wconf 89' lang='lat' dir='ltr'>pro</span> <span class='ocrx_word' id='word_1_347' title='bbox 1459 988 1604 1028; x_wconf 85' lang='lat' dir='ltr'>tempore</span> <span class='ocrx_word' id='word_1_348' title='bbox 1625 984 1788 1018; x_wconf 83' lang='lat' dir='ltr'>consectae</span> <span class='ocrx_word' id='word_1_349' title='bbox 1803 1012 1811 1025; x_wconf 92' lang='lat'>,</span> <span class='ocrx_word' id='word_1_350' title='bbox 1833 986 1941 1019; x_wconf 84' lang='lat' dir='ltr'>nullae</span> <span class='ocrx_word' id='word_1_351' title='bbox 1955 1013 1962 1026; x_wconf 85' lang='lat'>‚</span> 
     </span>
     <span class='ocr_line' id='line_1_65' title="bbox 1213 1035 1742 1070; baseline 0.006 -3"><span class='ocrx_word' id='word_1_352' title='bbox 1213 1035 1320 1068; x_wconf 82' lang='lat' dir='ltr'>irritae</span> <span class='ocrx_word' id='word_1_353' title='bbox 1341 1042 1371 1069; x_wconf 51' lang='lat' dir='ltr'>et.</span> <span class='ocrx_word' id='word_1_354' title='bbox 1391 1037 1545 1069; x_wconf 71' lang='lat' dir='ltr'>invalidae</span> <span class='ocrx_word' id='word_1_355' title='bbox 1562 1037 1742 1070; x_wconf 76' lang='lat' dir='ltr'>existerent.</span> 
     </span>
    </p>

    <p class='ocr_par' dir='ltr' id='par_1_14' title="bbox 1210 1089 2162 2707">
     <span class='ocr_line' id='line_1_66' title="bbox 1255 1089 2160 1137; baseline 0.009 -16"><span class='ocrx_word' id='word_1_356' title='bbox 1255 1090 1269 1132; x_wconf 63' lang='grc' dir='ltr'>ξ</span> <span class='ocrx_word' id='word_1_357' title='bbox 1294 1089 1342 1123; x_wconf 72' lang='lat'>10.</span> <span class='ocrx_word' id='word_1_358' title='bbox 1375 1091 1416 1122; x_wconf 69' lang='lat' dir='ltr'>Ac</span> <span class='ocrx_word' id='word_1_359' title='bbox 1445 1091 1531 1134; x_wconf 88' lang='lat' dir='ltr'>quod</span> <span class='ocrx_word' id='word_1_360' title='bbox 1558 1090 1748 1134; x_wconf 75' lang='lat' dir='ltr'>hospitalia,</span> <span class='ocrx_word' id='word_1_361' title='bbox 1776 1093 1961 1135; x_wconf 85' lang='lat' dir='ltr'>cappellae,</span> <span class='ocrx_word' id='word_1_362' title='bbox 1987 1100 2160 1137; x_wconf 53' lang='lat' dir='ltr'>camelumq-</span> 
     </span>
     <span class='ocr_line' id='line_1_67' title="bbox 1212 1135 2161 1188; baseline 0.007 -13"><span class='ocrx_word' id='word_1_363' title='bbox 1212 1143 1363 1180; x_wconf 80' lang='lat' dir='ltr'>oratoria,</span> <span class='ocrx_word' id='word_1_364' title='bbox 1386 1143 1541 1175; x_wconf 79' lang='lat' dir='ltr'>beneficia</span> <span class='ocrx_word' id='word_1_365' title='bbox 1562 1150 1589 1177; x_wconf 85' lang='lat' dir='ltr'>et</span> <span class='ocrx_word' id='word_1_366' title='bbox 1611 1145 1672 1177; x_wconf 87' lang='lat' dir='ltr'>alia</span> <span class='ocrx_word' id='word_1_367' title='bbox 1693 1146 1744 1188; x_wconf 87' lang='lat' dir='ltr'>pia</span> <span class='ocrx_word' id='word_1_368' title='bbox 1762 1146 1844 1186; x_wconf 87' lang='lat' dir='ltr'>loca,</span> <span class='ocrx_word' id='word_1_369' title='bbox 1867 1146 1962 1179; x_wconf 86' lang='lat' dir='ltr'>etiam</span> <span class='ocrx_word' id='word_1_370' title='bbox 1977 1135 2109 1183; x_wconf 53' lang='lat' dir='ltr'>iii‘a&#39;riimi&#39;ica</span> <span class='ocrx_word' id='word_1_371' title='bbox 2123 1139 2161 1185; x_wconf 51' lang='lat' dir='ltr'>siis:</span> 
     </span>
     <span class='ocr_line' id='line_1_68' title="bbox 1212 1195 2161 1249; baseline 0.004 -21"><span class='ocrx_word' id='word_1_372' title='bbox 1212 1196 1242 1228; x_wconf 90' lang='lat' dir='ltr'>in</span> <span class='ocrx_word' id='word_1_373' title='bbox 1276 1196 1359 1228; x_wconf 72' lang='lat' dir='ltr'>Urbe</span> <span class='ocrx_word' id='word_1_374' title='bbox 1393 1202 1421 1228; x_wconf 92' lang='lat' dir='ltr'>et</span> <span class='ocrx_word' id='word_1_375' title='bbox 1456 1196 1550 1229; x_wconf 82' lang='lat' dir='ltr'>Curia</span> <span class='ocrx_word' id='word_1_376' title='bbox 1584 1198 1789 1239; x_wconf 87' lang='lat' dir='ltr'>huiusmodi,</span> <span class='ocrx_word' id='word_1_377' title='bbox 1812 1209 1868 1232; x_wconf 87' lang='lat' dir='ltr'>seu</span> <span class='ocrx_word' id='word_1_378' title='bbox 1893 1199 1963 1232; x_wconf 87' lang='lat' dir='ltr'>aliis</span> <span class='ocrx_word' id='word_1_379' title='bbox 1977 1195 2161 1249; x_wconf 46' lang='lat' dir='ltr'>{fffgjffi&#39;ff&#39;fflwffg</span> 
     </span>
     <span class='ocr_line' id='line_1_69' title="bbox 1211 1249 2162 1307; baseline 0.007 -28"><span class='ocrx_word' id='word_1_380' title='bbox 1211 1249 1469 1293; x_wconf 76' lang='lat' dir='ltr'>quiluiscuiuquc</span> <span class='ocrx_word' id='word_1_381' title='bbox 1498 1249 1610 1290; x_wconf 81' lang='lat' dir='ltr'>terris,</span> <span class='ocrx_word' id='word_1_382' title='bbox 1633 1250 1784 1284; x_wconf 88' lang='lat' dir='ltr'>dominiis</span> <span class='ocrx_word' id='word_1_383' title='bbox 1807 1256 1839 1284; x_wconf 82' lang='lat' dir='ltr'>et</span> <span class='ocrx_word' id='word_1_384' title='bbox 1861 1251 1959 1292; x_wconf 82' lang='lat' dir='ltr'>locis,</span> <span class='ocrx_word' id='word_1_385' title='bbox 1978 1259 2162 1307; x_wconf 49' lang='lat' dir='ltr'>⁵:¹⁰012ssffiss</span> 
     </span>
     <span class='ocr_line' id='line_1_70' title="bbox 1211 1292 2162 1338; baseline 0.003 -3"><span class='ocrx_word' id='word_1_386' title='bbox 1211 1302 1270 1335; x_wconf 84' lang='lat' dir='ltr'>sub</span> <span class='ocrx_word' id='word_1_387' title='bbox 1291 1302 1364 1335; x_wconf 78' lang='lat' dir='ltr'>dicti</span> <span class='ocrx_word' id='word_1_388' title='bbox 1386 1302 1494 1335; x_wconf 70' lang='lat' dir='ltr'>Sancti</span> <span class='ocrx_word' id='word_1_389' title='bbox 1515 1304 1643 1337; x_wconf 78' lang='lat' dir='ltr'>Antonii</span> <span class='ocrx_word' id='word_1_390' title='bbox 1670 1304 1869 1338; x_wconf 82' lang='lat' dir='ltr'>invocatione</span> <span class='ocrx_word' id='word_1_391' title='bbox 1889 1305 1962 1338; x_wconf 86' lang='lat' dir='ltr'>sun-</span> <span class='ocrx_word' id='word_1_392' title='bbox 1977 1292 2162 1338; x_wconf 56' lang='lat' dir='ltr'>s.¹u·⁹1i¹0i1&#39;1isiii›-¹</span> 
     </span>
     <span class='ocr_line' id='line_1_71' title="bbox 1211 1351 2043 1400; baseline 0.005 -12"><span class='ocrx_word' id='word_1_393' title='bbox 1211 1356 1294 1396; x_wconf 87' lang='lat' dir='ltr'>data,</span> <span class='ocrx_word' id='word_1_394' title='bbox 1319 1361 1502 1389; x_wconf 86' lang='lat' dir='ltr'>constructa</span> <span class='ocrx_word' id='word_1_395' title='bbox 1517 1383 1524 1397; x_wconf 90' lang='lat'>,</span> <span class='ocrx_word' id='word_1_396' title='bbox 1546 1357 1712 1390; x_wconf 79' lang='lat' dir='ltr'>aedificata</span> <span class='ocrx_word' id='word_1_397' title='bbox 1733 1363 1762 1389; x_wconf 87' lang='lat' dir='ltr'>et</span> <span class='ocrx_word' id='word_1_398' title='bbox 1784 1363 1910 1400; x_wconf 86' lang='lat' dir='ltr'>erecta,</span> <span class='ocrx_word' id='word_1_399' title='bbox 1933 1364 1962 1392; x_wconf 84' lang='lat' dir='ltr'>et</span> <span class='ocrx_word' id='word_1_400' title='bbox 1977 1351 2043 1374; x_wconf 64' lang='lat'>&#39;⁰⁶⁸³</span> 
     </span>
     <span class='ocr_line' id='line_1_72' title="bbox 1211 1409 1964 1453; baseline 0.008 -14"><span class='ocrx_word' id='word_1_401' title='bbox 1211 1420 1292 1451; x_wconf 79' lang='lat' dir='ltr'>quae</span> <span class='ocrx_word' id='word_1_402' title='bbox 1313 1409 1343 1441; x_wconf 95' lang='lat' dir='ltr'>in</span> <span class='ocrx_word' id='word_1_403' title='bbox 1366 1415 1531 1452; x_wconf 85' lang='lat' dir='ltr'>posterum</span> <span class='ocrx_word' id='word_1_404' title='bbox 1558 1410 1722 1453; x_wconf 85' lang='lat' dir='ltr'>perpetuis</span> <span class='ocrx_word' id='word_1_405' title='bbox 1747 1411 1864 1444; x_wconf 87' lang='lat' dir='ltr'>futuris</span> <span class='ocrx_word' id='word_1_406' title='bbox 1886 1416 1964 1445; x_wconf 83' lang='lat' dir='ltr'>tem-</span> 
     </span>
     <span class='ocr_line' id='line_1_73' title="bbox 1212 1462 1965 1505; baseline 0.007 -12"><span class='ocrx_word' id='word_1_407' title='bbox 1212 1462 1344 1505; x_wconf 79' lang='lat' dir='ltr'>poribus</span> <span class='ocrx_word' id='word_1_408' title='bbox 1368 1462 1515 1503; x_wconf 82' lang='lat' dir='ltr'>suudari,</span> <span class='ocrx_word' id='word_1_409' title='bbox 1547 1464 1710 1504; x_wconf 85' lang='lat' dir='ltr'>construi,</span> <span class='ocrx_word' id='word_1_410' title='bbox 1742 1464 1905 1497; x_wconf 83' lang='lat' dir='ltr'>aedificari</span> <span class='ocrx_word' id='word_1_411' title='bbox 1934 1470 1965 1498; x_wconf 83' lang='lat' dir='ltr'>et</span> 
     </span>
     <span class='ocr_line' id='line_1_74' title="bbox 1211 1515 1963 1560; baseline 0.005 -13"><span class='ocrx_word' id='word_1_412' title='bbox 1211 1515 1288 1558; x_wconf 68' lang='lat' dir='ltr'>erigi</span> <span class='ocrx_word' id='word_1_413' title='bbox 1314 1515 1524 1559; x_wconf 70' lang='lat' dir='ltr'>contingeret,</span> <span class='ocrx_word' id='word_1_414' title='bbox 1547 1527 1621 1549; x_wconf 88' lang='lat' dir='ltr'>cum</span> <span class='ocrx_word' id='word_1_415' title='bbox 1642 1527 1755 1550; x_wconf 85' lang='lat' dir='ltr'>eorum</span> <span class='ocrx_word' id='word_1_416' title='bbox 1775 1517 1963 1560; x_wconf 85' lang='lat' dir='ltr'>applicatio-</span> 
     </span>
     <span class='ocr_line' id='line_1_75' title="bbox 1211 1567 1963 1613; baseline 0.005 -13"><span class='ocrx_word' id='word_1_417' title='bbox 1211 1567 1317 1609; x_wconf 85' lang='lat' dir='ltr'>nibus,</span> <span class='ocrx_word' id='word_1_418' title='bbox 1336 1569 1665 1613; x_wconf 84' lang='lat' dir='ltr'>appropriationibus,</span> <span class='ocrx_word' id='word_1_419' title='bbox 1687 1570 1862 1603; x_wconf 86' lang='lat' dir='ltr'>unionibus</span> <span class='ocrx_word' id='word_1_420' title='bbox 1875 1597 1883 1611; x_wconf 94' lang='lat'>,</span> <span class='ocrx_word' id='word_1_421' title='bbox 1905 1581 1963 1604; x_wconf 89' lang='lat' dir='ltr'>an-</span> 
     </span>
     <span class='ocr_line' id='line_1_76' title="bbox 1211 1622 1964 1666; baseline 0.005 -12"><span class='ocrx_word' id='word_1_422' title='bbox 1211 1622 1401 1655; x_wconf 77' lang='lat' dir='ltr'>nexiouibus</span> <span class='ocrx_word' id='word_1_423' title='bbox 1421 1628 1451 1655; x_wconf 51' lang='lat' dir='ltr'>et.</span> <span class='ocrx_word' id='word_1_424' title='bbox 1471 1622 1788 1666; x_wconf 84' lang='lat' dir='ltr'>incorporationibus</span> <span class='ocrx_word' id='word_1_425' title='bbox 1821 1623 1911 1657; x_wconf 84' lang='lat' dir='ltr'>factis</span> <span class='ocrx_word' id='word_1_426' title='bbox 1933 1630 1964 1658; x_wconf 84' lang='lat' dir='ltr'>et</span> 
     </span>
     <span class='ocr_line' id='line_1_77' title="bbox 1211 1675 1963 1719; baseline 0.004 -12"><span class='ocrx_word' id='word_1_427' title='bbox 1211 1675 1362 1719; x_wconf 85' lang='lat' dir='ltr'>deinceps</span> <span class='ocrx_word' id='word_1_428' title='bbox 1390 1675 1562 1717; x_wconf 82' lang='lat' dir='ltr'>faciendis,</span> <span class='ocrx_word' id='word_1_429' title='bbox 1592 1676 1629 1708; x_wconf 91' lang='lat' dir='ltr'>ad</span> <span class='ocrx_word' id='word_1_430' title='bbox 1659 1676 1806 1709; x_wconf 84' lang='lat' dir='ltr'>abbatem</span> <span class='ocrx_word' id='word_1_431' title='bbox 1827 1681 1858 1709; x_wconf 83' lang='lat' dir='ltr'>et</span> <span class='ocrx_word' id='word_1_432' title='bbox 1877 1677 1963 1711; x_wconf 84' lang='lat' dir='ltr'>Reli-</span> 
     </span>
     <span class='ocr_line' id='line_1_78' title="bbox 1210 1729 1964 1774; baseline 0.004 -14"><span class='ocrx_word' id='word_1_433' title='bbox 1210 1729 1337 1771; x_wconf 71' lang='lat' dir='ltr'>gionem</span> <span class='ocrx_word' id='word_1_434' title='bbox 1367 1729 1552 1762; x_wconf 87' lang='lat' dir='ltr'>huiusmodi</span> <span class='ocrx_word' id='word_1_435' title='bbox 1573 1734 1755 1772; x_wconf 79' lang='lat' dir='ltr'>spectarent</span> <span class='ocrx_word' id='word_1_436' title='bbox 1774 1734 1805 1762; x_wconf 83' lang='lat' dir='ltr'>et</span> <span class='ocrx_word' id='word_1_437' title='bbox 1823 1730 1964 1774; x_wconf 80' lang='lat' dir='ltr'>pertine-</span> 
     </span>
     <span class='ocr_line' id='line_1_79' title="bbox 1210 1781 1963 1825; baseline 0.004 -10"><span class='ocrx_word' id='word_1_438' title='bbox 1210 1787 1297 1822; x_wconf 82' lang='lat' dir='ltr'>rent,</span> <span class='ocrx_word' id='word_1_439' title='bbox 1335 1781 1460 1825; x_wconf 85' lang='lat' dir='ltr'>illisque</span> <span class='ocrx_word' id='word_1_440' title='bbox 1495 1781 1733 1816; x_wconf 83' lang='lat' dir='ltr'>subiicerentur</span> <span class='ocrx_word' id='word_1_441' title='bbox 1765 1788 1796 1816; x_wconf 84' lang='lat' dir='ltr'>et</span> <span class='ocrx_word' id='word_1_442' title='bbox 1820 1784 1963 1818; x_wconf 85' lang='lat' dir='ltr'>subiecta</span> 
     </span>
     <span class='ocr_line' id='line_1_80' title="bbox 1211 1835 1963 1880; baseline 0.004 -13"><span class='ocrx_word' id='word_1_443' title='bbox 1211 1835 1391 1873; x_wconf 70' lang='lat' dir='ltr'>existerent„</span> <span class='ocrx_word' id='word_1_444' title='bbox 1406 1840 1436 1867; x_wconf 51' lang='lat' dir='ltr'>ct.</span> <span class='ocrx_word' id='word_1_445' title='bbox 1452 1846 1469 1867; x_wconf 88' lang='lat' dir='ltr'>a</span> <span class='ocrx_word' id='word_1_446' title='bbox 1489 1835 1573 1868; x_wconf 87' lang='lat' dir='ltr'>dicto</span> <span class='ocrx_word' id='word_1_447' title='bbox 1594 1836 1788 1869; x_wconf 86' lang='lat' dir='ltr'>monasterio</span> <span class='ocrx_word' id='word_1_448' title='bbox 1804 1836 1963 1880; x_wconf 88' lang='lat' dir='ltr'>depende-</span> 
     </span>
     <span class='ocr_line' id='line_1_81' title="bbox 1211 1888 1962 1932; baseline 0.003 -11"><span class='ocrx_word' id='word_1_449' title='bbox 1211 1894 1298 1927; x_wconf 76' lang='lat' dir='ltr'>rent3</span> <span class='ocrx_word' id='word_1_450' title='bbox 1320 1888 1439 1931; x_wconf 83' lang='lat' dir='ltr'>illaque</span> <span class='ocrx_word' id='word_1_451' title='bbox 1468 1899 1526 1931; x_wconf 87' lang='lat' dir='ltr'>per</span> <span class='ocrx_word' id='word_1_452' title='bbox 1552 1889 1694 1921; x_wconf 86' lang='lat' dir='ltr'>eiusdem</span> <span class='ocrx_word' id='word_1_453' title='bbox 1715 1889 1888 1932; x_wconf 82' lang='lat' dir='ltr'>Religionis</span> <span class='ocrx_word' id='word_1_454' title='bbox 1912 1901 1962 1923; x_wconf 85' lang='lat' dir='ltr'>ca-</span> 
     </span>
     <span class='ocr_line' id='line_1_82' title="bbox 1210 1941 1962 1986; baseline 0.001 -11"><span class='ocrx_word' id='word_1_455' title='bbox 1210 1942 1344 1975; x_wconf 81' lang='lat' dir='ltr'>nonicos</span> <span class='ocrx_word' id='word_1_456' title='bbox 1364 1947 1391 1973; x_wconf 85' lang='lat' dir='ltr'>et</span> <span class='ocrx_word' id='word_1_457' title='bbox 1413 1941 1591 1985; x_wconf 67' lang='lat' dir='ltr'>religiososy</span> <span class='ocrx_word' id='word_1_458' title='bbox 1609 1953 1673 1974; x_wconf 89' lang='lat' dir='ltr'>non</span> <span class='ocrx_word' id='word_1_459' title='bbox 1689 1948 1796 1975; x_wconf 87' lang='lat' dir='ltr'>autem</span> <span class='ocrx_word' id='word_1_460' title='bbox 1812 1953 1869 1986; x_wconf 94' lang='lat' dir='ltr'>per</span> <span class='ocrx_word' id='word_1_461' title='bbox 1884 1943 1962 1976; x_wconf 85' lang='lat' dir='ltr'>alios</span> 
     </span>
     <span class='ocr_line' id='line_1_83' title="bbox 1210 1994 1961 2040; baseline 0.003 -12"><span class='ocrx_word' id='word_1_462' title='bbox 1210 1994 1441 2028; x_wconf 81' lang='lat' dir='ltr'>ecclesiasticos</span> <span class='ocrx_word' id='word_1_463' title='bbox 1470 2000 1500 2028; x_wconf 84' lang='lat' dir='ltr'>ct</span> <span class='ocrx_word' id='word_1_464' title='bbox 1533 1995 1729 2035; x_wconf 83' lang='lat' dir='ltr'>saeculares,</span> <span class='ocrx_word' id='word_1_465' title='bbox 1752 1996 1847 2029; x_wconf 89' lang='lat' dir='ltr'>etiam</span> <span class='ocrx_word' id='word_1_466' title='bbox 1868 1997 1961 2040; x_wconf 88' lang='lat' dir='ltr'>oppi-</span> 
     </span>
     <span class='ocr_line' id='line_1_84' title="bbox 1211 2048 1962 2089; baseline 0.004 -9"><span class='ocrx_word' id='word_1_467' title='bbox 1211 2049 1346 2089; x_wconf 87' lang='lat' dir='ltr'>dorum,</span> <span class='ocrx_word' id='word_1_468' title='bbox 1370 2049 1516 2081; x_wconf 89' lang='lat' dir='ltr'>locorum</span> <span class='ocrx_word' id='word_1_469' title='bbox 1539 2054 1567 2081; x_wconf 83' lang='lat' dir='ltr'>et</span> <span class='ocrx_word' id='word_1_470' title='bbox 1588 2048 1736 2081; x_wconf 74' lang='lat' dir='ltr'>villarum</span> <span class='ocrx_word' id='word_1_471' title='bbox 1758 2054 1788 2081; x_wconf 87' lang='lat' dir='ltr'>et</span> <span class='ocrx_word' id='word_1_472' title='bbox 1817 2060 1962 2083; x_wconf 88' lang='lat' dir='ltr'>commu-</span> 
     </span>
     <span class='ocr_line' id='line_1_85' title="bbox 1211 2101 1961 2145; baseline 0.001 -10"><span class='ocrx_word' id='word_1_473' title='bbox 1211 2102 1345 2135; x_wconf 85' lang='lat' dir='ltr'>nitatum</span> <span class='ocrx_word' id='word_1_474' title='bbox 1366 2112 1529 2145; x_wconf 81' lang='lat' dir='ltr'>personas,</span> <span class='ocrx_word' id='word_1_475' title='bbox 1553 2101 1613 2135; x_wconf 84' lang='lat' dir='ltr'>uisi</span> <span class='ocrx_word' id='word_1_476' title='bbox 1634 2101 1672 2134; x_wconf 88' lang='lat' dir='ltr'>de</span> <span class='ocrx_word' id='word_1_477' title='bbox 1692 2102 1814 2136; x_wconf 86' lang='lat' dir='ltr'>abbatis</span> <span class='ocrx_word' id='word_1_478' title='bbox 1834 2108 1864 2136; x_wconf 85' lang='lat' dir='ltr'>et</span> <span class='ocrx_word' id='word_1_479' title='bbox 1884 2114 1961 2136; x_wconf 90' lang='lat' dir='ltr'>con-</span> 
     </span>
     <span class='ocr_line' id='line_1_86' title="bbox 1210 2155 1958 2199; baseline 0.003 -11"><span class='ocrx_word' id='word_1_480' title='bbox 1210 2162 1321 2189; x_wconf 73' lang='lat' dir='ltr'>ventus</span> <span class='ocrx_word' id='word_1_481' title='bbox 1345 2155 1583 2199; x_wconf 84' lang='lat' dir='ltr'>praedictorum</span> <span class='ocrx_word' id='word_1_482' title='bbox 1609 2166 1758 2198; x_wconf 77' lang='lat' dir='ltr'>expresso</span> <span class='ocrx_word' id='word_1_483' title='bbox 1783 2167 1958 2197; x_wconf 86' lang='lat' dir='ltr'>consensu,</span> 
     </span>
     <span class='ocr_line' id='line_1_87' title="bbox 1211 2207 1961 2253; baseline 0.001 -11"><span class='ocrx_word' id='word_1_484' title='bbox 1211 2209 1277 2253; x_wconf 68' lang='lat' dir='ltr'>regi</span> <span class='ocrx_word' id='word_1_485' title='bbox 1298 2215 1324 2242; x_wconf 88' lang='lat' dir='ltr'>et</span> <span class='ocrx_word' id='word_1_486' title='bbox 1347 2207 1520 2251; x_wconf 66' lang='lat' dir='ltr'>gubernari</span> <span class='ocrx_word' id='word_1_487' title='bbox 1540 2208 1709 2248; x_wconf 83' lang='lat' dir='ltr'>deberent,</span> <span class='ocrx_word' id='word_1_488' title='bbox 1732 2213 1763 2241; x_wconf 82' lang='lat' dir='ltr'>et</span> <span class='ocrx_word' id='word_1_489' title='bbox 1782 2208 1814 2242; x_wconf 91' lang='lat' dir='ltr'>in</span> <span class='ocrx_word' id='word_1_490' title='bbox 1834 2209 1961 2253; x_wconf 81' lang='lat' dir='ltr'>signum</span> 
     </span>
     <span class='ocr_line' id='line_1_88' title="bbox 1212 2261 1962 2306; baseline 0.001 -11"><span class='ocrx_word' id='word_1_491' title='bbox 1212 2261 1437 2305; x_wconf 69' lang='lat' dir='ltr'>recognitionis</span> <span class='ocrx_word' id='word_1_492' title='bbox 1474 2261 1737 2306; x_wconf 79' lang='lat' dir='ltr'>superioritatuni</span> <span class='ocrx_word' id='word_1_493' title='bbox 1775 2262 1962 2296; x_wconf 87' lang='lat' dir='ltr'>huiusmodi</span> 
     </span>
     <span class='ocr_line' id='line_1_89' title="bbox 1212 2314 1961 2358; baseline 0.003 -11"><span class='ocrx_word' id='word_1_494' title='bbox 1212 2316 1249 2348; x_wconf 84' lang='lat' dir='ltr'>de</span> <span class='ocrx_word' id='word_1_495' title='bbox 1279 2315 1386 2358; x_wconf 83' lang='lat' dir='ltr'>aliquo</span> <span class='ocrx_word' id='word_1_496' title='bbox 1415 2325 1523 2348; x_wconf 89' lang='lat' dir='ltr'>annuo</span> <span class='ocrx_word' id='word_1_497' title='bbox 1552 2314 1732 2348; x_wconf 85' lang='lat' dir='ltr'>rationabili</span> <span class='ocrx_word' id='word_1_498' title='bbox 1763 2326 1886 2349; x_wconf 84' lang='lat' dir='ltr'>canone</span> <span class='ocrx_word' id='word_1_499' title='bbox 1905 2327 1961 2350; x_wconf 88' lang='lat' dir='ltr'>seu</span> 
     </span>
     <span class='ocr_line' id='line_1_90' title="bbox 1214 2368 1962 2411; baseline 0.004 -12"><span class='ocrx_word' id='word_1_500' title='bbox 1214 2368 1532 2411; x_wconf 84' lang='lat' dir='ltr'>censu,pereosdem</span> <span class='ocrx_word' id='word_1_501' title='bbox 1550 2368 1696 2400; x_wconf 84' lang='lat' dir='ltr'>abbatem</span> <span class='ocrx_word' id='word_1_502' title='bbox 1719 2374 1746 2401; x_wconf 85' lang='lat' dir='ltr'>et</span> <span class='ocrx_word' id='word_1_503' title='bbox 1769 2373 1962 2402; x_wconf 80' lang='lat' dir='ltr'>conventum</span> 
     </span>
     <span class='ocr_line' id='line_1_91' title="bbox 1213 2421 1963 2464; baseline 0.003 -11"><span class='ocrx_word' id='word_1_504' title='bbox 1213 2434 1247 2454; x_wconf 85' lang='lat' dir='ltr'>ac</span> <span class='ocrx_word' id='word_1_505' title='bbox 1257 2421 1442 2454; x_wconf 82' lang='lat' dir='ltr'>definitores</span> <span class='ocrx_word' id='word_1_506' title='bbox 1453 2421 1611 2461; x_wconf 59' lang='lat' dir='ltr'>generalis</span> <span class='ocrx_word' id='word_1_507' title='bbox 1623 2422 1755 2464; x_wconf 87' lang='lat' dir='ltr'>capituli</span> <span class='ocrx_word' id='word_1_508' title='bbox 1775 2421 1963 2455; x_wconf 84' lang='lat' dir='ltr'>huiusmodi</span> 
     </span>
     <span class='ocr_line' id='line_1_92' title="bbox 1212 2469 1962 2514; baseline 0.001 -11"><span class='ocrx_word' id='word_1_509' title='bbox 1212 2470 1406 2513; x_wconf 87' lang='lat' dir='ltr'>imponendo</span> <span class='ocrx_word' id='word_1_510' title='bbox 1436 2475 1463 2501; x_wconf 80' lang='lat' dir='ltr'>et</span> <span class='ocrx_word' id='word_1_511' title='bbox 1493 2469 1538 2502; x_wconf 83' lang='lat' dir='ltr'>eis</span> <span class='ocrx_word' id='word_1_512' title='bbox 1567 2469 1700 2512; x_wconf 70' lang='lat' dir='ltr'>siugulis</span> <span class='ocrx_word' id='word_1_513' title='bbox 1727 2470 1819 2504; x_wconf 86' lang='lat' dir='ltr'>annis</span> <span class='ocrx_word' id='word_1_514' title='bbox 1838 2471 1962 2514; x_wconf 82' lang='lat' dir='ltr'>persol—</span> 
     </span>
     <span class='ocr_line' id='line_1_93' title="bbox 1213 2518 1960 2561; baseline 0.001 -10"><span class='ocrx_word' id='word_1_515' title='bbox 1213 2519 1325 2559; x_wconf 65' lang='lat' dir='ltr'>vendo,</span> <span class='ocrx_word' id='word_1_516' title='bbox 1338 2519 1530 2561; x_wconf 80' lang='lat' dir='ltr'>respondere</span> <span class='ocrx_word' id='word_1_517' title='bbox 1547 2518 1698 2551; x_wconf 84' lang='lat' dir='ltr'>deberent</span> <span class='ocrx_word' id='word_1_518' title='bbox 1717 2525 1747 2551; x_wconf 90' lang='lat' dir='ltr'>et</span> <span class='ocrx_word' id='word_1_519' title='bbox 1761 2524 1960 2559; x_wconf 84' lang='lat' dir='ltr'>tenerentur;</span> 
     </span>
     <span class='ocr_line' id='line_1_94' title="bbox 1213 2567 1962 2601; baseline 0.001 -1"><span class='ocrx_word' id='word_1_520' title='bbox 1213 2581 1247 2600; x_wconf 88' lang='lat' dir='ltr'>ac</span> <span class='ocrx_word' id='word_1_521' title='bbox 1269 2568 1300 2599; x_wconf 93' lang='lat' dir='ltr'>in</span> <span class='ocrx_word' id='word_1_522' title='bbox 1325 2572 1473 2600; x_wconf 78' lang='lat' dir='ltr'>eventum</span> <span class='ocrx_word' id='word_1_523' title='bbox 1495 2567 1680 2601; x_wconf 82' lang='lat' dir='ltr'>rebellionis</span> <span class='ocrx_word' id='word_1_524' title='bbox 1700 2573 1753 2601; x_wconf 91' lang='lat' dir='ltr'>aut</span> <span class='ocrx_word' id='word_1_525' title='bbox 1774 2578 1838 2601; x_wconf 91' lang='lat' dir='ltr'>non</span> <span class='ocrx_word' id='word_1_526' title='bbox 1858 2567 1962 2601; x_wconf 82' lang='lat' dir='ltr'>subie-</span> 
     </span>
     <span class='ocr_line' id='line_1_95' title="bbox 1214 2615 1962 2660; baseline 0 -11"><span class='ocrx_word' id='word_1_527' title='bbox 1214 2617 1373 2649; x_wconf 84' lang='lat' dir='ltr'>ctionisae</span> <span class='ocrx_word' id='word_1_528' title='bbox 1390 2615 1597 2655; x_wconf 80' lang='lat' dir='ltr'>remissionis,</span> <span class='ocrx_word' id='word_1_529' title='bbox 1620 2617 1797 2660; x_wconf 77' lang='lat' dir='ltr'>singulares</span> <span class='ocrx_word' id='word_1_530' title='bbox 1816 2627 1962 2649; x_wconf 82' lang='lat' dir='ltr'>commu·</span> 
     </span>
     <span class='ocr_line' id='line_1_96' title="bbox 1213 2664 1963 2707; baseline 0.001 -10"><span class='ocrx_word' id='word_1_531' title='bbox 1213 2665 1348 2698; x_wconf 82' lang='lat' dir='ltr'>nitatum</span> <span class='ocrx_word' id='word_1_532' title='bbox 1370 2671 1396 2696; x_wconf 88' lang='lat' dir='ltr'>et</span> <span class='ocrx_word' id='word_1_533' title='bbox 1419 2664 1498 2696; x_wconf 84' lang='lat' dir='ltr'>aliae</span> <span class='ocrx_word' id='word_1_534' title='bbox 1520 2675 1675 2707; x_wconf 85' lang='lat' dir='ltr'>personae</span> <span class='ocrx_word' id='word_1_535' title='bbox 1686 2665 1884 2706; x_wconf 85' lang='lat' dir='ltr'>huiusmodi,</span> <span class='ocrx_word' id='word_1_536' title='bbox 1897 2676 1963 2698; x_wconf 81' lang='lat' dir='ltr'>ma-</span> 
     </span>
    </p>
   </div>
  </div>
 </body>
</html>
