2227 3001
456 256 520 292 542

413 319 516 353 tiones
536 330 594 364 per
615 319 743 353 eosdem
760 320 883 359 fratres,
899 323 964 351 tam
980 328 1124 361 egressos
1136 321 1163 350 et

413 373 531 407 eiectos
550 385 648 418 quam
668 374 708 406 ad
723 373 820 406 alium
841 372 1005 413 Ordinem,
1025 378 1058 405 ut
1075 384 1166 416 prae-

412 427 522 468 fertur,
545 429 723 467 translatos,
746 438 800 460 seu
822 427 860 460 de
880 426 1010 459 licentia
1029 437 1164 460 suorum

411 481 618 525 superiorum
635 488 721 514 extra
742 492 853 514 eorum
872 481 1066 514 monasteria
1081 485 1165 513 stan-

412 539 476 575 tes,
511 540 654 578 tempore
680 545 744 577 quo
777 539 863 567 extra
891 534 1086 567 monasteria
1114 534 1164 566 sui

411 587 538 621 Ordinis
553 587 705 627 steterint,
718 587 887 630 aequisita,
901 587 996 620 etiam
1014 587 1037 620 si
1054 587 1164 631 acqui-

411 641 541 674 sitiones
569 640 753 674 liuiusmodi
785 641 823 673 ab
852 641 929 685 ipsis
955 642 1108 675 fratribus
1128 653 1165 674 ex

411 694 588 727 redditibus
612 695 845 727 beneficiorum
871 695 1163 728 ecelesiasticorum

412 759 485 781 cum
515 759 609 789 eura,
633 748 671 780 ab
693 748 769 792 ipsis
789 749 997 781 obtentorum
1032 760 1088 782 seu
1109 750 1163 781 de-

410 807 590 841 tentorum,
620 808 672 835 aut
708 813 742 835 ex
765 802 896 846 propria
925 802 1083 835 industria
1108 814 1163 836 seu

410 855 560 895 artificio,
582 862 764 888 mercatura
775 856 823 888 vel
844 867 881 889 ex
901 861 1092 890 testamento
1109 868 1164 890 seu

411 909 613 942 successione
638 909 677 942 ab
704 909 853 942 intestato
877 910 1066 953 quorumvis
1087 921 1164 943 con-

410 961 690 1004 sanguineorum,
727 962 872 995 atlinium
907 963 955 996 vel
983 963 1162 997 amicorum

410 1026 543 1048 suorum
569 1021 623 1049 aut,
650 1027 934 1060 quorumcumque
959 1017 1097 1050 aliorum
1118 1019 1164 1050 sa-

411 1074 479 1102 ctae
507 1069 586 1110 sint,
610 1080 674 1102 non
696 1070 774 1103 fisco
801 1075 911 1103 nostro
938 1076 992 1103 aut
1012 1071 1164 1104 Gamerae

410 1128 538 1156 nostrae
554 1124 769 1167 Apostolieae‚
782 1125 834 1158 sed
856 1125 1014 1168 Religioni
1035 1131 1166 1159 autmo-

410 1177 575 1218 nasteriis,
598 1178 629 1210 in
650 1189 713 1222 qua
734 1189 789 1211 seu
811 1179 930 1222 quibus
954 1179 1058 1222 primo
1089 1191 1164 1223 pro-

408 1231 482 1263 fessi
503 1231 631 1273 fuerint,
649 1243 687 1265 eo
708 1232 777 1276 ipso
793 1233 951 1279 applicata
968 1244 1036 1266 esse
1049 1239 1164 1266 etcen-

410 1285 473 1318 seri
488 1285 605 1319 debere
626 1286 834 1320 decernimus
849 1292 877 1319 et
895 1288 1110 1321 declaramus:
1123 1287 1166 1320 ita

408 1345 453 1379 ut,
466 1339 551 1373 iuxta
567 1340 728 1383 regularia
739 1341 912 1384 Religionis
929 1353 985 1375 seu
1003 1348 1164 1375 monaste-

408 1393 531 1427 riorum
543 1394 727 1427 huiusmodi
741 1395 893 1432 instituta,
906 1396 1038 1429 omnino
1057 1397 1164 1430 distri-

410 1446 465 1479 bui
482 1453 509 1480 et
532 1448 726 1491 dispensari,
745 1460 803 1481 nec
817 1460 914 1493 super
930 1450 1005 1489 illis,
1018 1461 1077 1494 per
1088 1462 1164 1495 pro-

408 1506 547 1535 teetores
558 1508 610 1535 aut
625 1503 808 1547 superiores
820 1503 994 1546 Religionis
1006 1509 1033 1537 et
1052 1516 1164 1537 mona-

411 1556 583 1589 steriorum
596 1557 835 1601 praedictorum
856 1563 908 1590 :tut
931 1559 1059 1602 quosvis
1074 1559 1164 1599 alios,

409 1620 616 1653 quacumque
644 1611 833 1644 auctoritate
854 1612 1037 1654 fungente&
1058 1612 1163 1655 aliqua

411 1664 601 1707 compositio
635 1676 690 1697 seu
726 1665 898 1698 concordia
932 1671 987 1698 aut
1016 1666 1164 1699 remissio

411 1716 481 1749 fieri
502 1718 612 1761 possit.

454 1772 540 1815 gu).
565 1772 681 1815 Sicque
708 1778 736 1804 et
765 1783 828 1805 non
855 1773 951 1813 alias,
983 1773 1076 1806 aliter
1105 1784 1164 1807 nec

409 1824 472 1857 alio
494 1826 601 1863 modo,
621 1826 653 1857 iu
666 1826 849 1869 praemissis
874 1826 1024 1859 omnibus
1049 1832 1080 1860 et
1099 1827 1164 1859 sin-

409 1879 504 1921 gulis,
519 1890 576 1922 pei·
592 1890 815 1923 quoscumque
829 1880 951 1913 iudices
962 1886 992 1913 et
1013 1881 1163 1913 commis—

410 1932 523 1973 sarios,
534 1933 652 1976 quavi>7
662 1933 755 1965 etiam
768 1933 851 1966 dieta
861 1933 1046 1977 apostolica,
1057 1940 1165 1967 aueto-

409 1985 501 2019 ritate
529 1986 714 2029 fungentes,
740 1987 835 2019 etiam
862 1998 1031 2020 CsstlSssl'un]
1053 1988 1163 2021 Palatii

410 2040 586 2084 Apostolici
600 2041 762 2074 auditores
773 2046 799 2073 et
814 2041 843 2074 S.
864 2041 898 2073 li.
920 2042 953 2073 E.
974 2042 1163 2082 cai·‹li11:il‹‡·.<,

409 2093 441 2126 in
458 2094 567 2137 quavis
588 2106 683 2127 causa
701 2100 730 2127 ct
748 2095 909 2135 instantia,
929 2096 1053 2128 sublata
1069 2097 1114 2128 eis
1134 2102 1161 2129 et

410 2158 522 2180 eorum
544 2149 672 2181 cuilibet
694 2149 803 2193 quavis
828 2149 921 2181 aliter
946 2149 1106 2182 iudicandi
1133 2156 1164 2183 et

409 2201 640 2245 intm'pretandi
663 2204 851 2236 auctoritate
873 2209 900 2236 et
923 2203 1089 2245 facultate,
1113 2204 1162 2236 iu-

409 2255 508 2288 dicari
526 2261 552 2289 et
573 2256 698 2289 deliniri
711 2257 840 2297 delmre3
855 2268 890 2290 ac
912 2257 936 2290 si
953 2269 1046 2290 secus
1065 2269 1163 2302 super

408 2309 458 2342 bis
470 2320 487 2342 a
503 2320 677 2353 quoquam,
690 2310 799 2353 qumis
811 2310 1012 2349 :uictoritatst
1025 2311 1163 2344 scienter

408 2363 457 2395 vel
470 2363 664 2406 ignoranter,
677 2364 845 2406 contigerit
864 2364 1021 2405 attentari,
1034 2364 1160 2397 irritum

410 2421 438 2450 et
461 2417 555 2450 inane
576 2412 791 2450 decernimus.

452 2472 466 2515 ἓ
494 2471 546 2504 11.
577 2471 614 2504 Et
639 2471 805 2515 quoniam,
828 2471 1022 2515 experiffltia
1053 2483 1159 2505 rerum

230 2528 342 2556 privilegia
356 2535 393 2551 re-
408 2521 559 2563 magistra
581 2521 732 2561 docente,
767 2521 974 2563 cognovimus
998 2521 1161 2564 privilegia

210 2562 301 2612 fiifflfffi
316 2561 394 2612 “gffifl
409 2571 533 2604 cunetis
547 2571 614 2604 sere
634 2570 806 2604 Ordinibus
821 2581 972 2603 concessa
983 2571 1159 2614 reeipiendi

209 2628 259 2644 num
272 2625 365 2645 revocat.
409 2621 569 2664 professos
589 2619 727 2653 aliorum
747 2618 903 2652 Ordinum
916 2619 1071 2652 incorum
1094 2631 1161 2653 mo-

217 266 264 293 Au.
282 267 309 294 C.
331 265 397 294 1358

236 1829 346 1852 Decretum
362 1831 393 1851 ir-

209 1862 282 1882 riuus.

1006 264 1184 290 nULLAnluM

1210 264 1361 289 ROMANUM

1208 317 1375 350 materiam
1405 321 1568 360 praestare
1596 315 1749 361 apostatis
1774 315 1960 349 huiusmodi

1207 381 1265 414 per
1285 371 1451 404 saeculum
1477 371 1648 414 evagandi,
1671 370 1861 416 praesertim
1886 382 1959 404 cum

1207 424 1320 457 diversi
1362 424 1517 459 Ordimun
1556 425 1744 458 huiusmodi
1776 425 1961 470 superiores

1207 479 1340 522 praelati
1361 484 1521 524 apostatas
1540 478 1727 512 huiusmodi
1746 479 1903 524 recipiant
1917 483 1958 518 et,

1207 538 1376 576 postquam
1394 532 1456 565 illis
1477 543 1589 565 eorum
1610 532 1757 565 habitum
1778 533 1960 576 regularem

1207 586 1423 627 exhibuerint,
1436 586 1482 619 eis
1497 586 1600 620 standi
1621 592 1709 619 extra
1728 587 1960 620 monasterium

1207 639 1368 673 licentiam
1400 640 1596 680 concedant,
1625 651 1684 673 nos
1711 640 1826 673 abusui
1846 640 1961 673 huius-

1207 694 1292 726 modi
1305 705 1479 728 oeeurrere
1494 695 1647 734 volentes,
1670 694 1778 727 omnia
1795 699 1823 726 et
1836 694 1962 737 singula

1206 748 1371 791 privilegia
1399 754 1427 781 et
1457 748 1581 781 indulta
1601 748 1777 792 apostoliea
1798 748 1963 791 quibusvis

1207 800 1392 841 Ordinibus,
1407 802 1611 835 monasteriis
1622 806 1652 835 et
1667 800 1817 834 domibus
1826 812 1881 834 seu
1893 801 1963 834 aliis

1207 855 1412 898 regularibus
1427 855 1506 889 locis
1521 855 1753 899 (Carthusiensi
1769 860 1800 888 et
1819 854 1963 888 eremitis

1206 909 1456 943 Camandulensi
1482 920 1591 943 eremo
1615 909 1746 943 realiter
1773 909 1964 952 degentibus

1207 963 1368 996 dumtaxat
1392 963 1544 1008 exceptis)
1565 974 1663 1008 super
1687 962 1882 1006 recipiendis
1909 974 1962 996 ca-

1207 1016 1332 1050 nonicis
1354 1017 1556 1060 regularibus
1584 1028 1640 1050 seu
1661 1016 1805 1050 monacis
1830 1016 1878 1050 vel
1898 1017 1962 1050 fra-

1206 1070 1309 1103 tribus
1329 1071 1467 1104 aliorum
1481 1070 1651 1111 Ordinum,
1664 1081 1722 1115 per
1737 1081 1961 1115 quoscumque

1216 1124 1985 1168 louiauosPontificespraedecessoresnostros‚·

1207 1178 1265 1211 sub
1287 1178 1452 1221 quibusvis
1467 1179 1641 1211 verborum
1662 1178 1774 1212 formis
1794 1183 1824 1211 et
1838 1178 1960 1211 tenori-

1206 1232 1278 1272 bus,
1301 1232 1395 1265 etiam
1422 1237 1511 1265 motu
1536 1232 1680 1276 proprio,
1708 1237 1764 1266 aut
1783 1232 1860 1266 alias
1879 1243 1962 1276 quo-

1208 1285 1384 1319 modolibet
1404 1297 1567 1327 concessa,
1590 1287 1685 1319 etiam
1701 1286 1791 1319 Mare
1806 1286 1962 1330 Magynum

1208 1345 1416 1383 nuncupata,
1443 1340 1547 1384 quoad
1576 1340 1756 1373 facultatem
1785 1338 1962 1385 reeipiendi

1208 1394 1337 1426 eosdem
1355 1394 1528 1427 canonicos
1553 1395 1719 1438 regulares
1734 1405 1789 1427 seu
1809 1404 1963 1427 monacos

1208 1452 1234 1479 et
1260 1448 1384 1487 fratres,
1407 1448 1535 1491 penitus
1555 1454 1586 1481 et
1601 1449 1733 1481 omnino
1758 1458 1959 1488 revocamus,

1208 1513 1380 1541 cassamus,
1402 1502 1568 1535 irritamus
1588 1508 1618 1535 et
1629 1502 1847 1543 annullamus,
1871 1507 1902 1536 et
1919 1502 1963 1535 vi-

1208 1555 1297 1587 ribus=
1319 1556 1446 1599 penitus
1462 1561 1492 1589 et
1512 1555 1643 1589 omnino
1663 1567 1848 1589 vacuamus.

1977 263 2026 291 An.
2044 264 2073 292 C.
2093 263 2159 291 ¹558

1251 1610 1265 1653 ξ
1290 1609 1342 1642 12.
1375 1610 1559 1643 Mandantes
1586 1610 1741 1643 universis
1770 1616 1800 1644 et
1828 1610 1962 1656 singulis
1991 1619 2092 1642 Locorum
2109 1623 2163 1642 onii-

1977 1653 2030 1672 iiarii
2054 1653 2161 1679 publicent

1977 1682 2031 1703 lianc
2056 1685 2162 1704 consimi-

1206 1663 1443 1696 venerabilibus
1455 1664 1608 1697 fratribus
1618 1664 1736 1698 nostris
1755 1664 1958 1708 patriarchis,

1207 1717 1459 1762 archiepiscopis
1478 1723 1509 1750 et
1535 1717 1695 1761 episeopis
1720 1717 1855 1761 aliisque
1875 1718 1962 1753 dioe-
1977 1750 2017 1771 que
2060 1745 2161 1771 putum.

1208 1771 1333 1803 eesanis
1345 1777 1371 1803 et
1386 1772 1534 1805 locorum
1555 1771 1739 1812 ordinariis,
1758 1777 1793 1804 ut
1812 1771 1885 1817 ipsi,
1903 1783 1961 1816 per
1976 1775 2061 1798 ‘⁴⁴³⁰‘-

1207 1836 1239 1857 se
1259 1825 1306 1858 vel
1328 1825 1426 1858 alium
1456 1837 1511 1858 seu
1537 1825 1628 1866 alios,
1651 1831 1836 1870 praesentes
1854 1826 1963 1860 literas

1207 1885 1237 1911 et
1252 1879 1297 1912 eis
1309 1884 1705 1922 contentaquaecumque,
1723 1879 1776 1912 ubi
1793 1884 1823 1912 et
1834 1881 1962 1924 quando

1205 1933 1390 1976 :ie-quoties·
1414 1944 1496 1977 opus
1516 1933 1624 1973 suerit,
1647 1933 1834 1966 solemniter
1853 1935 1961 1978 puhli-

1207 1992 1327 2027 (antes,
1342 1987 1458 2020 sas-iant
1472 1986 1555 2020 dicta
1568 1986 1757 2020 auctoritate
1776 1993 1882 2021 nostra
1895 1999 1962 2021 eas-

1207 2040 1277 2073 dem
1301 2048 1484 2084 praesentes
1509 2042 1616 2074 literas
1643 2041 1786 2085 plenarie
1813 2048 1843 2075 et
1872 2042 1960 2075 totali

1206 2095 1386 2128 executioni
1406 2094 1608 2135 demandari,
1634 2105 1700 2135 eos,
1723 2095 1777 2138 qui
1799 2095 1862 2129 illis
1882 2107 1960 2129 con-

1205 2150 1411 2190 travenerint,
1435 2149 1519 2182 iuxta
1540 2149 1683 2192 ipsarum
1698 2149 1865 2182 literarum
1885 2161 1961 2183 eon-

1205 2203 1370 2236 tineutiam
1402 2208 1431 2237 et
1456 2209 1622 2242 tenorem,
1652 2202 1819 2246 condignis
1847 2204 1960 2247 poenis

1205 2258 1374 2302 plectendo
1395 2262 1425 2290 et
1446 2256 1627 2301 puniendo;
1650 2267 1687 2289 ac
1707 2256 1960 2291 contradictores

1204 2311 1362 2354 quoslibet
1385 2316 1415 2344 ct
1444 2311 1579 2344 rebelles
1613 2310 1722 2353 eisque
1751 2310 1784 2343 in
1802 2311 1957 2354 praemis.-

1204 2365 1245 2397 sis
1253 2376 1317 2398 non
1328 2370 1485 2408 parentes,
1498 2375 1556 2407 per
1567 2364 1750 2405 sententias,
1764 2375 1917 2398 censuras
1928 2369 1958 2398 et

1204 2429 1324 2461 poenas
1336 2417 1568 2451 ecclesiasticas
1579 2416 1704 2460 aliaque
1716 2423 1900 2461 opportuna
1910 2418 1957 2451 iu-

1204 2471 1247 2505 ris
1270 2471 1420 2508 remedia,
1437 2471 1652 2515 appellatione
1666 2471 1850 2515 postposita,
1870 2483 1958 2505 com-

1204 2522 1377 2565 pescendo3
1400 2531 1525 2553 necnon
1542 2520 1691 2563 legitimis
1712 2532 1810 2565 super
1828 2521 1878 2554 liis
1898 2522 1955 2555 ha-

1202 2571 1315 2604 bendis
1347 2570 1475 2603 servatis
1508 2570 1729 2614 processibus,
1762 2570 1952 2612 sententias,

1203 2632 1355 2653 censuras
1382 2625 1412 2653 et
1436 2631 1555 2664 poenas
1581 2620 1761 2664 praedictas
1785 2620 1880 2653 etiam
1899 2620 1955 2654 ite·
1989 2629 2003 2643 ⁵

409 2669 576 2711 nasteriis,
607 2669 756 2704 domibus
781 2674 811 2703 ct
836 2668 1039 2713 regularibus
1066 2669 1156 2711 locis,
1202 2669 1278 2703 ratis
1294 2670 1415 2704 vicibus
1435 2669 1647 2713 aggravando,
1665 2669 1810 2704 invocato
1838 2669 1954 2706 adhoc

1977 1713 2068 1739 unuani,
2094 1714 2163 1734 illam-

2216 599 2227 646 *ξ

2217 658 2227 756 3
