2227 3001
184 216 232 242 Αη.
251 215 280 243 C.
301 214 367 243 1557

198 590 286 617 Legatus
296 591 314 611 in
325 592 367 610 su's

183 623 359 643 r·=in·es<iumh=.s

183 658 329 674 nonu-neamr
339 655 367 673 in-

183 690 256 705 serere
314 685 366 704 lianc

184 717 357 737 constitutionem

198 963 296 983 Hortatur
313 962 368 987 lega-

185 998 226 1014 lunt
243 998 263 1014 ut
273 1001 317 1014 cius
328 1000 368 1013 uuiv

185 1032 223 1046 uus
256 1027 369 1051 dullgenter

185 1060 308 1084 nequatur.

236 2340 353 2362 Exordium.

427 203 491 239 254

382 269 484 314 pediri
502 268 605 301 valeat
625 266 864 311 quomodolibet
886 266 932 299 vel
954 266 1087 306 differri,
1105 273 1133 300 et

382 325 420 357 de
440 322 558 367 quibus
578 331 783 365 quorumque
811 320 884 352 totis
908 319 1075 353 tenoribus
1096 321 1133 353 de

382 377 478 409 verbo
505 376 542 408 ad
563 375 695 408 verbum
723 373 872 406 habenda
899 374 936 406 sit
962 373 993 405 in
1017 373 1136 406 nostris

383 429 481 462 literis
504 428 623 461 mentio
639 426 797 471 specialis,
818 438 911 470 quae,
928 427 1034 469 quoad
1056 427 1130 463 hoc,

383 484 534 527 cuiquam
554 483 707 515 nolumus
727 481 906 524 suffragari.

427 538 442 579 ξ
461 537 515 569 19.
538 536 693 568 Volumus
713 541 819 568 autem
838 535 935 577 quod,
952 535 984 567 iu
1006 545 1135 567 conces-

383 591 544 626 sionibus,
567 589 675 632 gratiis
705 594 732 621 et
762 588 862 621 literis
888 599 947 632 per
976 593 1004 620 te
1029 588 1136 630 rigore

384 643 601 686 praesentium
626 642 799 682 faciendis,
823 647 1007 685 praesentes
1027 641 1137 674 literae

384 697 566 729 nullatenus
582 695 778 736 inserantur,
791 695 858 735 sed,
872 695 992 739 absque
1008 696 1137 728 illarum

384 749 568 786 insertione,
593 748 727 792 perinde
747 749 879 792 plenum
899 748 1074 781 sortiantur
1093 748 1138 780 es-

384 802 515 839 sectum,
529 813 566 835 ac
586 802 611 834 si
633 801 719 845 ipsae
737 806 921 844 praesentes
937 801 975 834 de
990 801 1087 834 verbo
1100 801 1138 833 ad

384 854 519 887 verbum
541 854 772 887 insererentur.

427 909 442 951 ξ
462 908 514 942 ⁶20.
538 909 585 941 Tu
606 908 714 950 igitur,
737 908 851 941 dilecte
868 908 926 946 fili,
939 919 1058 941 munus
1078 909 1139 941 liu-

385 961 522 993 iusmodi
553 961 664 994 devota
690 967 796 993 mente
823 961 1019 1005 suscipiens,
1049 967 1077 994 te
1109 961 1140 993 in

386 1014 471 1047 illius
503 1015 692 1048 executione
726 1015 887 1047 solicitum
903 1042 910 1055 ,
949 1026 984 1047 ac
1020 1015 1138 1053 verbo,

385 1079 533 1101 sermone
554 1074 583 1101 et
604 1079 701 1112 opere
722 1069 901 1101 studiosum
915 1075 942 1101 et
957 1069 1141 1111 diligentem

386 1121 555 1161 exhibeas,
579 1132 643 1164 quo
674 1133 710 1154 ex
739 1122 802 1154 tuis
829 1121 1015 1161 laboribus,
1038 1121 1141 1153 divina

388 1176 507 1207 l'avente
528 1174 650 1217 gratia,
674 1174 773 1218 optati
802 1175 925 1207 fructus
946 1175 1140 1211 succedant,

387 1238 468 1270 quos
488 1238 668 1271 speramus.
692 1229 805 1270 Tuque
826 1238 883 1271 per
904 1227 1141 1260 solicitudimnn

388 1287 488 1318 tuam,
502 1286 630 1324 praeter
650 1287 798 1314 aeternae
814 1281 1037 1313 retriluuionis
1054 1291 1144 1325 piae-

389 1334 510 1374 mium,
534 1335 649 1367 merito
674 1335 760 1378 apud
780 1345 839 1367 nos
864 1340 893 1367 et
915 1335 1028 1368 Sedent
1050 1344 1144 1378 prae-

389 1388 506 1420 dictam
528 1389 750 1421 commendari
774 1388 885 1432 possis.

433 1441 547 1474 Datum
569 1442 687 1474 Itomae
714 1443 799 1485 apud
829 1443 861 1475 S.
889 1443 1038 1478 Petrum,
1061 1451 1146 1474 anno

389 1495 621 1528 lncarnationis
651 1496 831 1529 dominicae
860 1496 1030 1528 millesimo
1050 1495 1146 1538 quin-

389 1548 567 1590 gentesimo
593 1548 757 1591 trigesimo
787 1549 945 1593 septimo,
973 1548 1146 1581 undecimo

391 1602 543 1635 kalendas
563 1602 693 1646 aprilis,
722 1603 927 1647 pontificatus
956 1602 1056 1635 nostri
1090 1613 1147 1634 an-

391 1667 432 1689 no
453 1662 568 1700 quarto
590 1656 615 1689 1.

449 1714 510 1745 Dat.
528 1715 574 1744 die
590 1715 627 1744 ⁶22
641 1716 737 1745 martii
758 1715 843 1753 1537,
857 1716 957 1754 pontis.
971 1725 1046 1745 anno
1064 1725 1104 1745 1u.

397 1931 612 1975 Confirmatio
637 1937 665 1965 et
693 1943 775 1965 vora
798 1932 953 1965 concessio
972 1932 1154 1974 pririlefsio-

440 1996 511 2018 rum
533 1990 561 2018 et
581 1986 763 2029 qratiarmu
783 1986 965 2018 ‹nalitorum
985 1985 1154 2017 RotaeRo-

440 2050 558 2072 intenae
571 2038 598 2071 2.

466 2115 564 2143 Paulus
585 2115 725 2152 episcopus
748 2123 843 2144 servus
867 2122 1007 2144 servorum
1029 2115 1084 2148 Dei.

535 2171 569 2198 ad
598 2171 759 2206 perpetuam
789 2170 831 2199 rei
850 2170 1019 2198 memoriam.

444 2231 579 2265 Romani
606 2232 770 2265 Pontificis
799 2238 952 2266 consueta
978 2232 1158 2276 benignitas

401 2296 456 2327 ea,
479 2297 562 2329 quae
583 2298 641 2330 per
660 2287 925 2330 praedecessores
946 2298 1039 2327 suos,
1062 2298 1156 2332 prae-

402 2339 510 2372 sertim
553 2351 765 2383 personarum
800 2341 858 2373 sibi
893 2347 923 2374 et
957 2341 1157 2385 Apostolicae

402 2393 475 2426 Sodi
515 2394 686 2427 continuos
732 2394 858 2427 labores
901 2394 1156 2438 impendentium

403 2443 611 2476 commodum
651 2454 686 2475 ac
727 2443 896 2476 utilitatem
931 2444 1158 2476 concernentia

440 2510 450 2534 1
471 2509 538 2544 Lege
555 2512 633 2536 lertio
649 2509 687 2544 (a.
705 2509 755 2543 τ.).
794 2511 810 2537 2
827 2510 865 2536 Ad
893 2510 955 2536 haec
977 2509 1038 2537 vide
1060 2511 1158 2537 consti-

405 2553 533 2580 tutionem
550 2561 601 2581 xlu
616 2554 698 2582 Clem.
721 2554 783 2588 vu,
805 2556 943 2587 Conrcnit,
968 2563 1027 2590 pag.
1051 2555 1081 2582 81
1109 2555 1158 2581 lui-

405 2597 447 2625 ius
465 2598 541 2626 tomi.

978 213 1157 238 nt'LLanu'n
1183 214 1334 238 RouANrn

1177 278 1329 300 concessa
1349 272 1435 307 sunt,
1466 272 1501 300 ut
1529 265 1623 299 firma
1643 271 1801 310 perpetuo
1822 270 1853 299 et
1872 265 1932 298 illi-

1176 320 1250 353 bata
1273 319 1455 363 persistant,
1478 319 1615 352 libenter
1638 319 1813 363 approbat,
1836 324 1934 363 prout

1178 373 1209 406 in
1233 373 1370 406 Domino
1395 374 1567 406 salubriter
1591 373 1749 417 conspicit
1768 373 1930 416 expedire.

1947 212 1996 241 An.
2014 213 2043 240 C.
2065 209 2129 240 1557

1223 427 1237 469 ξ
1258 426 1288 458 ’1.
1320 426 1448 459 Dudum
1478 426 1635 470 siquidem
1661 426 1762 459 felicis
1782 425 1933 459 recorda·
1949 438 2063 459 Pontiam
2079 438 2134 459 mut-

1178 480 1273 512 tionis
1306 480 1407 512 Iulius
1440 480 1621 519 secundus,
1643 480 1705 513 Leo
1733 480 1878 513 decimus
1905 484 1935 512 et

1179 534 1326 566 Clemens
1337 534 1505 577 septimus,
1519 533 1654 566 Romani
1664 533 1834 566 Pontifices
1845 544 1937 578 prae-

1181 587 1365 619 decessores
1385 586 1502 625 nostri,
1526 586 1650 619 dilectis
1669 586 1743 619 filiis
1764 596 1936 620 causarum

1181 639 1291 673 Palatii
1324 640 1500 683 Apostolici
1534 640 1736 673 auditoribus
1760 651 1797 673 ac
1822 650 1936 673 eorum

1181 694 1477 727 locumtenentibus
1493 699 1571 726 tunc
1587 698 1615 726 et
1633 704 1692 737 pro
1709 699 1856 738 tempore
1877 693 1940 727 exi-

1182 748 1340 781 stentibus
1374 753 1402 780 et
1438 758 1551 780 eorum
1577 747 1713 790 collegio
1734 747 1857 781 diversa
1877 747 1940 791 pri-

1182 801 1313 843 vilegia,
1337 800 1580 841 concessiones,
1601 800 1830 844 exemptiones,
1853 805 1941 833 ante-

1182 854 1329 891 lationes,
1352 854 1600 897 praerogativas,
1624 854 1804 893 facultates,
1822 853 1940 896 gratias

1184 914 1211 940 et
1235 907 1359 940 indulta
1380 913 1456 940 tnnc
1477 918 1626 950 expressa
1646 906 1785 950 gratiose
1806 916 1939 939 conces-

1161 989 1162 992 ,
1183 966 1294 994 serunt
1315 966 1342 993 et
1364 959 1597 1003 approbarunt.

1228 1015 1242 1057 ξ
1263 1015 1292 1047 2.
1316 1015 1380 1047 Nos
1400 1013 1638 1057 dignum,quin
1654 1013 1761 1056 potius
1781 1012 1938 1052 debitum,

1185 1073 1353 1100 censentes
1369 1067 1470 1100 dic-tos
1485 1067 1649 1099 auditores
1665 1071 1694 1099 et
1709 1067 1939 1105 locatenentes,

1185 1117 1239 1159 qui
1268 1127 1326 1159 pro
1354 1115 1485 1159 publica
1512 1115 1647 1147 utilitate
1676 1115 1820 1158 quotidie
1846 1119 1876 1148 et
1895 1114 1943 1147 in-

1185 1171 1346 1198 cessanter
1362 1165 1537 1207 invigilant,
1555 1170 1582 1197 et
1606 1165 1637 1196 iu
1659 1164 1778 1197 iustitia
1798 1163 1944 1207 personis

1186 1214 1224 1245 ad
1245 1214 1359 1246 Sedem
1382 1213 1482 1257 ipsam
1504 1224 1541 1245 ex
1561 1213 1713 1246 omnibus
1733 1213 1847 1245 mundi
1872 1223 1944 1256 par—

1188 1263 1271 1295 tibus
1296 1263 1535 1295 contluentilurs
1569 1261 1779 1295 ministranda
1806 1261 1944 1294 immen-

1188 1323 1238 1344 sos
1258 1312 1384 1344 labores
1409 1312 1587 1351 sustinent,
1611 1322 1670 1355 pro
1692 1310 1882 1343 eorumdem
1902 1311 1946 1343 la-

1189 1360 1304 1393 borum
1332 1360 1612 1399 renumeratione,
1635 1360 1765 1392 illorum
1795 1358 1945 1402 exigenti-

1189 1410 1248 1441 bus
1269 1409 1402 1448 meritis,
1426 1414 1454 1442 et
1477 1414 1510 1441 ut
1530 1409 1733 1441 commodius
1754 1419 1785 1440 se
1806 1408 1892 1440 alere
1908 1418 1945 1440 ac

1189 1464 1368 1491 sustentare
1388 1459 1525 1495 valeant,
1547 1469 1612 1491 nou
1639 1458 1818 1490 minoribus
1838 1457 1947 1500 gratiis

1189 1518 1225 1540 ac
1247 1507 1485 1550 praerogativis,
1509 1518 1605 1550 quam
1641 1518 1659 1539 a
1689 1506 1782 1539 dictis
1815 1506 1947 1549 praede-

1191 1556 1371 1589 cessoribus
1391 1556 1508 1589 nostris
1529 1560 1748 1600 reportarunt,
1767 1566 1821 1588 eos
1841 1566 1948 1599 prose-

1191 1606 1246 1648 qui
1266 1606 1418 1641 volentes.
1442 1611 1532 1638 motu
1552 1605 1698 1649 proprio,
1717 1615 1782 1638 non
1807 1605 1846 1637 ad
1862 1604 1948 1649 ipso-

1193 1665 1265 1686 rum
1300 1654 1485 1687 auditorum
1521 1665 1576 1687 seu
1615 1653 1867 1687 locatenentium
1900 1655 1947 1688 rel

1194 1703 1332 1735 aliorum
1354 1714 1413 1747 pro
1441 1703 1485 1736 eis
1512 1702 1604 1736 nobis
1624 1714 1722 1747 super
1742 1704 1804 1736 hoc
1824 1703 1949 1736 oblatae

1195 1751 1357 1795 petitionis
1377 1752 1577 1792 instantiam,
1600 1753 1655 1785 sed
1675 1752 1713 1785 de
1732 1757 1843 1785 nostra
1862 1763 1951 1785 mera

1196 1800 1384 1833 liberalitate
1418 1812 1454 1833 ac
1489 1812 1525 1834 ex
1555 1806 1642 1834 certa
1667 1806 1776 1834 nostra
1796 1801 1950 1842 scientia,

1196 1850 1303 1882 onmia
1324 1855 1352 1882 et
1374 1850 1499 1893 singula
1521 1850 1697 1893 privilegia,
1719 1850 1950 1893 exemptiones,

1196 1899 1417 1939 antelationes,
1430 1899 1667 1942 praerogativas
1680 1898 1703 1938 ¹,
1714 1899 1951 1939 concessiones,

1196 1947 1333 1990 gratias,
1356 1949 1541 1988 facultates,
1564 1948 1672 1981 literas
1696 1959 1733 1980 ac
1753 1948 1877 1981 indulta
1897 1949 1955 1982 hu—

1199 1996 1346 2035 iusmodi,
1369 2008 1427 2040 per
1447 1997 1548 2030 dictos
1568 2002 1598 2029 et
1618 1996 1697 2030 alios
1717 2001 1844 2030 nostros
1864 2008 1955 2040 prae-

1198 2046 1382 2079 decessores
1410 2046 1529 2079 eisdem
1557 2045 1759 2079 auditoribus
1784 2051 1812 2078 et
1838 2046 1955 2079 locate—

1199 2095 1349 2128 nentibus
1369 2106 1405 2128 ac
1422 2106 1535 2128 eorum
1557 2094 1702 2137 singulis,
1721 2094 1754 2126 in
1773 2104 1891 2137 genere
1906 2095 1954 2128 vel

1199 2143 1229 2176 in
1257 2145 1381 2186 specie,
1409 2155 1572 2184 concessa,
1596 2153 1838 2187 quaecumque,
1866 2148 1957 2187 quot-

1200 2204 1340 2234 cumque
1362 2198 1392 2225 et
1412 2192 1663 2236 qualiacumque
1692 2193 1770 2233 sint,
1793 2203 1829 2225 ac
1851 2192 1956 2226 cuius-

1201 2253 1340 2284 cumque
1360 2242 1481 2275 tenoris
1507 2247 1535 2275 et
1562 2241 1778 2275 continentiae
1799 2241 1954 2282 existant,

1201 2304 1340 2335 quorum
1362 2292 1507 2325 omnium
1530 2293 1649 2325 formas
1669 2297 1697 2325 et
1718 2296 1858 2332 tenores,
1877 2303 1914 2325 ac
1930 2293 1956 2326 si

1201 2342 1238 2374 ‹le
1259 2342 1355 2375 verbo
1383 2342 1421 2374 ad
1447 2342 1580 2374 verbum
1609 2341 1841 2383 insererentur,
1864 2353 1955 2386 prae-

1201 2390 1344 2423 sentibus
1365 2401 1423 2434 pro
1444 2391 1601 2434 expressis
1617 2391 1783 2432 habentes,
1801 2402 1876 2424 cum
1889 2402 1957 2424 om-

1203 2439 1295 2471 nibus
1315 2445 1344 2472 et
1365 2440 1498 2482 singulis
1523 2439 1802 2482 derogationibus,
1821 2440 1957 2473 decretis

1202 2493 1229 2520 et
1251 2488 1404 2521 clausulis
1425 2488 1456 2520 in
1477 2489 1522 2521 eis
1546 2489 1720 2529 contentis,
1744 2488 1776 2521 in
1806 2488 1957 2522 omnibus

1239 2556 1249 2581 1
1281 2556 1479 2581 Antelationnm
1506 2558 1720 2587 praei-offatim&
1760 2555 1900 2588 Bet-ninus,
1931 2555 1956 2581 11

1205 2601 1349 2625 Tribnnate
1364 2601 1431 2625 «tetta
1447 2600 1473 2626 S.
1495 2600 1559 2626 uota
1579 2601 1652 2626 Rom.
1673 2599 1713 2635 (a.
1733 2599 1782 2635 T.).

1950 472 1981 489 tas
1997 470 2074 494 gratias
2095 475 2134 489 uu·-

1950 501 2052 520 <tinnitus
2077 500 2134 520 elar-

1951 531 1987 556 gri
2003 534 2051 550 suut

1969 1017 2024 1044 Ωιι-,5
2039 1017 2073 1037 lit·-
2087 1017 2140 1038 Pou-

1957 1050 2006 1070 titus
2023 1049 2139 1069 continuat..
