2227 3001
91 268 142 299 An.
163 269 192 298 C.
207 268 270 298 fflltl

942 267 975 291 m
981 267 1058 291 t'Lt's
1079 268 1111 291 111
1132 267 1168 290 1¹1¹
1175 283 1180 290 .

1725 251 1790 287 315

104 329 127 350 Et
142 329 275 355 imputatio·
290 324 356 365 ciis,
376 329 539 367 tamqnam
559 332 618 366 per
637 320 845 366 privationem
862 322 1037 355 etamotio-
1082 321 1169 359 fient,
1193 320 1223 353 in
1244 319 1357 352 itinere
1378 321 1510 362 propter
1523 315 1552 349 id
1569 321 1729 360 suscepto,
1747 317 1833 359 quod

90 368 128 383 nes
137 362 198 382 aliter
208 361 274 382 taz-ia·

91 392 191 414 invalidas
203 395 222 412 et
231 393 275 412 nut-

89 424 120 445 lu
135 423 236 447 declat-:113

288 389 362 410 nem
388 378 436 410 vel
465 376 543 409 alias
568 381 701 420 propter
728 376 896 409 commissa
934 387 1038 409 exces-

288 443 341 464 sus
366 436 396 463 et
420 429 555 463 crimina
580 429 766 462 vacantibus
793 431 840 462 vel
868 431 1035 466 vacaturis,

287 485 407 528 absque
428 495 542 518 causae
570 495 626 516 seu
654 494 824 516 causarum
854 483 1039 527 privationis

287 543 317 571 et
336 538 507 571 amotionis
527 542 581 570 aut
601 548 790 571 excessuum
811 542 842 570 et
866 538 1036 570 criminum

286 592 483 624 vacationem
512 591 698 624 huiusmodi
724 591 941 631 causantium,
968 602 1040 624 nec-

287 656 351 678 non
373 650 537 689 tamquam
558 645 597 678 de
618 650 705 678 certo
727 646 821 677 modo
841 645 1037 681 vacantibus,

288 698 382 731 etiam
416 709 474 743 per
499 699 630 731 modum
659 698 889 738 devolutionis,
920 699 1040 742 absque

287 752 373 784 modi
384 752 556 785 vacationis
565 752 713 795 specifica
724 752 1038 796 cxpressione,etiam

288 811 453 849 praetextu
496 817 779 849 quarumcumque
807 807 1039 843 clausularum,

288 860 531 902 quomodolibet
558 860 786 903 implicitarum
818 865 845 892 et
866 865 1040 902 quantum-

289 923 429 955 cumque
441 912 700 956 praegnantium,
716 913 809 945 etiam
824 913 910 956 quod
927 924 1040 945 causas·

289 971 319 999 et
339 977 487 999 excessus
502 978 539 999 ac
564 966 716 1005 crimina,
742 976 866 999 necnon
889 966 973 998 modi
994 977 1041 998 va-

289 1019 665 1059 cationumhuiusmodi,
679 1019 821 1051 inliteris
838 1030 896 1063 pro
913 1030 1041 1062 expres-

289 1071 330 1104 sis
347 1072 526 1105 habeantur
535 1073 581 1105 vel
594 1072 688 1105 etiam
705 1072 886 1115 dispositive
908 1072 1041 1115 exprimi

288 1125 411 1168 possint
430 1125 682 1168 disponentium,
706 1125 737 1157 in
754 1125 1043 1168 supplicationibus

288 1179 493 1219 insertarum,
524 1179 643 1212 eisdem
670 1178 915 1222 impetrantibus
938 1180 1042 1212 nulla-

287 1238 380 1265 tenus
392 1233 625 1276 suffragentur3
643 1238 673 1265 et
688 1244 914 1276 quaecumque
931 1233 1043 1266 subro-

287 1286 431 1329 gationes
455 1296 513 1330 per
540 1286 625 1329 ipsos
654 1286 862 1329 impetrantes
889 1287 927 1319 de
948 1286 1043 1318 bene-

287 1339 381 1379 ficiis,
404 1350 485 1382 quae
507 1339 601 1371 etiam
624 1350 697 1371 cnm
715 1338 900 1372 huiusmodi
918 1350 1043 1383 expres-

288 1393 376 1425 sione
393 1392 642 1436 impetraverint,
659 1392 989 1435 tatnquainlitigiosis,
1013 1393 1041 1424 in

289 1446 358 1478 iure
382 1446 430 1478 vel
455 1446 494 1478 ad
526 1446 576 1478 ius
596 1456 728 1483 eorum,
752 1456 833 1487 quos
858 1445 1041 1478 huiusmodi

289 1511 437 1533 excessus
457 1505 487 1532 et
507 1499 641 1532 crimina
663 1504 877 1543 perpetrasse,
891 1506 943 1531 aut
962 1510 1043 1542 quo-

290 1565 362 1586 rum
384 1553 540 1586 beneficia
561 1564 619 1597 per
638 1553 876 1585 devolutionem
894 1559 948 1585 ant
968 1553 1044 1585 aliae:

291 1613 378 1641 certo
404 1608 499 1640 modo
526 1618 651 1639 vacasse
679 1607 896 1647 narraverint,
926 1618 942 1639 a
964 1607 1043 1639 Sedi-

291 1662 472 1705 Apostolica
495 1662 542 1694 vel
568 1661 679 1703 legatis
708 1660 777 1693 eius
802 1661 1040 1703 ‹piomotlolibet

292 1715 511 1759 impetrandae
523 1725 577 1747 scu
594 1715 689 1747 etiam
709 1717 797 1747 'motu
818 1714 950 1758 proprio
966 1726 1043 1747 con-

292 1769 465 1808 cedendae,
484 1768 544 1800 nisi
564 1768 650 1811 quod
667 1767 875 1811 impetrantes
898 1779 1045 1800 excessus

293 1827 323 1856 et
341 1822 476 1856 crimina
503 1827 558 1854 aut
578 1822 709 1854 modum
737 1821 910 1854 vacationis
931 1822 1043 1854 liuius-

293 1876 378 1909 modi
400 1876 594 1908 intradictos
614 1875 680 1907 dies
700 1875 952 1907 observationem
971 1875 1044 1907 dieti

293 1929 421 1962 termini
446 1929 483 1961 ad
504 1928 742 1961 articulandum
759 1939 817 1972 per
837 1928 922 1972 ipsos
943 1928 1044 1971 impe-

293 1988 412 2016 trantes
431 1988 486 2015 aut
514 1992 626 2015 eorum
645 1986 883 2025 procuratores,
902 1987 933 2014 ut
952 1993 1045 2025 prac-

293 2037 405 2075 fertur,
433 2046 498 2069 non
524 2040 630 2068 autem
660 2046 719 2079 per
747 2046 801 2068 eos
827 2041 881 2068 aut
901 2036 1044 2079 ipsorum

294 2095 519 2135 procuratores
546 2091 660 2122 factam
681 2090 787 2133 quoad
813 2090 1044 2128 excludendos,

294 2149 365 2188 post
388 2144 489 2176 dictos
509 2143 575 2176 dies
595 2143 681 2187 ipsos
701 2143 909 2187 impetrantes
928 2154 944 2176 a
970 2154 1045 2186 pro-

294 2197 421 2230 batione
458 2207 646 2229 excessuum
689 2208 745 2229 seu
780 2196 952 2229 criminum
994 2202 1045 2229 aut

296 2250 382 2284 modi
408 2250 581 2283 vacationis
606 2250 845 2294 praedictorum
869 2250 947 2282 nibil
969 2261 1046 2293 ope-

296 2304 359 2337 rari
387 2305 535 2336 volumus
560 2308 671 2336 contra
691 2314 891 2347 possessores
925 2302 1047 2336 beneti-

296 2358 434 2398 ciorum,
456 2368 537 2401 quae
558 2357 807 2401 impetraverint,
830 2357 1046 2401 probaverint,

297 2411 391 2444 etiam
412 2411 437 2444 si
458 2411 518 2444 alia
538 2422 685 2444 excessus
712 2416 742 2443 et
761 2411 896 2443 crimina
910 2438 917 2451 ,
944 2410 1047 2454 priva-

298 2465 383 2498 tione
403 2470 457 2497 aut
487 2464 670 2507 privationis
699 2464 914 2498 declaratione
940 2464 1046 2507 digna,

298 2514 392 2547 etiam
413 2519 485 2546 ante
503 2515 628 2558 lapsum
645 2514 804 2546 dictorum
821 2519 892 2547 octo
909 2514 1047 2549 dierum,

298 2562 518 2608 probaverint,
540 2563 661 2596 nullius
681 2562 742 2595 sint
766 2562 891 2596 roboris
914 2563 963 2595 vel
984 2573 1049 2595 mo-

299 2613 407 2646 menti.
427 2612 581 2656 Quodque
594 2612 837 2655 subrogationes
849 2612 1046 2651 huiusmodi,

299 2661 324 2695 si
341 2662 372 2704 ii,
385 2667 496 2695 contra
511 2672 592 2706 quos
608 2662 792 2695 huiusmodi
808 2662 1050 2707 impetrationes

1083 380 1151 417 post
1187 371 1553 407 excommunicationem
1597 370 1609 397 'l
1650 370 1807 403 citationis
1826 397 1832 409 ,

1081 428 1174 461 etiam
1189 427 1397 472 peredictum
1415 426 1525 463 sactae,
1542 424 1634 457 etiam
1650 424 1673 456 si
1686 425 1723 456 (le
1736 424 1835 456 dicto-

1082 493 1153 514 rum
1165 482 1333 513 citatornm
1344 479 1553 513 notitiaaliter
1565 489 1627 510 non
1639 478 1835 522 apparuerit,

1082 541 1252 579 propterea
1268 539 1423 567 attentum
1440 533 1456 556 2
1468 537 1705 577 praesumatur,
1725 532 1838 564 desun-

1083 588 1122 621 eti
1137 588 1265 625 suerint,
1280 587 1374 620 etiam
1392 586 1416 618 si
1432 596 1523 618 senes
1538 591 1592 618 aut
1615 585 1836 617 valetudinarii

1083 652 1137 674 seu
1161 640 1316 683 impediti,
1330 645 1362 672 ut
1378 640 1569 683 praefertur,
1587 649 1650 671 non
1668 639 1836 679 extiterint,

1083 700 1134 727 ant
1166 694 1259 727 etiam
1282 693 1315 733 ii,
1338 698 1448 726 contra
1469 704 1550 735 quos
1570 692 1755 725 huiusmodi
1775 692 1837 725 ini-

1083 748 1277 792 petrationes
1297 748 1385 787 fient,
1409 752 1510 779 morte
1531 746 1667 779 violenta
1692 747 1837 779 decesse-

1084 802 1164 841 rint,
1195 801 1265 833 licct
1294 801 1419 833 nullum
1455 800 1582 843 penitus
1610 805 1837 843 argumentum

1084 859 1138 886 aut
1167 855 1255 886 nulla
1282 854 1467 886 coniectura
1492 853 1599 886 habita
1624 853 1719 886 fuerit
1752 853 1837 896 quod

1084 907 1303 950 collitigansid
1324 907 1445 947 fecerit,
1460 912 1514 939 aut
1530 907 1567 939 de
1583 906 1637 938 tali
1650 913 1751 939 morte
1768 907 1838 940 cnl-

1085 961 1199 1005 pabilis
1215 972 1269 993 seu
1287 960 1436 993 conscius
1453 960 1558 999 suerit,
1577 961 1683 993 locum
1705 971 1769 993 non
1785 961 1839 992 lia-

1084 1015 1189 1047 beant.
1221 1015 1255 1047 Et
1286 1014 1310 1047 si
1339 1019 1407 1057 post
1437 1014 1561 1057 lapsum
1590 1014 1663 1047 dicti
1691 1015 1765 1046 anni
1791 1014 1839 1046 vel

1085 1067 1180 1099 etiam
1193 1078 1230 1099 eo
1243 1067 1396 1105 durante,
1413 1071 1441 1098 et
1461 1066 1526 1099 istis
1547 1072 1618 1099 octo
1635 1067 1757 1107 diebus,
1770 1072 1840 1112 post

1086 1120 1161 1153 dicti
1195 1120 1324 1153 termini
1357 1120 1396 1152 ad
1431 1120 1684 1160 articulandum,
1720 1121 1839 1165 absque

1086 1174 1275 1217 probatione
1296 1174 1536 1218 praedictomm
1572 1185 1760 1207 excessuum
1784 1185 1840 1207 seu

1086 1227 1260 1260 criminum
1287 1233 1341 1260 aut
1361 1228 1446 1260 modi
1467 1228 1640 1260 vacationis
1665 1239 1722 1272 per
1755 1228 1840 1272 ipsos

1086 1276 1297 1320 impetrantes
1320 1277 1367 1309 vel
1388 1288 1500 1309 eornm
1529 1282 1756 1320 procuratores
1783 1278 1840 1310 ob-

1086 1326 1307 1363 servationem,
1320 1325 1447 1368 elapsis,
1466 1325 1629 1367 contingat
1645 1336 1842 1368 'jiossessores

1086 1374 1246 1407 dictorum
1269 1374 1501 1407 beneficiffl‘um
1519 1385 1574 1407 seu
1598 1374 1722 1417 aliquos
1745 1385 1782 1407 ex
1797 1375 1842 1408 eis

1087 1423 1253 1461 decedere,
1275 1428 1330 1456 aut
1351 1434 1465 1455 cortun
1482 1423 1639 1456 beneficia
1655 1423 1843 1466 simpliciter

1086 1472 1133 1504 vel
1155 1483 1190 1504 ex
1211 1483 1307 1504 causa
1324 1471 1568 1515 permutationis
1596 1477 1651 1504 aut
1671 1472 1749 1505 alias
1764 1484 1843 1515 quo-

1088 1521 1272 1561 modolibet,
1294 1521 1325 1553 in
1338 1522 1479 1553 [lornana
1496 1521 1589 1554 Curia
1600 1522 1647 1553 vel
1663 1526 1749 1553 extra
1761 1533 1842 1562 eain,

1086 1581 1217 1607 vacare,
1246 1582 1309 1603 non
1336 1576 1529 1603 ‹stenseantur
1549 1575 1720 1613 propterea
1744 1571 1842 1603 bene-

1087 1619 1160 1652 ticia
1180 1620 1248 1664 ipsa
1274 1620 1422 1663 litigiosa,
1450 1621 1488 1652 de
1513 1619 1699 1652 huiusmodi
1720 1619 1842 1653 benesi-

1087 1669 1143 1701 ciis
1159 1669 1203 1702 sic
1223 1670 1410 1702 vacantibus
1426 1668 1585 1713 provideri
1602 1674 1631 1701 et
1647 1668 1724 1701 alias
1745 1668 1843 1702 libere

1087 1719 1212 1762 disponi
1234 1719 1332 1763 possit
1358 1719 1389 1751 in
1414 1719 1565 1751 ‹junnibus
1585 1723 1615 1750 et
1639 1728 1696 1761 per
1721 1718 1840 1759 omnia,

1088 1779 1123 1800 ac
1145 1767 1169 1800 si
1191 1774 1302 1801 contra
1328 1768 1429 1801 dictos
1449 1778 1649 1812 possessores
1675 1767 1781 1811 aliqua
1807 1768 1843 1800 lis

1089 1819 1184 1851 modo
1206 1819 1382 1862 praemisso
1405 1823 1488 1851 mota
1510 1828 1574 1850 non
1596 1817 1717 1850 suisset.

1132 1868 1146 1910 ,S
1171 1868 1200 1901 5.
1226 1869 1262 1901 Et
1295 1867 1505 1901 nibilominus
1526 1868 1731 1911 impetrantes
1751 1878 1843 1911 prae-

1088 1916 1163 1948 dicti
1185 1918 1223 1949 ad
1248 1917 1367 1950 ambita
1388 1917 1545 1950 beneficia
1570 1917 1755 1949 huiusmodi
1785 1917 1842 1950 ob-

1089 1965 1217 1998 tinenda
1247 1972 1438 1999 censeantur
1471 1971 1628 2010 perpetuo
1663 1965 1840 2007 inhabiles,

1089 2024 1214 2046 necnon
1234 2021 1361 2047 vexatae
1393 2015 1474 2058 parti
1497 2015 1604 2048 omnia
1633 2015 1761 2055 damna,
1794 2016 1843 2048 in-

1090 2068 1205 2096 teresse
1227 2069 1256 2096 et
1277 2075 1430 2107 expensas
1452 2065 1631 2107 persolvere
1661 2069 1842 2104 teneantur,

1089 2124 1125 2145 ac
1155 2114 1307 2146 omnibus
1332 2118 1362 2145 ct
1395 2113 1528 2156 singulis
1553 2112 1718 2145 beneficiis
1745 2114 1846 2146 eccle-

1090 2162 1223 2195 siasticis
1244 2174 1301 2206 per
1325 2163 1454 2195 eosdem
1471 2162 1678 2205 impetrantes
1695 2162 1844 2203 obtentis,

1090 2223 1121 2245 se
1146 2212 1286 2245 triennio
1315 2223 1488 2257 suspensos
1519 2212 1674 2244 noverint.
1702 2211 1843 2251 Quibus,

1090 2262 1114 2295 si
1131 2273 1163 2294 se
1185 2262 1215 2294 in
1241 2262 1285 2294 eis
1305 2262 1437 2306 propria
1461 2262 1638 2295 temeritate
1663 2262 1843 2303 iniecerint,

1091 2312 1159 2355 ipso
1189 2312 1257 2344 iure
1279 2312 1389 2355 privati
1417 2311 1494 2351 sint,
1516 2322 1553 2344 ac
1583 2311 1782 2344 calumnioso
1808 2311 1846 2344 de

1092 2361 1247 2404 periurio,
1270 2361 1354 2393 iuxta
1370 2361 1541 2393 canonicas
1561 2360 1757 2401 sanctiones,
1784 2371 1845 2404 pu-

1092 2409 1231 2442 niantur.
1247 2410 1530 2443 Decernensnovas
1544 2409 1738 2452 provisiones
1750 2419 1846 2452 super

1093 2459 1370 2502 impetrationibus
1404 2459 1574 2502 praedictis
1603 2470 1661 2502 pro
1687 2464 1843 2502 tempore,

1092 2508 1185 2540 etiam
1228 2513 1399 2550 antequam
1440 2507 1515 2541 dicti
1545 2513 1616 2540 octo
1646 2508 1712 2540 dies
1746 2507 1844 2550 elapsi

1093 2556 1221 2596 suerint,
1244 2556 1292 2596 iis,
1316 2557 1502 2601 inquorum
1524 2558 1661 2589 savorem
1683 2567 1846 2589 emanave-

1130 2625 1139 2650 l
1158 2625 1354 2657 Executiffliem,
1368 2625 1442 2651 ΜΔΝ.
1464 2626 1479 2652 2
1496 2626 1674 2657 Attenuatum,
1690 2623 1805 2652 Cherub.
1819 2626 1845 2652 el.

1094 2669 1167 2695 Mati.
1186 2669 1224 2704 (a.
1241 2668 1291 2706 τ.).

1851 260 1901 288 An.
1919 257 1948 287 C.
1967 256 2029 286 tsstt

1878 1876 2042 1905 impetn-nubu-

1858 1915 1929 1935 pmnas
1945 1909 1979 1929 tic
2002 1909 2043 1929 de—

1858 1944 1947 1964 scriptas
1973 1940 2041 1968 impo-

1858 1973 1895 1992 nit.
