2227 3001
877 235 969 258 INDEX
997 235 1198 259 antttcxmm

351 287 568 322 declaratione
583 287 669 330 qumt
686 287 724 320 de
735 287 1014 321 distributionibus

351 341 547 386 quotidianis
573 341 697 373 decima
728 341 822 374 etiam
852 342 927 373 solvi
958 342 1012 375 ‹le—

347 396 434 436 beat‚
452 394 527 428 316.

261 449 415 484 XXXVIII.
444 448 553 492 Spolia
584 449 875 481 ecclesiasticarum
902 460 1012 492 perso-

349 513 476 543 narum,
500 501 568 535 sine
582 507 772 535 testamento
793 507 848 535 aut
864 503 1012 535 facultate

350 555 485 590 testandi
501 556 738 595 decedentium,
753 556 799 588 vel
809 556 893 589 ultra
909 567 1011 599 quan-

347 609 481 649 titatem,
504 609 542 641 de
563 620 625 652 qua
647 608 754 641 testari
780 615 925 652 possunt,
948 609 1011 641 dis-

350 661 554 707 ponentium,
568 663 605 694 ad
618 662 835 695 Reverendam
846 662 1009 695 Gaineram

346 716 563 760 Apostolicam
581 722 737 761 spectant,
756 716 830 749 317.

259 771 389 805 XXXIX.
412 770 642 814 inquisitorum
656 769 836 803 baereticae
850 770 1011 813 pravitatis

347 825 480 857 facultas
514 824 708 868 procedendi
738 830 848 857 contra
878 834 1007 864 omnes,

346 877 441 912 etiam
451 878 628 920 regulares,
641 878 863 921 praedicantes
871 884 926 911 aut
937 889 1010 922 pro-

345 938 501 977 ponentes
527 931 730 964 seamlalosas
759 932 1006 975 propositiones,

343 993 373 1020 et
395 998 412 1020 a
428 987 489 1019 fide
506 985 665 1019 catholiea
681 985 912 1029 discrepantes,
930 985 1006 1019 5118.

343 1106 420 1128 num
443 1100 471 1127 et
494 1092 694 1127 indultorum
721 1093 848 1136 collegii
869 1093 1008 1126 fabricae

342 1147 427 1181 Beati
445 1147 529 1180 Petri
550 1147 706 1191 principis
727 1147 948 1189 apostolorum
970 1146 1008 1179 de

342 1201 440 1242 Urbe,
450 1212 522 1234 cum
534 1201 671 1234 aliorum
683 1198 924 1242 privilegiortuu
933 1211 1008 1233 con-

343 1255 500 1294 cessione,
522 1253 598 1287 320.

253 1310 327 1344 XLI.
350 1308 515 1350 Privilegia
535 1308 772 1351 neophytorum
790 1307 852 1340 six-e
874 1307 1006 1341 iudaeo-

340 1373 414 1395 rum
425 1361 643 1394 etinfidelium
654 1361 693 1394 ad
706 1361 896 1394 catholicam
911 1362 1005 1394 tidem

340 1427 372 1449 se
404 1415 682 1455 convertenti11m3
720 1414 1006 1459 ordinationesque

341 1469 425 1503 circa
448 1480 561 1501 eorum
579 1468 702 1501 vivendi
724 1468 869 1509 modum,
892 1468 967 1502 7336.

252 1523 339 1557 XLII.
366 1523 501 1556 Indictio
527 1523 609 1555 sacri
640 1527 666 1555 et
695 1523 895 1555 oecumenici
927 1534 1005 1556 eon-

341 1576 405 1609 cilii
426 1576 614 1613 Tridentini,
637 1576 673 1609 :id
696 1576 847 1609 kalendas
866 1576 1006 1611 octobris

338 1640 460 1669 ninxLu,
482 1629 558 1663 337.

252 1683 352 1717 XLIII.
380 1684 550 1728 Deputatio
575 1684 809 1716 nonnullorum
840 1683 870 1715 S.
903 1684 939 1716 R.
968 1684 1001 1716 Ε.

338 1737 550 1771 cardinalium
560 1737 761 1780 generalium
774 1737 1004 1780 inquisitorum

337 1791 518 1825 haereticae
530 1791 704 1836 pravitatis.
719 1802 793 1824 cum
806 1791 1002 1834 amplissima

337 1846 540 1886 auctoritate,
563 1845 639 1878 344.

250 1899 539 1934 XL1V.1111·is‹lictio
552 1897 724 1932 cardinalis
733 1899 1003 1945 archipresbyteri
1024 1919 1025 1923 =

337 1960 363 1988 et
387 1953 502 1987 iudicis
524 1963 696 1987 causarum
719 1952 851 1997 capituli
868 1955 1003 1988 canoni-

337 2020 449 2043 corum
468 2014 495 2041 et
513 2008 649 2041 aliarum
667 2018 881 2052 personarum
904 2010 1004 2042 eecle-

336 2064 401 2097 siae
412 2064 442 2097 S.
462 2063 545 2096 Petri
558 2062 715 2107 principis
732 2062 954 2106 apostolorum
965 2064 1003 2097 de

337 2117 422 2150 Urbe
442 2118 490 2150 vel
505 2127 618 2150 eorum
636 2116 789 2149 iuteresse
802 2126 1002 2151 concernen-

336 2171 431 2213 tium,
453 2171 528 2205 346.

248 2223 334 2258 XLV.
352 2224 532 2259 lurisdictio
543 2230 570 2258 et
584 2225 751 2258 facultates
760 2225 869 2258 vicarii
880 2225 1003 2258 Summi

338 2277 501 2311 Pontificis
525 2279 557 2312 in
581 2280 666 2312 alma
693 2279 774 2311 Urbe
801 2278 933 2322 eiusque
954 2278 1002 2312 di-

337 2332 462 2369 strictu.
480 2332 556 2366 349.

247 2386 345 2419 XLVI.
370 2386 529 2419 Institutio
546 2386 713 2430 hospitalis
729 2392 755 2419 et
773 2387 960 2419 monasterii
972 2387 1003 2420 in

336 2435 421 2468 Urbe
447 2446 507 2480 pro
540 2435 727 2480 neophytis,
762 2435 1004 2470 cathecumenis

336 2484 513 2528 indseisque
523 2490 553 2517 et
566 2483 750 2517 infidelibus
763 2484 800 2516 ad
810 2484 1002 2518 catholicam

338 2533 432 2566 fidem
464 2543 496 2566 se
521 2533 804 2574 convertentibus;
827 2540 854 2566 et
882 2535 1003 2567 erectio

335 2581 698 2615 archiconsraternitatis
714 2593 773 2626 pro
788 2593 901 2616 eorum
918 2583 1002 2627 regi-

335 2631 440 2673 mine3
462 2631 707 2674 iurisdictioque
732 2632 764 2665 S.
783 2632 819 2665 R.
840 2633 872 2666 E.
898 2633 1002 2667 cardi-

326 2683 400 2714 Ball.
421 2683 495 2714 Rom.
521 2684 574 2714 l'ol.
601 2684 642 2714 VJ.
847 2686 882 2716 ’Π

343 1040 571 1084 Comprobatio
592 1040 784 1082 gratiarum,
812 1039 1008 1073 iurisdictio·
1030 1059 1031 1064 =

1704 228 1767 262 609

1144 287 1224 320 natis
1241 288 1431 332 protectoris
1444 294 1474 320 et
1495 288 1608 320 iudicis
1624 301 1808 331 cansarum,

1145 351 1257 373 eorum
1268 341 1422 374 interesse
1438 342 1716 381 concernentium,
1730 343 1806 377 353.

1057 394 1170 428 xmll.
1201 395 1243 427 Dc
1269 395 1425 427 electione
1456 393 1574 438 prioris
1597 396 1756 437 generalis
1782 402 1812 429 et

1143 447 1280 480 alioruin
1303 448 1449 492 priorum
1467 448 1726 490 congregationis
1747 460 1813 480 nio-

1144 502 1322 534 naeliorum
1358 501 1617 534 Silvestrinorum
1637 529 1643 542 ,
1683 502 1810 535 Ordinis

1144 554 1249 587 Sancti
1276 555 1451 595 Benedicti,
1475 555 1514 588 ad
1538 555 1713 588 triennium
1742 561 1810 589 tan-

1144 614 1224 648 tum,
1248 609 1382 652 eiusque
1403 609 1593 642 auctoritate
1614 609 1700 642 circa
1726 610 1810 652 regi-

1143 672 1218 694 men
1239 662 1342 694 dictae
1365 663 1634 705 tuingia-gationis,
1652 662 1728 696 358.

1054 714 1180 748 ΧΙΝΙΙΙ.
1204 714 1391 758 Prorogatio
1408 715 1633 749 celebrationis
1653 716 1812 759 generalis

1144 770 1272 803 concilii
1285 769 1464 802 Tridentini
1480 780 1582 814 usque
1599 772 1637 803 ad
1648 771 1808 804 bellorum

1141 824 1352 863 sedationem,
1370 823 1446 857 362.

1053 879 1155 913 XLIX.
1184 878 1349 922 lmpositio
1371 877 1469 910 annui
1495 878 1628 911 subsidii
1649 884 1809 912 trecento-

1142 943 1215 965 rum
1242 931 1381 964 millium
1408 937 1595 972 scutorum,
1632 943 1649 965 a
1677 932 1811 966 subditis

1142 985 1249 1017 Status
1283 984 1497 1018 Ecclesiastici
1529 985 1622 1018 annis
1655 986 1806 1028 singulis,

1141 1048 1350 1081 quacumque
1360 1038 1563 1082 exemptione
1576 1049 1641 1072 non
1651 1039 1806 1080 obstante,

1140 1092 1178 1124 ad
1201 1092 1394 1132 triennium,
1427 1093 1630 1125 Reverendae
1655 1093 1807 1126 Gamerae

1139 1145 1341 1188 Apostolicae
1363 1146 1577 1189 persolvendi,
1591 1147 1743 1180 omnibus
1756 1158 1807 1180 ex-

1140 1198 1363 1232 traordinariis
1384 1199 1604 1233 exactionibus
1614 1200 1741 1233 interim
1761 1201 1808 1234 in-

1139 1252 1296 1291 terdictis,
1315 1252 1391 1287 365.

1183 1307 1337 1351 Sequitur
1357 1308 1531 1342 declaratio
1552 1309 1656 1342 dictae
1687 1309 1807 1342 consti-

1140 1360 1275 1394 tutionis
1291 1362 1400 1405 quoad
1421 1362 1652 1407 exemptiones,
1674 1362 1750 1396 366.

1048 1415 1081 1448 L.
1105 1414 1148 1447 De.
1166 1415 1383 1449 celebratione
1405 1417 1537 1461 capituli
1558 1417 1718 1460 generalis
1733 1428 1806 1451 eon-

1138 1469 1333 1512 gregationis
1353 1470 1384 1503 S.
1410 1470 1538 1515 Georgii
1559 1471 1591 1503 in
1606 1471 1685 1515 Alga
1704 1471 1806 1505 Vene—

1138 1523 1255 1555 tiarum
1278 1528 1307 1556 et
1332 1524 1371 1557 de
1392 1524 1443 1565 iis,
1465 1535 1550 1568 quae
1568 1525 1731 1558 observari
1752 1525 1807 1558 de-

1136 1577 1211 1610 bent
1232 1576 1264 1609 in
1289 1577 1446 1611 electione
1467 1579 1702 1622 praelatorum,
1725 1578 1804 1612 368.

1047 1630 1095 1664 LI.
1118 1630 1209 1669 Quod
1233 1642 1349 1664 causae
1367 1636 1430 1664 tam
1453 1632 1560 1665 civiles
1577 1643 1675 1675 quam
1696 1632 1807 1664 crimi-

1138 1686 1226 1718 nales
1251 1690 1279 1718 et
1301 1685 1418 1718 mixtae
1445 1686 1627 1729 provinciae
1648 1686 1807 1719 Mareliiae

1137 1740 1374 1779 Aneonitanae,
1402 1750 1512 1773 eoram
1539 1740 1704 1773 iudicibus
1720 1740 1807 1773 ordi-

1136 1794 1237 1827 nariis
1257 1805 1316 1837 pro
1343 1800 1488 1838 tempore
1510 1800 1627 1833 motae,
1650 1795 1753 1828 donec
1773 1794 1806 1827 in

1137 1848 1241 1891 prima
1254 1847 1405 1881 instantia
1416 1848 1642 1892 pependerint,
1661 1859 1725 1881 non
1737 1859 1808 1892 pos-

1136 1901 1197 1934 sint
1218 1901 1345 1935 avocari
1371 1907 1537 1945 praetextu
1555 1902 1725 1935 literarum
1747 1913 1805 1935 au-

1136 1951 1249 1983 ditoris
1269 1951 1422 1984 Gamerae
1447 1952 1495 1984 vel
1516 1950 1753 1995 appellationis,
1777 1957 1805 1985 et

1136 1996 1313 2029 dmumodo
1339 2007 1454 2029 causae
1485 1996 1594 2029 civiles
1622 1995 1803 2029 biscentum

1136 2045 1270 2078 ducatos
1290 2056 1356 2078 non
1371 2046 1538 2085 excedant,
1562 2045 1638 2079 369.

1047 2095 1105 2128 LII.
1125 2096 1168 2128 De
1186 2095 1255 2128 salsi
1272 2100 1302 2128 et
1317 2095 1447 2139 decupli
1463 2095 1599 2139 aliisque
1616 2096 1730 2140 poenis
1746 2096 1806 2128 mi-

1135 2144 1311 2177 nistrorum
1333 2145 1537 2177 Reverendae
1550 2144 1703 2178 Gamerae
1719 2146 1806 2188 Apo-

1135 2195 1265 2227 stolicae
1283 2201 1313 2227 etv
1328 2195 1468 2227 aliorum
1480 2195 1622 2228 rationes
1638 2195 1761 2238 integre
1777 2200 1807 2228 et.

1136 2244 1273 2276 fideliter
1293 2253 1358 2276 non
1375 2243 1592 2283 reddentium,
1614 2243 1691 2277 370.

1144 2294 1185 2325 De
1207 2293 1320 2325 ordine
1338 2298 1370 2326 et
1389 2293 1513 2326 ratione
1538 2293 1669 2326 sedendi
1691 2293 1722 2325 in
1747 2293 1804 2326 Ca-

1135 2353 1224 2375 mera
1249 2342 1445 2386 Apostolica,
1474 2354 1531 2386 per
1556 2342 1723 2376 dominum
1751 2353 1803 2374 ca·

1137 2392 1311 2425 mei-arium
1325 2397 1355 2425 etv
1367 2392 1504 2425 clericos
1520 2392 1665 2435 aliosque
1682 2391 1803 2424 officia-

1135 2442 1181 2474 les
1201 2441 1345 2474 eiusdem
1367 2441 1542 2482 servandis,
1563 2440 1639 2474 371.

1141 2491 1231 2530 Quod
1250 2501 1362 2524 omnes
1378 2491 1531 2524 officiales
1548 2490 1643 2524 Urbis
1659 2494 1689 2523 et
1709 2490 1802 2523 ditio-

1135 2540 1185 2573 nis
1200 2540 1436 2573 erclesiasticae
1458 2539 1616 2573 mandatis
1633 2539 1805 2573 cardinalis

1133 2590 1164 2621 S.
1198 2589 1233 2622 R.
1262 2589 1296 2622 E.
1325 2589 1494 2623 camerarii
1529 2589 1664 2622 omnino
1688 2599 1803 2633 parere

1134 2638 1281 2676 debeant,
1299 2638 1376 2672 373.

1046 2293 1119 2326 Llll.

1046 2490 1118 2524 LIV.
