2227 3001
99 253 149 280 An.
167 255 195 280 C.
217 254 281 281 1539

103 1013 202 1040 Atiasque
221 1019 275 1034 ton-

89 1045 224 1066 traianum..
237 1045 273 1064 sub

90 1076 163 1096 eadem
187 1076 274 1095 iuvoca-

90 1108 148 1128 !ione
175 1107 275 1133 Corporis

89 1139 174 1164 Christi,
199 1138 275 1165 ubique

89 1170 214 1190 instituenti.
233 1171 276 1190 eis-

90 1202 136 1222 dem
188 1201 275 1222 indutus

90 1233 181 1259 gaudere
199 1233 275 1254 decer-

90 1266 120 1285 nit
134 1264 154 1290 2;

85 1929 193 1951 Clausulas
209 1929 270 1951 liuius

86 1963 196 1982 consulut.
218 1968 271 1989 pm:-

86 1995 204 2014 servatius
233 2000 271 2021 ap-

85 2026 143 2052 ponit
154 2032 159 2050 ;

945 251 1060 275 murs
1082 253 1114 276 111
1136 254 1181 276 1³1¹.

294 316 418 345 rerum,
443 303 659 348 spiritualium
682 309 710 336 et
732 303 971 348 temporalium,
991 316 1045 337 cos

293 357 781 403 quomodolibetconcernentia,
798 358 974 391 concedere
995 359 1042 392 let

292 414 409 452 facere,
421 422 534 455 eaque,
552 411 679 454 quoties
690 411 861 452 videbitur,
875 418 999 446 mutare
1015 419 1045 445 et

292 467 444 506 alterare,
471 465 626 505 limitare,
650 464 831 507 corrigere,
859 466 1041 505 declarare,

292 519 477 552 modificare
497 524 528 551 et
547 518 579 551 in
600 518 716 551 melius
736 520 925 559 reformare3
947 531 1040 563 quac,

291 578 460 617 postquam
476 572 572 609 edita,
587 577 720 612 mutata,
734 573 878 612 alterata,
896 573 1041 612 limitata,

290 632 447 667 correcta,
471 626 645 665 declarata,
674 626 855 659 modificata
876 631 906 659 et
926 627 959 659 in
978 638 1044 659 mc-

290 680 351 714 lius
367 681 539 714 reformata
562 681 692 719 fuerint,
711 691 747 713 eo
769 680 838 724 ipso
855 692 912 724 per
928 680 1041 714 Sedem

289 735 435 768 eamdem
461 734 650 767 confirmata
671 734 732 767 sint
751 739 782 767 et
801 745 868 767 esse
889 745 1042 767 censean-

288 792 352 829 tur,
383 788 573 821 auctoritate
600 793 631 820 et
650 793 761 821 tenore
782 787 974 831 supradictis
994 788 1041 821 in-

289 842 471 885 dulgemus,
495 847 525 875 et
542 843 669 886 plenam
690 853 727 875 ac
747 841 882 875 liberam
903 842 1042 886 desuper

289 897 474 930 facultatem
495 897 716 930 concedimus.

331 951 346 994 §j
370 951 418 985 19.
438 951 475 984 Et
490 950 713 990 nihilominus,
732 955 767 983 ut
782 949 1041 984 christifidelium

289 1004 412 1037 devotio
433 1005 471 1037 ad
491 1010 554 1037 tam
576 1004 703 1037 salubre
724 1004 967 1036 Sacramentum
984 1005 1043 1037 ser-

288 1058 412 1091 ventius
424 1059 606 1097 invalescat,
618 1069 654 1091 ac
671 1057 894 1090 christifideles
906 1058 943 1090 ad
956 1057 1043 1091 illius

288 1112 526 1146 venerationem
542 1117 572 1145 et
587 1112 703 1145 similia
719 1111 858 1144 caritatis
875 1122 973 1154 opera
993 1123 1042 1144 ex-

289 1166 428 1199 ercenda
461 1177 519 1209 per
551 1164 690 1208 amplius
720 1163 917 1205 excitentur,
954 1165 1042 1208 quod

290 1229 401 1252 omnes
431 1224 461 1252 et
487 1218 632 1261 singulae
659 1217 740 1250 aliae
765 1218 1042 1251 confraternitates

289 1273 348 1305 sub
363 1273 475 1306 eadem
492 1271 692 1305 invocatione
708 1271 905 1305 Sanctissimi
921 1272 1041 1317 Corpo-

288 1325 331 1359 ris
351 1325 466 1359 Christi
491 1325 624 1358 ubilibet
643 1325 805 1358 institutae
826 1330 856 1358 et
875 1325 1041 1359 instituen-

288 1379 346 1413 dae
382 1379 502 1412 eisdem
528 1379 718 1423 privilegiis,
754 1379 1038 1421 concessionibus,

288 1432 508 1476 indulgentiis,
540 1432 757 1472 facultatibus,
789 1432 898 1475 gratiis
931 1439 961 1466 et
990 1434 1039 1466 in-

288 1486 384 1519 dultis
396 1486 648 1520 confraternitati
661 1485 693 1517 in
705 1485 841 1518 ecclesia
853 1486 891 1519 de
904 1486 1041 1520 Minerva

287 1539 449 1573 institutae
470 1539 657 1573 huiusmodi
673 1550 731 1583 per
750 1550 809 1572 nos
830 1540 990 1573 concessis
1011 1546 1041 1574 et

287 1594 503 1627 concedendis
528 1599 676 1634 utantur,
709 1594 874 1637 potiantur
903 1599 931 1627 et
960 1605 1039 1637 gau-

287 1647 400 1689 deant,
429 1659 467 1681 ac
494 1647 557 1687 uti,
581 1647 674 1691 potiri
701 1652 731 1680 et
757 1648 898 1691 gaudere
919 1649 1041 1691 possint

287 1707 318 1735 et
350 1701 503 1742 debeant,
540 1701 682 1745 praefata
710 1700 915 1742 auctoritate,
944 1701 1039 1735 etiarn

288 1755 506 1799 praesentium
541 1760 663 1794 tenore,
685 1754 855 1788 statuimus
889 1760 920 1788 et
952 1756 1039 1789 ordi-

288 1819 414 1843 namus.
830 1816 835 1820 “

329 1863 344 1907 ἒ
364 1863 415 1897 20.
435 1864 648 1897 Decernentes
678 1868 862 1907 praesentes
881 1862 989 1897 literas
1009 1869 1040 1898 et

285 1918 318 1951 in
337 1917 382 1951 cis
402 1922 568 1951 contentas
594 1917 811 1960 indulgentias
838 1922 868 1950 et
888 1924 1038 1961 peccato-

284 1983 357 2006 rum
374 1971 592 2012 remissiones,
610 1971 669 2005 sub
685 1971 850 2015 quibusvis
866 1973 1038 2006 revocatio-

284 2026 390 2067 nibus,
406 2026 671 2070 suspensionibus
692 2032 723 2059 et
746 2026 1038 2060 modificationibus

284 2080 437 2113 similium
457 2080 505 2113 vel
532 2079 734 2113 dissimilium
764 2080 1037 2123 indulgentiarum

285 2135 315 2164 et
334 2130 513 2169 literarum,
527 2130 623 2164 etiam
645 2141 702 2174 per
716 2141 774 2164 nos
789 2136 817 2163 et
835 2141 1038 2165 successores

284 2185 410 2213 nostros
421 2191 456 2212 ac
473 2179 689 2213 Cancellariae
701 2180 903 2224 Apostolicae
915 2182 1036 2225 regulis

284 2240 342 2273 pro
362 2234 507 2273 tempore
528 2229 630 2270 editis,
655 2229 750 2262 etiam
775 2230 808 2262 in
828 2230 969 2263 favorem
989 2232 1035 2264 fa-

283 2277 391 2311 bricae
410 2277 559 2311 basilicae
576 2278 732 2323 Principis
747 2280 975 2323 Apostolorum
999 2281 1037 2314 de

283 2327 395 2360 eadem
416 2327 499 2360 Urbe
525 2333 556 2360 et
571 2327 737 2361 Cruciatae
758 2328 907 2369 Sanctae,
931 2329 1037 2362 nulla-

284 2382 376 2410 tenus
396 2377 656 2422 comprehensas,
683 2378 738 2411 sed
763 2378 802 2411 ab
823 2378 885 2411 illis
905 2379 1037 2412 omuino

284 2432 432 2471 exceptas
452 2437 519 2460 esse
540 2432 571 2460 et
590 2427 724 2461 censeri.
747 2428 785 2461 Et
804 2428 848 2461 sic
870 2439 928 2472 per
942 2440 1037 2472 quos-

284 2487 424 2522 cumque
453 2476 587 2518 iudices,
619 2477 729 2521 quavis
744 2478 933 2512 auctoritate
963 2478 1035 2511 fun-

320 2540 330 2566 1
356 2541 483 2573 Condere,
501 2541 617 2568 Cherub.
632 2544 658 2568 et
674 2541 758 2577 Ripoll
775 2542 812 2579 (a.
830 2543 879 2579 T.)-

318 2586 334 2612 2
351 2585 406 2612 Hoc
422 2585 539 2621 intellige
555 2589 581 2613 et
597 2586 698 2621 absque
718 2595 787 2614 nova
811 2587 995 2623 aggregatione
1011 2591 1037 2615 et

283 2630 464 2663 concessione;
486 2631 546 2666 quia
565 2631 599 2658 ita
615 2631 760 2658 declaravit
776 2632 833 2659 Sac.
863 2632 1036 2668 Congregatio

283 2671 461 2700 cardinalium
473 2678 553 2708 super
565 2671 732 2707 indulgentiis
742 2671 784 2700 die
795 2681 832 2700 xv
844 2672 909 2701 febr.
919 2681 1033 2701 mncvur.

1729 242 1790 276 -279

1085 310 1213 347 gentes,
1253 305 1376 337 sublata
1414 303 1458 337 eis
1491 309 1521 336 et
1554 313 1666 336 eorum
1706 303 1835 337 cuilibet

1086 358 1196 401 quavis
1226 358 1319 391 aliter
1348 357 1509 391 iudicandi
1542 362 1572 389 et
1605 356 1834 400 interpretandi

1086 413 1234 445 facultate
1252 418 1282 445 et
1301 411 1503 451 auctoritate,
1522 409 1656 443 iudicari
1668 414 1698 442 et
1709 409 1834 442 definiri

1085 466 1214 507 debere,
1236 478 1272 499 ac
1293 466 1449 510 quidquid
1470 476 1563 498 secus
1585 463 1732 497 attentari
1758 474 1834 497 con-

1085 519 1201 562 tigerit,
1229 520 1355 553 irritum
1384 525 1414 553 et
1439 519 1545 552 inane.
1568 518 1631 551 Nee
1657 528 1721 551 non
1742 528 1834 561 prae-

1085 572 1223 606 sentium
1240 573 1461 617 transumptis,
1475 583 1573 605 manu
1589 571 1704 605 notarii
1715 571 1835 615 publici

1085 626 1272 670 subscriptis
1287 632 1318 660 et
1333 627 1436 669 sigillo
1451 626 1588 659 alicuius
1606 625 1716 658 curiae
1732 625 1833 658 eccle-

1085 679 1228 714 siasticae
1248 692 1304 714 scu
1331 692 1486 725 personae
1507 681 1538 713 in
1564 680 1715 723 dignitate
1736 680 1835 713 eccle-

1085 734 1208 767 siastica
1220 734 1410 767 constitutae
1427 734 1570 775 munitis,
1588 734 1734 767 eamdem
1747 744 1836 777 pror-

1084 799 1138 821 sus
1163 788 1277 829 fidem,
1304 789 1335 821 in
1358 789 1476 822 iudicio
1497 794 1526 821 et
1552 794 1655 828 extra,
1679 787 1834 821 adhiben-

1086 841 1159 873 dam
1181 843 1261 881 fore,
1284 853 1367 886 quae
1397 842 1516 875 eisdem
1538 841 1759 885 praesentibus
1777 841 1833 873 ad-

1085 894 1262 935 hiberetur,
1273 895 1298 927 si
1311 896 1413 927 forent
1424 894 1571 928 exhibitae
1582 895 1630 927 vel
1647 899 1792 928 ostensae.

1128 949 1142 992 ξ
1163 948 1216 981 -21,
1240 948 1397 987 Quocirca
1421 948 1656 982 venerabilibus
1685 948 1835 982 fratribus

1083 1002 1199 1035 nostris
1210 1002 1573 1045 universispatriarchis,
1586 1002 1836 1047 archiepiscopis

1084 1062 1112 1089 et
1133 1056 1301 1100 episcopis,
1323 1067 1359 1089 ac
1380 1055 1504 1089 dilectis
1524 1055 1598 1088 siliis
1617 1056 1784 1089 abbatibus
1807 1062 1837 1090 et

1083 1110 1154 1143 aliis
1188 1111 1334 1154 personis
1365 1110 1397 1142 in
1431 1109 1583 1153 dignitate
1622 1110 1836 1144 ecclesiastica

1084 1163 1280 1204 constitutis,
1311 1175 1437 1197 necnon
1466 1164 1787 1207 metropolitanarum
1808 1169 1838 1197 et

1083 1217 1219 1250 aliarum
1246 1218 1481 1251 cathedralium
1502 1217 1712 1251 ecclesiarum
1740 1229 1836 1252 cano-

1083 1271 1174 1311 nicis,
1206 1282 1241 1304 ac
1272 1272 1460 1305 eorumdem
1486 1271 1757 1316 patriarcharum,
1785 1283 1837 1305 ar-

1083 1324 1367 1369 chiepiscoporum
1397 1330 1427 1358 et
1451 1325 1679 1369 episcoporum
1712 1325 1838 1360 vicariis

1083 1379 1115 1411 in
1135 1379 1357 1422 spiritualibus
1377 1385 1407 1412 et
1428 1379 1618 1412 officialibus
1633 1380 1837 1423 generalibus

1082 1432 1215 1465 ubilibet
1247 1433 1445 1473 constitutis,
1473 1443 1531 1477 per
1558 1433 1733 1476 apostolica
1761 1434 1837 1467 scri-

1083 1491 1135 1529 pta
1156 1486 1346 1519 mandamus
1366 1492 1527 1529 quatenus
1548 1486 1607 1530 ipsi
1630 1487 1677 1520 vel
1698 1487 1762 1520 duo
1782 1494 1837 1521 aut.

1082 1549 1167 1572 unus
1187 1550 1313 1579 eorum,
1337 1551 1395 1584 per
1424 1551 1456 1573 se
1476 1541 1524 1573 vel
1544 1540 1644 1573 alium
1665 1551 1722 1574 seu
1742 1541 1833 1581 alios,

1082 1599 1267 1637 praesentes
1282 1594 1390 1626 literas
1408 1593 1485 1626 etin
1507 1593 1552 1627 eis
1575 1599 1725 1627 contenta
1751 1606 1836 1639 quae-

1082 1657 1235 1690 cumque,
1257 1647 1312 1680 ubi
1342 1653 1373 1680 et
1399 1647 1528 1691 quando
1557 1658 1640 1691 opus
1660 1648 1768 1689 fuerit,
1797 1660 1835 1682 ac

1081 1701 1207 1744 quoties
1234 1712 1291 1744 pro
1322 1707 1412 1745 parte
1437 1702 1636 1735 confratrum
1657 1703 1834 1736 confrater-

1081 1755 1187 1788 nitatis
1221 1755 1433 1789 Sacratissimi
1468 1755 1618 1800 Corporis
1651 1756 1768 1790 Christi
1801 1757 1833 1790 in

1081 1808 1217 1842 ecclesia
1238 1809 1276 1841 de
1296 1809 1434 1842 Minerva
1460 1809 1624 1843 institutae
1648 1803 1834 1844 huiusmodi

1081 1873 1139 1907 pro
1160 1869 1305 1907 tempore
1330 1863 1533 1896 existentium
1557 1863 1697 1907 desuper
1716 1864 1836 1898 suerint

1080 1917 1237 1960 requisiti,
1269 1918 1456 1951 solemniter
1481 1917 1697 1961 publicantes,
1726 1919 1836 1962 eisque

1081 1971 1112 2003 in
1134 1972 1318 2016 praemissis
1344 1972 1482 2005 efficacis
1515 1973 1712 2006 defensionis
1741 1985 1834 2018 prae-

1081 2021 1161 2055 sidio
1182 2022 1375 2061 assistentes,
1394 2022 1511 2055 faciant
1526 2028 1710 2066 praesentes
1728 2023 1836 2057 literas

1080 2077 1110 2104 ct
1131 2071 1163 2104 in
1183 2072 1228 2105 eis
1248 2076 1398 2105 contenta
1418 2071 1603 2104 huiusn‘iodi
1624 2072 1760 2105 firmiter
1780 2073 1834 2106 ob-

1079 2121 1210 2160 servari,
1238 2120 1389 2164 ipsosque
1416 2121 1593 2153 confratres
1618 2120 1681 2154 illis
1700 2122 1834 2165 pacifice

1079 2170 1232 2212 gaudere.
1260 2170 1329 2202 Non
1362 2170 1584 2215 permittentes
1610 2182 1665 2204 eos
1694 2171 1834 2216 desuper

1081 2232 1138 2263 per
1164 2231 1388 2264 quoscumque
1416 2226 1526 2253 contra
1548 2220 1764 2264 praesentium
1786 2228 1832 2256 te-

1080 2280 1192 2302 norem
1213 2269 1457 2314 quomodolibet
1476 2270 1649 2303 molestari.
1668 2269 1832 2304 Contradi-

1079 2324 1183 2352 ctores
1207 2319 1367 2364 quoslibet
1387 2326 1416 2352 et
1436 2320 1572 2353 rebelles
1598 2330 1655 2363 per
1679 2331 1832 2355 censuras

1079 2375 1106 2402 et
1118 2380 1238 2414 poenas
1258 2369 1498 2410 ecclesiasticas,
1517 2370 1731 2414 appellatione
1748 2376 1831 2414 post-

1079 2419 1192 2462 posita,
1211 2419 1456 2462 compescendo.
1471 2420 1515 2453 Ac
1535 2430 1758 2464 quoscumque
1774 2431 1830 2453 sua

1080 2469 1231 2502 interesse
1264 2474 1431 2512 putantes,
1469 2469 1564 2502 etiam
1598 2480 1656 2513 per
1689 2469 1829 2503 edictum

1080 2518 1246 2562 publicum
1267 2518 1346 2552 locis
1367 2518 1504 2562 publicis
1524 2519 1732 2561 affigendum,
1755 2530 1830 2552 con-

1079 2568 1151 2601 stilo
1163 2568 1336 2601 summarie
1355 2568 1393 2601 de
1413 2579 1494 2601 novo
1512 2567 1523 2590 1
1546 2573 1613 2601 tuto
1643 2568 1682 2601 ad
1702 2579 1756 2601 eos
1776 2580 1828 2602 ac-

1079 2629 1184 2658 cessu,
1203 2617 1340 2658 citando,
1353 2629 1388 2651 ac
1403 2617 1464 2651 illis
1480 2628 1607 2651 necnon
1621 2617 1829 2662 aliis‚quibus

1115 2673 1125 2698 l
1145 2673 1183 2698 De
1198 2680 1251 2699 non
1268 2676 1336 2699 tuto.-
1352 2671 1467 2700 Cherub.
1489 2675 1515 2699 et
1531 2670 1616 2707 Ripoll
1632 2672 1670 2705 (n.
1686 2671 1734 2707 τ.).

1850 254 1900 278 An.
1917 252 1945 278 C.
1966 250 2031 277 ¹530

1865 963 2036 991 anet-moresque

1851 998 1918 1016 ductae
1935 997 2036 1015 cunstitu-

1851 1028 1914 1048 tionis
1928 1027 2021 1054 deputam
