2227 3001
418 278 483 314 172

372 339 464 373 libris
489 344 664 381 annotare,
694 338 754 371 nisi
783 338 907 369 videant
936 333 1123 367 huiusmodi

373 392 626 438 supplicationes
658 391 841 434 registratas
864 400 919 421 seu
948 387 1121 432 expeditas;

372 450 403 480 et
434 456 529 490 saepe
557 446 711 479 labuntur
738 444 822 476 dicta
846 448 1010 485 tempora,
1034 446 1123 473 ante-

370 510 468 543 quam
495 499 583 543 ipsae
610 496 861 542 supplicationes
888 495 926 527 ad
952 495 1121 536 registrum

371 552 541 585 mittantur
560 562 616 585 seu
636 550 857 594 expediantur,
885 548 981 580 voluit
1009 552 1037 579 et
1067 547 1122 579 ‹le-

370 605 501 639 claravit
512 604 611 648 quod,
634 609 711 636 tunc
728 607 757 636 et
777 613 813 634 eo
831 612 919 640 casu,
942 601 1025 633 ‹lirta
1042 607 1122 632 tem-

370 668 461 702 pora,
484 668 501 690 a
521 657 571 690 die
596 667 660 700 quo
685 656 827 688 datarius
846 654 1032 687 huiusmodi
1049 664 1123 697 sup-

370 710 560 754 plicationes
579 709 617 741 ad
647 708 816 751 registrum
844 709 891 739 vat
920 707 1121 739 suuunistam

370 762 512 803 miserit,
534 761 716 806 computari
737 761 887 794 habeant:
910 760 993 792 diem
1016 765 1086 791 zum·
1112 758 1118 781 ¹

370 815 532 849 missionis
556 814 742 847 huiusmodi
769 814 807 846 (le
828 819 934 845 cetero
959 812 1120 845 annotabit

369 867 510 901 datarius
530 877 588 911 pro
609 871 754 910 tempore
785 866 815 897 in
850 865 937 897 calce
963 865 1123 907 supplica-

368 919 493 954 tionum
514 929 707 953 consensum
729 918 867 962 aliquem
886 917 1122 960 requirentium

368 984 426 1017 per
445 974 524 1006 haec
543 972 651 1012 verba,
673 972 832 1004 videlicet:
860 971 957 1003 Missa
979 971 1029 1002 ilic
1051 970 1118 1002 mli.

366 1026 406 1059 N.
425 1024 795 1069 Dataritts,·quaeverba
816 1023 912 1055 voluit
933 1022 971 1054 ad
994 1023 1121 1065 plenum

175 287 227 315 An.
243 286 273 314 C.
290 287 358 315 ¹155&

970 282 1149 307 nt'LLiimt'it
1174 281 1322 306 ROMANUM

1932 274 1973 304 A'n
2002 278 2031 305 C.
2050 277 2113 306 133&

1166 333 1261 365 missa
1283 334 1412 366 minime
1433 333 1550 367 attendi
1567 333 1691 371 tlt-beat,
1705 332 1912 375 ueculiquem

1165 386 1314 418 elliu-tum
1341 391 1502 429 operetur.

1209 438 1223 479 ξ
1243 439 1274 469 Γ).
1299 438 1443 480 Insuper,
1462 438 1809 480 intelligensSanctitas
1831 438 1912 474 Sua,
1956 448 2044 474 sumum
2067 448 2116 468 cte-

1164 489 1195 521 in
1231 490 1426 532 protectione
1459 501 1516 523 sua
1548 501 1657 523 versus
1686 490 1850 522 Massiliam
1886 495 1912 522 et
1929 478 2114 530 ¹¹}{¹‡‡,¹,ffif,‘‡‚⁶,²5⁰

1164 541 1300 575 durante
1324 543 1504 576 Sanctitatis
1513 543 1595 575 Suae
1611 542 1742 575 ahu-tw
1759 543 1913 582 nimmia,
1931 541 2054 592 '23:¹e‘³{‡2{
2066 543 2112 590 ¹²2³

1164 606 1201 628 ac
1217 606 1274 638 per
1289 596 1409 638 aliquot
1422 596 1488 629 dies
1508 602 1579 629 aute
1596 603 1623 628 et
1642 602 1727 639 po-t,
1746 595 1917 639 quamplu-
1930 579 2013 623 ionitae
2029 602 2054 622 ab
2076 599 2112 622 Ur·

1164 659 1215 681 res
1235 659 1411 682 consensus
1431 649 1526 682 fuisse
1548 650 1727 693 praestitos,
1750 649 1818 692 qui,
1842 659 1916 692 pro-
1931 634 1965 659 ¹³⁹³

1164 707 1235 744 pter
1254 702 1339 733 varia
1361 701 1601 745 impedimenta,
1625 702 1705 733 infra
1734 702 1815 734 dicta
1837 707 1917 733 tem-

1166 765 1255 798 pora,
1267 755 1353 794 iuxta
1365 755 1480 787 dietam
1498 754 1770 790 comtitutiouem,
1787 754 1817 786 in
1828 753 1919 786 libris

1165 807 1336 852 praedictis
1374 807 1519 840 annotari
1559 818 1621 839 non
1660 813 1846 850 potueruut,
1881 806 1918 838 ad

1163 861 1400 894 consulendum
1422 860 1622 893 indemnitati
1644 861 1796 903 partium,
1816 860 1866 891 dat
1890 866 1919 891 et

1164 914 1309 948 concedit
1330 913 1464 947 notariis
1482 912 1696 946 Canopum-'1:10
1719 919 1746 945 ct
1767 912 1919 945 Gamerae

1165 967 1335 1011 praedictis
1361 967 1523 999 licentiam
1555 972 1582 998 et
1617 965 1798 997 sstcultatem
1833 965 1919 1007 quod

1164 1030 1276 1052 omnes
1297 1029 1473 1052 consensus
1494 1029 1510 1050 a
1531 1018 1580 1050 die
1602 1028 1746 1051 recessus
1767 1017 1923 1050 Sanctita-

369 1078 594 1122 probationem
630 1077 790 1110 missionis
824 1076 1005 1120 praedictae
1034 1075 1122 1107 sutll-
1164 1072 1203 1105 tis
1223 1072 1305 1104 Suae
1325 1072 1364 1103 ab
1386 1071 1468 1105 Urbe
1488 1081 1599 1103 versus
1620 1070 1788 1102 Massiliam
1818 1080 1920 1113 usque

370 1142 456 1164 cere.

414 1184 428 1227 ἓ
447 1183 479 1218 3.
516 1184 684 1216 Praeterea
705 1184 800 1215 roluit
824 1183 909 1225 quod
932 1181 1060 1217 notarii,
1084 1181 1122 1213 de

180 1239 355 1290 Ὺξιξξὲἰζῑῑῖῗ
371 1237 489 1270 talibus
508 1236 718 1271 consensibus
738 1236 852 1279 rogati,
871 1236 901 1267 iu
918 1234 1122 1267 annotatione

169 1277 218 1322 itm.
240 1277 354 1326 vigeo-are
372 1290 503 1323 illorum
523 1290 555 1321 in
571 1290 663 1322 dictis
677 1289 767 1322 libris
786 1288 1124 1327 facienda,ten-fantur

169 1338 210 1352 Μ
226 1333 312 1352 ‘'cm‘'
372 1344 410 1375 tle
430 1342 481 1375 die
502 1342 663 1375 missionis
684 1340 881 1380 huiusmodi,
901 1340 980 1373 sicut
999 1339 1036 1372 de
1053 1340 1123 1372 (latu

371 1394 659 1439 supplicationum,
679 1403 860 1437 expressam
873 1393 1071 1425 mentionem
1083 1394 1123 1424 sa-

371 1458 457 1487 cere,
479 1453 526 1487 ut,
550 1447 600 1480 die
620 1446 846 1491 praestationis
862 1455 1078 1478 consensuum
1095 1451 1122 1477 et

370 1501 420 1533 die
450 1500 611 1533 missionis
639 1499 913 1543 supplicationum
937 1498 1124 1531 huiusmodi

370 1553 466 1585 simul
486 1552 617 1591 iunctis,
640 1563 675 1584 ex
692 1552 823 1584 illorum
840 1551 1039 1595 inspectione
1060 1551 1123 1583 evi—

370 1606 483 1639 denter
520 1610 695 1650 appareant
734 1604 793 1648 ipsi
834 1614 1008 1637 consensus
1043 1604 1124 1637 iufra

370 1664 517 1703 tempora
544 1658 707 1703 praedicta
735 1658 766 1690 in
796 1657 888 1690 dictis
909 1657 999 1689 libris
1023 1667 1123 1689 anno-

372 1712 439 1752 tati3
461 1716 490 1744 et
518 1711 634 1744 notarii
655 1710 800 1754 requisiti
821 1710 858 1743 de
875 1715 982 1743 cetero
1003 1710 1041 1741 ad
1066 1720 1124 1754 po-

372 1764 514 1797 nendum
534 1765 659 1809 aliquos
679 1774 855 1797 consensus
875 1764 905 1795 in
926 1762 1015 1796 libris
1037 1773 1125 1806 prae-

371 1817 479 1859 dictis,
503 1817 526 1850 si
549 1829 586 1850 ex
606 1816 805 1861 inspectione
827 1816 952 1849 dicrum
981 1820 1123 1859 praesta-

370 1870 467 1904 tionis
486 1880 703 1904 consensuum
725 1881 761 1903 ac
783 1869 943 1902 missionis
963 1870 1125 1912 supplica-

370 1924 494 1956 tionum
522 1923 657 1956 viderint
675 1922 759 1955 dicta
779 1928 940 1966 tempora,
964 1922 1001 1954 ad
1022 1923 1123 1955 adno-

372 1976 504 2009 tandum
519 1986 706 2016 consensus,
719 1980 751 2008 ut
764 1976 956 2018 praefertur,
971 1975 1120 2019 praefixa,

373 2040 440 2062 esse
460 2030 561 2074 lapsa,
584 2039 761 2063 consensus
780 2028 858 2062 tales
879 2028 911 2061 in
932 2028 1124 2061 dictislibris

373 2089 526 2116 annotare
544 2083 728 2116 nullatenus
748 2088 966 2125 praesumant,
980 2081 1039 2114 sub
1049 2093 1125 2126 poe-

374 2135 422 2168 nis
442 2135 474 2168 in
494 2135 578 2168 dicta
598 2134 696 2179 priori
715 2134 941 2167 constitutione
953 2135 1120 2168 contentis.

418 2187 432 2229 ξ
453 2187 483 2219 lt.
506 2187 719 2220 Nihilominus
739 2187 901 2219 annotatio
927 2186 964 2219 de
985 2187 1058 2227 illis,
1080 2188 1123 2220 sic

197 2247 360 2285 ‘'muana-‘ef
375 2245 461 2272 extra
493 2246 638 2284 tempora
671 2239 834 2283 praedicta
877 2250 936 2283 pro
979 2246 1124 2284 tempore

177 2285 214 2329 {2}
229 2281 474 2329 ss12221},''*'sacta‚
497 2288 621 2333 ipsique
643 2298 819 2321 consensus
848 2288 893 2322 sic
918 2289 1059 2322 annotati
1080 2289 1123 2321 vi-

374 2337 463 2370 ribus
496 2337 627 2372 omnino
661 2343 789 2369 careant
802 2363 809 2376 ⁷
839 2337 1026 2381 nulliusque
1064 2338 1125 2371 sint

374 2386 499 2419 roboris
523 2386 572 2418 vel
599 2385 774 2424 momenti;
804 2386 960 2418 narrativa
994 2396 1124 2429 quoque

373 2445 432 2478 per
457 2434 590 2468 verbum
621 2434 723 2467 Hodie
751 2435 796 2467 vel
825 2434 932 2476 Nuper
958 2434 990 2467 in
1026 2435 1125 2469 literis

374 2483 577 2527 apostolicis,
612 2493 710 2527 super
745 2482 886 2516 materiis
913 2482 952 2515 ad
985 2492 1123 2527 quarum

373 2532 608 2575 expeditionem
620 2542 795 2566 consensus
805 2531 920 2576 aliquis
934 2531 1122 2576 requiritur,

373 2592 434 2625 pro
445 2588 589 2625 tempore
599 2581 762 2626 expeditis,
775 2580 887 2625 posita,
907 2588 1019 2614 contra
1033 2591 1124 2625 prac-

413 2648 422 2674 t
441 2648 519 2674 Forte
539 2647 679 2683 legendum
697 2652 784 2675 uate-m
804 2648 842 2682 (u.
861 2647 913 2682 r).

1144 1411 1146 1423 t

1143 1583 1146 1613 Ι

1164 1125 1202 1157 ad
1223 1125 1291 1157 eius
1311 1124 1343 1156 in
1365 1123 1482 1156 Urbem
1505 1123 1629 1155 Felicem
1653 1122 1811 1161 reditum,
1835 1122 1920 1155 vide-

1164 1178 1237 1211 licet
1256 1177 1332 1209 adie
1349 1187 1436 1209 nono
1453 1176 1643 1220 septembris
1662 1186 1763 1219 usque
1780 1175 1817 1207 ad
1834 1175 1919 1208 diem

1165 1229 1326 1263 decimum
1348 1229 1528 1262 decembris
1549 1229 1624 1261 anni
1646 1228 1808 1261 millesimi
1828 1229 1922 1272 quln-

1165 1282 1332 1326 gentesimi
1354 1281 1510 1324 trigesimi
1529 1280 1625 1320 tertii,
1649 1292 1683 1313 ac
1705 1291 1763 1325 per
1783 1280 1920 1325 quinde-

1166 1336 1227 1369 cim
1253 1335 1320 1368 dics
1340 1340 1412 1368 ante
1433 1345 1610 1373 recessum,
1634 1339 1664 1367 et
1685 1333 1764 1366 alios
1783 1334 1922 1378 quinde-

1166 1388 1228 1422 cim
1248 1388 1314 1421 dies
1335 1394 1406 1432 post
1426 1387 1564 1421 reditum
1580 1387 1767 1420 huiusmodi
1783 1387 1919 1431 praesti-

1165 1447 1225 1482 tos,
1262 1441 1293 1474 in
1314 1440 1404 1474 libris
1438 1440 1620 1484 praedictis,
1644 1450 1702 1484 pro
1736 1439 1922 1474 absentibus

1167 1495 1246 1527 intra
1281 1500 1345 1527 tres
1378 1504 1517 1532 menses,
1540 1499 1571 1526 et
1602 1503 1662 1537 pro
1698 1493 1922 1536 praesentibus

1166 1548 1247 1581 infra
1273 1546 1457 1591 quindecim
1487 1546 1554 1580 dies
1580 1557 1597 1578 a
1617 1545 1667 1578 die
1695 1545 1922 1590 publicationis

1166 1600 1342 1644 praesentis
1357 1599 1594 1633 constitutionis
1605 1598 1849 1643 computandos,
1864 1610 1921 1632 an-

1166 1659 1277 1686 notare
1298 1653 1420 1697 possint
1453 1658 1483 1685 et
1510 1652 1651 1692 valeant3
1687 1662 1814 1685 necnon
1842 1663 1920 1686 con-

1167 1716 1281 1739 sensus
1297 1704 1485 1739 huiusmodi
1495 1704 1541 1738 sic
1554 1704 1767 1745 annotandos,
1779 1715 1814 1738 ac
1825 1705 1920 1739 etiam

1166 1759 1204 1792 de
1225 1758 1375 1792 mandato
1402 1757 1583 1792 Sanctitatis
1617 1757 1698 1791 Suae
1732 1758 1777 1790 vel
1809 1758 1920 1791 datarii

1166 1812 1214 1846 sui
1234 1811 1298 1845 iam
1318 1817 1500 1852 annotatos,
1527 1811 1559 1844 in
1587 1810 1737 1844 omnibus
1761 1811 1865 1844 valere
1890 1816 1921 1844 et

1164 1865 1284 1898 validos
1304 1876 1393 1906 esse,
1414 1864 1547 1909 perinde
1567 1875 1604 1898 ac
1624 1863 1649 1898 si
1669 1864 1752 1898 iufra
1775 1870 1919 1908 tempora

1165 1917 1267 1952 dictae
1295 1917 1412 1962 prioris
1431 1916 1667 1952 constitutionis
1687 1916 1717 1948 in
1739 1916 1857 1950 eisdem
1878 1917 1917 1949 li-

1165 1971 1230 2005 bris
1250 1970 1393 2005 annotati
1412 1971 1558 2005 fuissent.

1209 2025 1224 2068 g
1244 2024 1272 2058 6.
1297 2025 1479 2058 Decernens
1497 2023 1543 2057 sic
1558 2033 1616 2068 per
1627 2033 1850 2067 quoscumque
1866 2024 1915 2057 iu·
1944 2033 2020 2062 sicque
2035 2035 2055 2057 tn
2069 2042 2115 2063 per-

1165 2077 1251 2110 dices
1270 2083 1301 2110 et
1320 2076 1557 2110 commissarios
1571 2103 1578 2116 ,
1600 2076 1708 2119 quavis
1728 2076 1916 2111 auctoritate
1931 2068 2092 2124 ζ’,ᾗωυῖζζζξζζξξ
2101 2078 2115 2084 “

1165 2131 1352 2173 sungentes,
1374 2130 1407 2162 in
1434 2129 1598 2173 quibusvis
1631 2130 1735 2162 causis
1768 2129 1862 2164 motis
1887 2136 1917 2164 ct

1166 2183 1330 2217 movendis
1343 2209 1350 2223 ,
1385 2193 1422 2216 ac
1450 2182 1545 2215 etiam
1578 2193 1636 2226 per
1669 2182 1916 2226 appellationem

1165 2237 1272 2270 adbuc
1286 2235 1501 2281 pendentibus
1516 2235 1721 2278 interpretari
1736 2241 1765 2269 et
1781 2235 1918 2270 iudicari

1165 2289 1302 2329 debere,
1325 2299 1361 2322 ac
1393 2287 1522 2322 irritum
1555 2292 1626 2328 etc„
1656 2289 1679 2321 si
1716 2299 1811 2322 secus
1841 2289 1915 2330 fiat,

1165 2342 1265 2386 priori
1285 2340 1512 2374 constitutione
1532 2340 1694 2384 praedicta
1716 2351 1789 2375 cum
1806 2341 1918 2385 poenis

1166 2395 1198 2427 in
1217 2405 1254 2427 ea
1274 2393 1405 2428 adiectis
1424 2393 1503 2426 alias
1523 2393 1554 2425 in
1575 2403 1633 2426 suo
1652 2393 1768 2427 robore
1790 2404 1916 2438 perma-

1165 2448 1327 2482 uentibus.

1208 2501 1327 2542 Placet,
1349 2507 1380 2534 et
1398 2500 1583 2545 publicetur
1603 2507 1633 2534 et
1655 2501 1866 2535 describatur.
1889 2501 1913 2535 1.
