2227 3001
56 267 102 294 An.
120 267 149 293 C.
169 267 235 292 1552

891 265 991 289 ῙΓΗΙΤ.ε
1016 266 1047 288 ῙΗ
1076 265 1120 287 Pr.

250 320 393 360 taidellis,
421 318 547 352 nunciis
577 324 604 351 et
635 317 704 351 aliis
735 318 925 351 officialibus
964 330 998 349 n«-

250 374 405 418 personis,
428 383 553 406 necnon
571 372 724 405 membris
745 377 772 405 et
795 372 945 411 subditis,
969 372 998 404 in

249 438 383 470 genere,
406 432 469 460 tam
496 425 671 470 apostolica
700 437 796 469 quam
831 426 907 458 alias
941 425 999 458 rite

250 480 409 525 imperiali
429 485 457 513 et
474 479 560 522 regia
577 479 834 519 auctoritatibus,
852 484 907 511 aut
924 479 1000 511 alias

248 533 490 577 quomodolibet
509 532 668 565 concessis
685 544 739 566 seu
756 532 896 575 legitime
910 543 1000 576 prae-

249 587 394 631 scriptis,
426 598 462 619 ac
490 587 702 629 imposterum
732 586 946 619 concedendis
971 590 998 617 et

250 640 522 686 praescribendis,
557 652 592 672 ae
626 640 744 684 quibus
782 640 853 672 illae
888 645 918 672 ct
956 638 999 671 illi

250 700 404 735 utuntur,
434 694 603 738 potiuntur
632 700 662 727 et
688 693 847 737 gaudent,
869 704 906 726 ac
932 692 997 730 uti,

248 748 345 793 potiri
370 753 401 781 et
425 748 565 792 gaudere
585 752 736 792 poterunt
758 746 998 790 quomodolibet

248 802 280 835 in
300 802 457 842 futurum,
469 802 529 842 uti,
541 801 638 846 potiri
655 807 686 834 et
700 801 851 845 gaudere.
870 800 999 833 Necnon

248 855 303 901 qui
323 855 355 888 in
375 856 485 900 quavis
510 856 571 889 alia
595 854 805 888 Universitate
825 853 1001 897 disciplinis

249 915 280 944 et
306 910 511 944 facultatibus
542 909 714 954 praedictis
755 909 882 942 studere
913 908 1000 941 ince-

249 963 366 1008 perint,
385 963 527 997 studium
544 974 639 997 suurn
655 963 687 996 in
703 973 739 996 ea
755 962 958 1000 continuare,
972 966 1000 994 et

248 1017 303 1062 qui
328 1018 361 1050 in
388 1017 471 1050 dicta
500 1017 544 1050 sic
573 1022 680 1050 erecta
715 1021 770 1049 aut
803 1015 912 1059 quavis
941 1015 1001 1047 alia

248 1070 456 1104 Universitate
467 1081 524 1115 per
534 1076 662 1114 tempus
673 1069 816 1103 debitum
832 1068 1001 1107 studuisse,

248 1134 286 1158 ac
305 1124 438 1158 scientia
463 1130 493 1158 et
521 1123 665 1157 moribus
694 1122 799 1156 idonei
825 1133 893 1155 esse
913 1132 1001 1155 com-

249 1178 332 1223 perti
357 1178 495 1219 suerint,
527 1178 560 1211 in
587 1177 710 1211 artibus
736 1181 766 1210 et
799 1175 1003 1220 philosophia

249 1242 286 1266 ac
305 1232 467 1275 theologia
482 1237 512 1265 et
528 1230 663 1271 iuribus,
682 1239 808 1263 necnon
825 1228 954 1273 physica
974 1234 1003 1262 et

250 1285 410 1319 medicina
439 1296 476 1318 ac
505 1284 575 1318 aliis
603 1283 780 1327 disciplinis
807 1288 837 1316 et
869 1282 1003 1316 faculta-

249 1339 334 1373 tibus
345 1339 810 1383 praedictis,baccalaureatus,
827 1336 920 1371 etiam
939 1337 1003 1369 sor-

249 1393 337 1434 mati,
358 1399 389 1427 et
414 1393 636 1427 licentiaturae
668 1403 704 1425 ac
732 1393 851 1425 laureae
877 1401 1003 1424 necnon

250 1447 438 1482 doctoratus
457 1459 494 1482 ac
515 1447 689 1492 magisterii
719 1452 747 1479 et
776 1445 904 1491 quosvis
924 1445 1003 1478 alios
1025 1467 1027 1500 ν

250 1502 360 1535 solitos
374 1502 502 1545 gradus,
518 1512 535 1534 a
553 1501 693 1544 praefato
710 1500 832 1533 Othone
853 1497 1004 1532 cardinali

251 1562 282 1590 et
301 1566 359 1600 pro
381 1561 526 1599 tempore
547 1553 690 1588 existenti
717 1553 869 1586 ecclesiae
898 1554 1005 1595 Augu-

253 1616 360 1644 stauae
395 1609 541 1653 praesule
561 1619 617 1641 seu
652 1607 926 1646 administratore,
950 1618 1005 1639 seu
1026 1626 1028 1664 ὁ

252 1663 480 1700 scientiarum,
505 1662 535 1694 in
562 1661 679 1704 quibus
711 1660 918 1704 promovendi
949 1665 1027 1703 pro'

251 1724 397 1762 tempore
432 1716 629 1755 studuerint,
654 1715 828 1749 lectoribus
856 1721 910 1747 aut
937 1714 1007 1747 aliis

252 1773 410 1818 personis,
434 1782 492 1816 per
512 1772 660 1803 eumdem
683 1770 839 1803 Othonem
863 1769 1006 1803 czu'dina-
1026 1800 1028 1802 ,

253 1828 315 1862 lem
339 1827 376 1860 ad
397 1833 525 1870 tempus
549 1826 596 1858 vel
625 1826 655 1858 in
686 1830 878 1869 perpetuum
905 1825 1006 1868 depu-
1026 1818 1028 1824 ’

254 1881 357 1915 tandis
378 1886 408 1914 et
428 1880 659 1914 constituendis
673 1907 680 1918 ,
703 1879 837 1922 aliisque
863 1879 956 1912 modo
978 1884 1005 1912 et

253 1936 357 1969 forma
380 1946 435 1978 per
455 1934 559 1978 ipsum
581 1933 767 1973 statuendis,
800 1933 955 1976 recipnre,
978 1937 1005 1965 et

254 1990 398 2034 ipsorum
421 1988 578 2031 graduum
602 1987 693 2020 solita
715 1987 849 2029 insignia
867 1986 924 2018 sihi
947 1985 1007 2018 exi-

253 2043 321 2077 beri
343 2042 458 2075 sacere.
491 2042 526 2075 Et
553 2048 722 2085 postquam
751 2040 868 2083 gradus
894 2040 1006 2072 huius-
1027 2040 1028 2055 ³

255 2096 342 2131 modi
364 2095 546 2140 receperint
566 2100 596 2128 et
617 2095 747 2127 illorum
778 2093 913 2135 insignia
939 2093 1004 2132 eis,

255 2156 290 2183 ut
311 2149 502 2194 praefertur,
523 2148 662 2182 exhibita
683 2147 812 2184 suerint,
831 2147 1007 2185 facultates,

256 2203 288 2237 in
309 2202 427 2247 quibus
455 2202 595 2247 promoti
619 2201 757 2241 fuerint,
781 2201 887 2243 legere
907 2205 938 2233 et
957 2199 1007 2233 in-

255 2256 440 2301 terpretari,
470 2267 507 2290 ac
535 2256 568 2289 in
599 2256 643 2289 eis
675 2255 858 2299 disputare3
881 2264 1008 2287 necnon

255 2321 480 2355 quoscumque
513 2316 624 2350 actus,
647 2309 760 2353 gradui
781 2319 836 2342 seu
857 2307 1009 2351 gradibus

256 2375 315 2410 per
343 2375 398 2398 eos
424 2363 562 2408 receptis
581 2362 816 2403 convenientes,
844 2373 1006 2401 exercere,

256 2418 392 2461 aliisque
417 2417 567 2451 omnibus
591 2423 622 2451 et
657 2416 790 2460 singulis
816 2415 1006 2460 privilegiis,

256 2471 378 2516 gratiis,
393 2471 564 2511 favoribus,
580 2470 807 2514 praerogativis
827 2475 857 2503 et
876 2469 1009 2502 indultis

256 2521 376 2565 quihus
408 2520 461 2553 alii
498 2520 530 2552 in
557 2519 751 2553 Bononiensi
783 2525 813 2552 et
838 2517 1008 2551 Parisiensi

257 2580 294 2603 ac
328 2569 397 2603 aliis
421 2568 684 2602 Universitatihus
718 2568 900 2613 praedictis,
923 2567 1009 2600 iuxta

258 2618 387 2652 illarum
415 2618 658 2652 constitutiones
683 2623 713 2651 et
742 2628 859 2657 mores,
883 2616 920 2649 ad
937 2626 1008 2659 gra-

259 2669 319 2702 dus
350 2668 436 2712 ipsos
458 2668 617 2712 promoti,
642 2668 681 2701 de
704 2667 775 2701 iure
800 2667 846 2700 vel
878 2675 1010 2700 consue-

340 2722 413 2753 Bull.
431 2722 506 2752 Rom.
540 2722 594 2751 Vol.
617 2722 659 2751 vl.
830 2720 867 2750 58

1684 250 1745 284 457

1042 317 1151 349 tudine·
1189 320 1242 348 aut
1277 314 1354 348 alias
1389 318 1536 349 utuntur,
1570 314 1738 357 potiuntur
1763 319 1789 346 et

1041 371 1195 414 gaudent,
1219 381 1255 403 ac
1276 369 1342 407 uti,
1366 367 1462 413 potiri
1487 372 1517 400 ct
1541 367 1681 410 gaudere
1702 372 1791 411 pote-

1042 431 1127 464 runt,
1151 429 1183 456 ut
1205 424 1404 467 praefertur,
1427 420 1669 464 quomodolibet
1689 421 1720 453 in
1742 421 1792 453 su-

1042 483 1164 515 turum,
1187 477 1246 516 uti,
1268 476 1364 520 potiri
1386 481 1417 508 ct
1436 475 1575 518 gaudere
1596 474 1696 507 libere
1713 479 1743 507 et
1758 474 1792 506 li-

1042 532 1103 565 cite
1130 532 1254 564 valeant
1280 531 1311 562 in
1345 530 1495 562 omnibus
1523 534 1554 561 ct
1578 539 1635 572 per
1664 528 1790 565 omnia,

1043 585 1174 629 perinde
1194 595 1230 617 ac
1251 584 1275 617 si
1296 584 1413 626 gradus
1433 581 1619 615 huiusmodi
1639 581 1671 614 in
1691 581 1794 614 Bono-

1043 638 1143 671 niensi
1160 643 1186 671 et
1199 637 1370 670 Parisiensi
1386 638 1432 670 vel
1447 636 1516 669 aliis
1531 634 1794 668 Universitatibus

1044 692 1224 735 praedictis,
1251 691 1336 723 iuxta
1360 691 1488 723 illarum
1505 689 1749 723 constitutiones
1764 694 1791 721 et

1043 756 1148 778 mores
1168 744 1368 784 huiusmodi,
1388 744 1614 787 suscepissent.

1086 800 1100 843 ξ
1125 800 1155 833 5.
1182 799 1314 831 Necnon
1340 798 1442 831 eidem
1459 797 1575 831 Othoni
1591 796 1745 830 cardinali
1765 801 1796 829 et

1044 863 1100 897 pro
1117 858 1262 896 tempore
1278 851 1422 884 existenti
1438 850 1579 894 praesuli
1592 861 1647 884 seu
1658 850 1794 883 admini-

1044 906 1171 939 stratori
1197 905 1299 938 dictae
1324 905 1479 938 ecclesiae
1504 905 1708 947 Augustanae
1733 905 1794 937 hu-

1044 959 1195 999 iusmodi,
1214 959 1312 1001 quod,
1332 968 1389 1001 pro
1406 957 1527 991 salubri
1548 957 1650 990 dictae
1672 962 1795 991 erectae

1044 1012 1260 1047 Universitatis
1285 1012 1460 1045 directione
1483 1017 1514 1044 et
1537 1012 1793 1052 conservatione,

1044 1073 1099 1101 aut
1122 1072 1302 1106 rectorum,
1328 1066 1577 1109 magistrorum,
1605 1066 1794 1103 doctorum,

1044 1122 1215 1160 lectorum,
1243 1124 1508 1164 praeceptorum,
1531 1124 1794 1163 procuratorum,

1044 1174 1258 1214 bidellorum,
1286 1173 1482 1206 nunciorum
1508 1178 1539 1205 et
1563 1173 1702 1206 aliorum
1727 1172 1796 1205 offi-

1045 1227 1175 1261 cialium
1192 1227 1411 1260 Universitatis
1426 1226 1612 1260 huiusmodi
1627 1226 1796 1265 electione,

1046 1281 1286 1320 nominatione,
1312 1281 1512 1314 institutione
1546 1285 1577 1313 et
1601 1280 1712 1324 quavis
1736 1280 1798 1313 alia

1047 1335 1227 1380 provisione
1259 1341 1290 1369 et
1313 1335 1509 1369 scholarium
1535 1334 1796 1374 manutentione,

1046 1400 1271 1434 quaecumque
1296 1395 1411 1422 statuta
1431 1395 1462 1422 et
1476 1388 1694 1421 ordinationes
1713 1387 1800 1421 licita

1047 1449 1076 1476 et
1096 1445 1230 1477 honesta
1254 1455 1291 1477 ac
1316 1443 1415 1477 sacris
1436 1442 1616 1476 canonibus
1639 1451 1704 1474 non
1725 1452 1800 1475 con-

1047 1498 1143 1531 traria
1175 1497 1279 1531 facere
1317 1503 1347 1530 et
1379 1497 1473 1531 edere
1504 1507 1557 1537 ac,
1585 1507 1643 1541 pro
1669 1506 1797 1535 rerum,

1047 1558 1230 1596 temporum
1258 1556 1288 1584 et
1312 1561 1523 1596 personarum
1550 1550 1715 1594 qualitate,
1733 1560 1802 1583 mu-

1047 1612 1127 1645 tare,
1155 1604 1317 1647 corrigere
1342 1610 1372 1638 et
1393 1604 1568 1638 reformare
1589 1615 1644 1637 seu
1666 1604 1720 1637 illa
1736 1614 1802 1637 cas-

1049 1671 1130 1699 sare,
1149 1665 1179 1692 et
1203 1660 1264 1692 alia
1288 1659 1325 1692 de
1347 1669 1427 1692 novo
1449 1658 1629 1703 providere,
1648 1669 1683 1692 ac
1704 1669 1802 1703 super

1048 1714 1179 1747 illorum
1201 1713 1422 1747 observatione
1438 1724 1661 1758 quascumque
1682 1723 1802 1758 poenas

1049 1769 1235 1812 imponere,
1262 1778 1357 1811 quae,
1378 1773 1546 1810 postquam
1570 1767 1669 1807 sacta,
1697 1768 1800 1808 edita,

1049 1829 1190 1862 mutata,
1218 1827 1363 1855 correcta
1402 1827 1431 1854 et
1467 1822 1638 1855 reformata
1674 1833 1729 1856 seu
1764 1822 1803 1856 de

1049 1888 1130 1911 novo
1156 1876 1283 1910 condita
1310 1875 1439 1915 fuerint,
1467 1886 1504 1909 eo
1533 1876 1600 1919 ipso
1625 1877 1803 1920 apostolica

1049 1931 1239 1965 auctoritate
1274 1929 1434 1973 praedica
1469 1929 1658 1962 confirmata
1692 1936 1721 1963 et
1748 1942 1803 1975 „ip—

1050 1986 1182 2029 prohata
1221 1995 1287 2018 esse
1327 1983 1462 2017 censeri.
1491 1984 1526 2016 Et
1565 1984 1651 2016 iuxta
1690 1995 1803 2018 eorum

1049 2039 1303 2083 dispositionem,
1323 2037 1446 2071 sublata
1468 2036 1577 2080 quavis
1601 2036 1696 2071 aliter
1720 2038 1803 2071 iudi-

1027 2084 1029 2120 i
1050 2093 1143 2127 candi
1164 2093 1324 2131 facultate,
1341 2091 1477 2124 iudicari
1498 2090 1633 2131 dehere2
1657 2102 1693 2125 ac
1714 2091 1804 2136 quid-

1049 2147 1126 2191 quid
1151 2156 1243 2180 secus
1269 2156 1366 2190 super
1391 2145 1439 2178 his
1459 2156 1476 2178 a
1496 2156 1674 2189 quoquam,
1694 2145 1804 2189 quavis

1050 2200 1252 2240 auctoritate,
1279 2199 1417 2233 scienter
1436 2199 1483 2233 vel
1503 2199 1701 2243 ignoranter,
1725 2210 1803 2234 con-

1049 2254 1155 2299 tigerit
1179 2253 1340 2294 attentari,
1368 2253 1493 2288 irritum
1520 2258 1551 2287 et
1575 2253 1670 2288 inane
1690 2254 1804 2288 decer·

1050 2309 1168 2343 nimus.

1094 2363 1109 2407 ξ
1138 2362 1168 2397 6.
1196 2363 1327 2396 Necnon
1352 2360 1467 2396 Othoni
1506 2361 1661 2395 cardinali
1701 2361 1802 2405 quod,

1050 2428 1108 2461 per
1131 2428 1164 2450 se
1179 2417 1227 2449 vel
1252 2426 1347 2449 suum
1368 2415 1400 2448 in
1424 2414 1646 2459 spiritualibus
1667 2415 1699 2448 in
1720 2414 1803 2448 dicta

1050 2471 1185 2504 ecclesia
1214 2471 1397 2512 Augustana
1430 2469 1583 2502 vicarium
1605 2469 1800 2512 generalem,

1051 2521 1083 2553 in
1100 2521 1200 2564 ipsius
1211 2519 1428 2553 Universitatis
1444 2525 1616 2558 rectorem,
1633 2529 1670 2551 ac
1691 2529 1802 2551 omnes

1051 2576 1081 2604 et
1105 2569 1248 2612 singulos
1264 2569 1445 2612 magistros,
1464 2569 1623 2607 doctores,
1651 2568 1799 2608 lectores,

1051 2625 1275 2664 praeceptores
1292 2646 1299 2659 ,
1334 2618 1496 2652 scholares
1514 2644 1521 2658 ,
1554 2622 1799 2661 procuratores,

1050 2669 1202 2707 bidellos,
1238 2667 1375 2701 nuncios
1408 2672 1438 2701 et
1476 2667 1554 2701 alios
1583 2666 1735 2700 officiales
1765 2675 1802 2700 ac

1809 259 1856 285 An.
1876 260 1903 285 C.
1925 259 1990 285 1:552

1840 807 1937 832 ,tiu-hiep.
1956 806 1997 827 Au-

1811 841 1899 864 gustino
1950 838 1997 857 data

1811 869 1899 889 infinitas
1942 875 1995 889 cun-

1811 901 1873 922 deuii
1911 903 1996 923 statuta,

1812 936 1829 953 et
1848 938 1910 958 super
1922 937 1993 951 eorum

1812 963 1947 984 observantia
1964 964 1996 982 iu-

1812 995 1918 1019 vigilandi.

1852 2371 1902 2393 nata
1920 2378 2002 2400 quoqu·

1819 2407 1914 2431 potestas
1938 2411 2002 2431 super

1818 2436 1888 2455 omni-1
1908 2433 2001 2456 Univer-

1818 2467 1887 2487 siit-its
1901 2467 2002 2488 membru.
