2227 3001
225 250 272 273 Aa.
292 248 319 274 c.
342 249 405 274 κω
465 236 527 271 524
1014 243 1191 268 minucii

236 305 359 326 S³nt¹⁰r¹¹¹¹¹
378 306 405 326 fe·
423 302 507 342 resi,
530 301 683 344 quosdam.
700 306 851 344 martyres
871 305 898 331 et
920 299 1076 343 quosdam
1093 309 1169 330 cou-
1190 310 1194 339 ζ

224 340 256 356 sta
271 337 307 356 sub
324 338 356 357 die
368 343 407 357 eu-

1216 242 1365 265 noussen

1213 295 1283 328 silio
1294 299 1321 328 ct
1334 293 1478 326 unanimi
1489 303 1648 327 consensu
1656 292 1854 327 festivitatem
1863 292 1964 337 ipsam

224 373 268 387 sum
284 369 355 388 morit,
371 374 407 389 ee*
421 356 657 398 scssores,quos
679 365 734 398 per
753 353 827 385 anni
848 352 1031 389 circuitum,
1055 352 1118 389 die,
1137 357 1170 384 ut
1190 350 1192 367 ¹
1214 348 1316 392 pridie
1342 358 1443 380 nonas
1462 347 1590 390 augusti
1610 347 1745 390 singulis
1764 346 1868 387 annis,
1891 358 1965 391 per-

223 398 323 418 lentanda
351 402 406 419 suut.

420 473 512 505 grase
533 462 676 504 contigit,
695 465 803 494 saneta
824 465 994 492 veneratur
1008 459 1168 493 universa·
1191 461 1193 501 ζ

422 516 457 548 lis
477 516 629 552 Ecclesia,
645 521 677 547 ut
698 514 921 547 christifideles
941 524 1053 547 eorum
1074 524 1169 547 vene-

421 571 532 602 rationi
560 580 615 613 per
640 568 827 601 exercitium
848 567 1008 600 bonorum
1034 578 1170 611 operum
1191 582 1194 617 ’1

421 410 609 453 plurimum,
629 419 692 452 qua
712 418 766 440 eos
781 407 818 439 ad
840 405 989 439 coelestia
1004 406 1171 449 regnami-
1213 401 1445 446 petuisl'uturis
1455 400 1665 444 temporibus,
1675 400 1707 433 in
1717 399 1967 434 universisorbis

1213 454 1374 495 ecclesiis,
1403 453 1463 486 sub
1493 453 1617 497 duplici
1645 453 1750 486 officio
1780 453 1967 487 solemniter

1213 508 1370 541 celebrari
1378 507 1537 547 volumus,
1546 507 1715 540 statuimus
1724 513 1754 541 et
1761 508 1963 541 mandamus.

1257 563 1271 605 ᾗ
1298 562 1329 595 3.
1362 561 1494 595 Necnon
1513 560 1552 593 de
1573 560 1803 603 omnipotentis
1828 561 1884 594 Dei
1905 562 1965 594 ini—

419 629 575 662 vacantes,
598 623 656 666 piis
676 627 748 654 ante
765 622 918 654 thronum
935 621 1058 654 divinae
1079 621 1167 654 Maie-
1191 625 1194 667 ί
1213 615 1400 655 sericordiss,
1418 626 1455 648 ²1ss
1471 614 1641 647 beatorum
1657 615 1880 657 apostolorum
1896 616 1966 648 &ills

418 677 506 710 statis
517 687 630 710 eorum
655 675 811 718 suffragiis
830 674 984 712 adiuvari.
1006 679 1037 708 et
1056 675 1169 708 exinde
1191 670 1193 696 'v

419 731 481 763 Deo
498 729 646 774 propitio,
659 729 753 761 vitani
765 733 929 761 aeternam
950 727 1075 762 facilius
1096 740 1171 762 con—

419 784 508 827 sequi
528 784 663 817 valeant.

462 838 477 880 §
496 837 528 870 1.
552 837 668 870 Verum
689 847 764 870 cum
785 837 846 869 hoc
867 836 899 868 in
919 835 1034 868 eximio
1055 835 1170 868 Christi

419 891 601 925 consessore
621 891 800 931 Dominico‚
823 890 879 933 qui
899 895 1009 923 octavo
1030 890 1102 923 idus
1117 901 1171 922 au-

417 945 501 988 gusti
521 944 664 987 migravit
685 945 725 978 ad
744 944 928 983 Dominum,
946 954 1011 977 non
1027 943 1172 976 observe-

418 1005 480 1040 tur,
493 999 674 1043 quinimmo
694 999 763 1032 eius
782 998 939 1031 memoria
959 998 1053 1031 nonis
1072 1009 1172 1042 augu-

418 1055 466 1095 sti,
482 1065 545 1098 qua
561 1055 612 1088 die
633 1059 663 1088 et
682 1054 798 1087 festum
818 1053 937 1086 Beatae'
952 1053 1068 1086 Mariae
1084 1064 1101 1086 a
1117 1054 1171 1086 Ni-

417 1109 522 1149 vibus,
551 1119 633 1153 quae
654 1119 691 1142 ea
710 1107 760 1140 die
780 1107 819 1140 de
839 1107 930 1140 coelo
955 1107 1009 1140 hic
1034 1107 1065 1140 in
1087 1107 1170 1141 Urbe

418 1163 449 1196 in
469 1174 505 1196 ea
527 1162 643 1196 montis
658 1161 819 1206 Exquilini
838 1165 940 1204 parte,
963 1160 995 1194 in
1011 1172 1074 1205 qua
1084 1173 1170 1195 nunc

417 1212 572 1256 templum
597 1212 741 1245 eiusdem
770 1211 885 1244 Beatae
904 1210 1020 1243 Mariae
1045 1211 1172 1244 Maioris

416 1262 543 1303 visitur,
565 1263 690 1296 volente
710 1260 862 1301 Domino,
885 1259 1089 1301 ceciderunt,
1112 1261 1171 1294 sub

416 1311 522 1346 officio
543 1311 665 1355 duplici
695 1310 916 1351 celebramus,
948 1310 1056 1342 forsan
1076 1321 1113 1343 ex
1133 1321 1171 1343 eo

415 1361 502 1406 quod
523 1361 590 1404 ipsa
612 1360 661 1393 die
682 1365 792 1393 octavo
814 1359 886 1392 idus
910 1358 1037 1401 augusti
1058 1359 1172 1392 Trans-

416 1410 641 1453 figuratiouem
662 1407 788 1442 Domini
809 1414 839 1441 et
866 1407 1093 1451 Redemptoris
1113 1418 1171 1440 no-

416 1460 470 1493 stri
491 1460 561 1493 Iesu
582 1458 698 1492 Christi
724 1458 782 1490 sub
806 1457 902 1489 simili
923 1456 1029 1496 officio
1050 1456 1171 1500 duplici

414 1520 618 1547 veneramur,
640 1508 724 1541 diem
737 1507 806 1540 eius
817 1506 923 1539 obitus
934 1506 1171 1550 praeveniendo

415 1559 587 1591 recolatur.

460 1608 516 1651 §CL
538 1608 610 1646 Nos,
632 1607 870 1640 considerantes
884 1604 1060 1637 Ecclesiam
1075 1615 1171 1637 vene-

416 1657 532 1690 rationi
545 1657 645 1702 ipsius
656 1655 793 1699 Virginis
803 1654 858 1688 Dei
869 1653 1040 1688 Genitricis
1056 1654 1171 1687 Mariae

418 1706 449 1739 in
470 1705 659 1739 memoriam
676 1704 824 1738 miraculi
844 1703 964 1737 nivium
986 1702 1172 1736 huiusmodi

417 1755 594 1799 plurimum
621 1759 831 1798 occupatam,
855 1752 1063 1786 celebrationi
1084 1752 1172 1785 sesti-

416 1805 518 1838 vitatis
538 1804 635 1838 huius
654 1803 794 1837 almiDei
813 1802 1004 1836 confessoris
1015 1801 1172 1835 Dominici

417 1855 511 1899 plene
530 1865 642 1887 vacare
664 1852 811 1896 nequire,
825 1857 855 1885 et
869 1851 983 1885 exinde
1002 1851 1095 1884 facile
1115 1851 1172 1884 ob-

418 1903 523 1937 venire
545 1914 638 1948 posse
666 1908 701 1936 ut
721 1901 878 1935 memoria
895 1900 996 1946 ipsius
1015 1900 1099 1933 beati
1114 1901 1173 1934 Do-

418 1954 539 1994 minici‚
562 1953 617 1998 qui
637 1953 789 1987 Ordinem
812 1952 948 1984 fratrum
968 1951 1172 1984 Praedicato-

419 2014 503 2044 rum,
521 2003 696 2048 inspirante
711 2000 859 2041 Domino,
872 2000 1012 2033 fundavit
1034 2005 1065 2033 et
1084 2000 1173 2033 insti-

418 2053 498 2094 tuit,
530 2064 565 2086 ac
604 2053 686 2086 inter
710 2062 792 2096 quos
819 2050 959 2095 plurima
998 2051 1173 2087 sanctitatis

420 2113 517 2146 opera
541 2108 569 2135 et
594 2101 719 2134 virtutis
739 2100 847 2144 signa,
870 2099 1000 2143 quibus,
1023 2100 1056 2133 in
1076 2112 1173 2134 carne

420 2152 553 2195 positus,
577 2150 710 2189 claruit,
742 2150 941 2183 diversorum
964 2149 1084 2182 curatis
1105 2151 1172 2182 lan-

419 2200 590 2243 guoribus,
611 2200 772 2243 loquelam
794 2198 905 2239 mutis,
928 2198 1030 2231 visum
1056 2199 1171 2239 caecis,

421 2249 526 2282 surdis
540 2249 698 2287 auditum,
720 2259 864 2292 gressum
891 2247 1073 2292 paralyticis
1085 2253 1116 2281 et
1126 2260 1174 2281 sa-

421 2299 550 2332 nitatem
573 2298 738 2342 pristinam
769 2297 998 2341 languentibus
1017 2298 1171 2336 restituit,

422 2349 452 2380 in
474 2348 635 2381 mentibus
655 2347 798 2380 fidelium
819 2352 972 2391 tepescat‘,
994 2352 1024 2379 et
1034 2347 1176 2380 volentes

423 2398 453 2430 in
474 2396 656 2441 praemissis
676 2401 858 2440 opportune
870 2396 1050 2439 providere,
1068 2397 1175 2431 habita

423 2457 520 2490 super
540 2446 589 2478 liis
609 2456 682 2479 cum
702 2445 939 2478 venerabilibus
957 2445 1109 2480 fratribus
1121 2457 1175 2479 no-

424 2496 495 2528 stris
515 2501 642 2528 sanctae
662 2495 823 2527 Romanae
846 2494 1006 2528 Ecclesiae
1027 2495 1174 2528 cardina-

424 2545 507 2577 libus
519 2543 748 2578 deliberatione
760 2549 897 2583 matura,
911 2544 950 2576 de
967 2555 1079 2577 eorum
1097 2555 1174 2577 con-

247 895 266 915 s,
287 895 404 916 nomina-us

220 926 271 945 obiit
283 927 314 946 die
331 933 349 946 vi
367 933 403 946 au-

220 959 280 985 fusti.

243 1669 286 1691 Iste
305 1670 400 1691 Pontitex

218 1708 242 1723 ex
254 1708 315 1723 causa
329 1703 361 1723 liic
371 1708 403 1723 re-

217 1733 402 1757 lata,eius1estiim

218 1765 322 1786 celebrari
343 1771 402 1785 man-

219 1798 253 1816 dat
272 1797 305 1816 die
327 1803 346 1816 iv
364 1802 402 1816 au-

219 1829 280 1855 gusti,

462 2614 469 2636 ¹
502 2612 633 2645 Quosdam
661 2613 687 2635 in.
714 2611 824 2637 Ecclesia
853 2618 897 2634 sim
924 2614 1010 2641 posuit
1034 2613 1175 2642 apostolos,

425 2659 549 2690 quosaam
557 2658 710 2689 prophetas,
722 2656 845 2689 quosdam
854 2656 983 2687 doctores,
996 2655 1054 2690 Rip.
1067 2654 1109 2690 (R.
1120 2656 1174 2689 Ἤ).

1211 669 1296 702 Petri
1316 675 1344 701 ct
1366 669 1457 702 Pauli
1477 668 1667 701 auctoritate
1697 668 1828 709 confisi,
1860 669 1964 702 omni-

1214 723 1273 755 bus
1302 728 1331 755 et
1356 721 1490 765 singulis
1510 721 1679 764 utriusque
1700 732 1793 754 sexus
1813 722 1965 755 christifi-

1213 776 1340 809 delibus
1368 786 1440 808 vere
1471 774 1709 818 poenitentibus
1740 781 1771 808 et
1799 774 1965 817 confessis,

1214 829 1269 873 qui
1290 829 1383 862 indie
1399 828 1572 861 festivitatis
1588 828 1775 861 huiusmodi
1797 828 1966 862 ecclesiam

1213 883 1351 916 alicuius
1371 893 1408 915 ex
1427 882 1577 915 domibus
1597 881 1673 915 dicti
1693 881 1836 922 Ordinis,
1858 893 1876 915 a
1899 882 1966 926 pri-

1215 937 1274 969 mis
1290 936 1430 980 vesperis
1447 946 1548 980 usque
1564 935 1603 968 ad
1619 946 1773 969 occasum
1795 935 1870 969 solis
1885 936 1967 970 eius-

1214 991 1286 1024 dem
1308 989 1493 1029 festivitatis,
1512 989 1623 1023 devote
1634 989 1840 1029 visitaverint,
1863 994 1893 1022 et
1908 1001 1967 1033 pro

1215 1055 1293 1089 pace
1323 1043 1547 1077 confirmanda
1583 1047 1613 1075 et
1656 1042 1778 1076 unitate
1805 1042 1967 1076 Ecclesiae

1214 1097 1390 1132 catholicae
1424 1096 1559 1131 Domino
1598 1100 1708 1129 nostro
1737 1096 1809 1129 Iesu
1842 1095 1968 1130 Christo

1215 1163 1327 1197 preces
1349 1151 1400 1196 pie
1434 1151 1628 1191 effuderint,
1655 1150 1768 1184 decem
1801 1161 1905 1184 annos
1938 1155 1969 1184 et

1213 1206 1345 1240 totidem
1366 1205 1589 1250 quadragenas
1609 1205 1647 1238 de
1663 1204 1817 1238 iniunctis
1832 1203 1877 1238 eis
1892 1215 1968 1248 poe-

1214 1259 1355 1293 nitentiis
1379 1258 1633 1292 misericorditer
1661 1257 1693 1290 in
1721 1257 1858 1290 Domino
1883 1258 1967 1291 rela-

1214 1325 1336 1347 xainus.

1258 1367 1323 1411 §Aa
1352 1367 1387 1399 Et
1406 1366 1483 1410 quia
1511 1365 1642 1399 difficile
1671 1365 1754 1398 foret
1782 1368 1968 1408 praesentes

1214 1420 1323 1453 literas
1337 1420 1377 1452 ad
1393 1419 1519 1461 singula
1533 1429 1683 1462 quaeque
1698 1418 1781 1458 loca,
1802 1418 1835 1450 in
1850 1417 1968 1462 quibus

1214 1475 1252 1507 de
1274 1474 1318 1507 eis
1338 1474 1417 1506 fides
1442 1472 1587 1506 facienda
1613 1472 1689 1511 erit,
1719 1471 1849 1512 deferri,
1876 1472 1968 1505 volu-

1214 1538 1287 1561 mus
1321 1532 1350 1560 et
1390 1526 1579 1560 auctoritate
1613 1525 1790 1569 apostolica
1817 1524 1968 1559 decerni-

1214 1591 1287 1614 mus
1306 1580 1392 1624 quod
1414 1591 1526 1613 earum
1543 1579 1765 1623 transumptis,
1789 1589 1888 1613 manu
1909 1590 1968 1613 no—

1214 1634 1286 1668 tarii
1306 1634 1427 1678 publici
1449 1632 1638 1677 subscriptis
1659 1638 1690 1666 et
1708 1633 1814 1676 sigillo
1831 1632 1969 1668 alicuius

1215 1687 1324 1721 curiae
1354 1686 1589 1720 ecclesiasticae
1611 1691 1666 1719 aut
1690 1697 1848 1731 personae
1867 1685 1900 1719 in
1920 1686 1968 1720 di-

1214 1741 1333 1785 gnitate
1354 1740 1571 1774 ecclesiastica
1598 1740 1790 1774 constitutae
1818 1740 1967 1781 munitis,

1215 1795 1326 1828 eadem
1356 1805 1490 1840 prorsus
1514 1794 1595 1828 fides
1623 1793 1815 1828 adhibeatur
1848 1793 1970 1838 ubique

1216 1845 1376 1883 locorum,
1395 1844 1428 1879 in
1444 1843 1564 1878 iudicio
1581 1848 1611 1877 et
1627 1848 1724 1883 extra,
1747 1854 1831 1887 quae
1848 1843 1969 1878 eisdem

1216 1893 1428 1937 originalibus
1448 1892 1548 1926 literis
1566 1891 1794 1933 adhiberetur,
1820 1892 1845 1926 si
1866 1892 1972 1927 forent

1216 1943 1373 1978 exhibitae
1394 1942 1440 1976 vel
1463 1946 1620 1975 ostensae.

1260 1992 1275 2035 g
1301 1992 1331 2026 5.
1369 1992 1436 2025 Non
1466 1991 1667 2026 obstantibus
1687 1989 1970 2024 constitutionibus

1216 2047 1247 2074 et
1257 2041 1516 2075 ordinationibus
1527 2040 1711 2085 apostolicis
1723 2051 1759 2074 ac
1769 2039 1870 2084 ipsius
1880 2039 1970 2074 Ordi-

1216 2090 1276 2129 nis,
1299 2090 1395 2124 etiam
1412 2090 1606 2128 iuramento,
1629 2088 1875 2123 confirmatione
1891 2099 1970 2132 apo-

1217 2140 1327 2173 stolica
1343 2141 1391 2172 vel
1411 2139 1521 2184 quavis
1542 2138 1692 2171 firmitate
1713 2137 1773 2170 alia
1799 2137 1968 2176 roboratis,

1216 2189 1340 2223 statutis
1373 2195 1404 2222 et
1442 2187 1749 2223 consuetudinibus,
1791 2186 1970 2230 ceterisque

1217 2239 1386 2273 contrariis
1411 2238 1683 2281 quibuscumque.

1260 2288 1344 2322 Nulli
1366 2299 1442 2330 ergo
1468 2291 1525 2320 etc.

1261 2338 1373 2380 Datum
1395 2337 1515 2370 Rornae
1540 2336 1626 2380 apud
1654 2336 1685 2369 S.
1708 2336 1856 2374 Petrum,
1883 2345 1969 2368 anno

1218 2386 1448 2420 incarnationis
1475 2384 1655 2420 dominicae
1683 2383 1854 2417 millesimo
1874 2383 1969 2427 quin-

1218 2435 1396 2477 gentesimo
1415 2434 1684 2478 quinquagesimo
1706 2439 1827 2474 octavo,
1852 2443 1882 2467 vt
1899 2432 1970 2468 idus

1218 2484 1345 2527 augusti
1358 2484 1384 2521 1,
1408 2483 1612 2527 pontificatus
1633 2483 1732 2516 nostri
1749 2493 1834 2516 anno
1846 2492 1886 2516 iv.

1263 2534 1353 2566 Anno
1373 2543 1390 2565 a
1415 2532 1573 2565 nativitate
1601 2532 1727 2566 Domini
1747 2541 1856 2572 MDLIX,
1886 2530 1969 2565 indi-

1219 2581 1324 2619 ctione
1346 2592 1379 2621 ιι,
1402 2581 1452 2614 die
1468 2592 1542 2614 vero
1562 2591 1622 2617 xxx
1642 2580 1723 2621 iulii,
1743 2580 1970 2625 retroscriptae

1258 2656 1264 2680 l
1293 2653 1374 2693 Rip&
1396 2653 1453 2687 ¹²:³¹!
1474 2661 1522 2681 vni
1539 2656 1595 2679 istus
1612 2656 1718 2689 augusti
1736 2651 1780 2690 (R.
1797 2651 1852 2688 13).

1980 242 2027 267 An.
2047 242 2074 267 C<
2097 241 2163 268 ¹558

2022 578 2165 605 tuidutgonttas

1981 615 2026 629 oms
2052 610 2165 630 ecclesium

1980 641 2096 661 visiiauiih.
2111 646 2166 662 con·

1981 673 2045 698 ceam

1995 1382 2101 1410 Exempli·
2110 1383 2167 1404 credi

1982 1414 2048 1440 iube13

1995 2013 2112 2034 Contrariis
2131 2013 2169 2033 tle-

1984 2050 2052 2072 rogat.

2011 2560 2137 2583 rusticatio.

2226 927 2227 930 „
2219 539 2227 907 .„Q.*----.-..—ui1...
2220 479 2227 518 -;-
