2227 3001
171 285 223 314 lu.
240 285 269 314 c.
288 287 356 316 15ὴο

166 1987 249 2010 Gratias
273 1993 338 2016 upe-

153 2020 243 2040 cuuvu
259 2022 280 2040 et
295 2020 338 2046 plu-

153 2056 177 2070 n
189 2050 300 2075 benficia,
316 2053 338 2070 ιιι

151 2082 199 2107 hte,
234 2084 336 2111 eon-oqui

151 2117 257 2140 pos-nnn

414 276 478 311 ⁶290

368 338 504 372 modiad
519 338 661 382 aliquam
678 338 869 370 solutionem
882 347 937 370 eos
950 343 1123 377 coarctare,

367 398 423 426 aut
451 392 504 425 alii
524 392 734 436 quicumque,
763 392 998 434 cuiuscumque
1019 393 1123 425 eecle-

367 445 512 479 siasticae
532 446 581 478 vel
602 445 784 478 mundanae
813 444 987 487 dignitatis,
1010 450 1120 481 status,

367 500 496 542 gradus,
520 498 712 532 conditionis
730 503 757 530 et
779 498 1040 542 praeeminentiae
1057 499 1121 531 exi-

367 558 461 593 stant,
484 553 566 589 illos,
599 562 697 595 super
726 551 910 595 praemissis
936 557 965 584 et
991 552 1120 585 illorum

366 618 427 639 usu
448 617 484 639 ac
512 604 712 648 possessione
741 615 798 637 seu
829 604 936 648 quasi,
960 605 1055 638 etiam
1085 617 1121 638 ex

366 668 575 703 quocumque
596 657 731 691 crimine
751 659 799 691 vel
824 658 953 698 delicto,
982 664 1122 702 praeter-

365 722 462 755 quam
492 712 524 744 in
553 716 696 744 nostram
718 716 747 744 et
767 712 929 744 Romanae
959 712 1120 745 Ecclesiae

363 766 518 798 offensam
537 770 733 808 perpetrato,
746 764 865 798 directe
886 766 933 797 vel
950 765 1117 804 indirecte,

362 818 474 861 quovis
485 819 630 862 quaesito
644 819 751 852 colore
763 819 810 851 vel
825 819 964 861 ingenio,
974 820 1120 852 molesta-

362 882 395 904 re
403 876 457 904 aut
468 871 546 904 alias
555 871 798 915 quomodolibet
810 871 965 915 impedire
974 882 1120 916 quoquo-

363 924 459 957 modo
479 929 689 968 praesumant
708 929 763 956 aut
786 924 923 956 debeant
943 935 998 957 sen
1022 925 1117 958 etiam

361 977 505 1016 valeant,
533 977 587 1010 sed
612 978 717 1009 solum
750 976 980 1016 referendarii,
1008 977 1117 1011 deser-

359 1029 491 1069 vientes,
511 1030 702 1073 cappellani,
720 1029 893 1062 familiares
904 1035 932 1062 et
949 1030 1117 1064 servitores

359 1083 493 1126 praefati
522 1093 630 1116 eoram
659 1083 751 1116 nobis
779 1088 806 1115 et
838 1083 918 1116 Sede
954 1084 1115 1126 praedicta

359 1136 523 1168 dumtaxat
552 1136 590 1168 de
619 1135 739 1169 iustitia
762 1136 958 1179 respondere
983 1141 1114 1169 tenean-

359 1194 422 1221 tur.
451 1189 667 1222 Decernentes
683 1200 908 1232 quoscumque
929 1200 1112 1233 processus,

359 1241 551 1282 sententias,
583 1253 736 1275 censuras
763 1248 793 1274 et.
820 1253 940 1285 poenas
960 1244 1113 1276 eeclesia-

358 1294 464 1335 sucas,
492 1305 573 1338 quos
599 1301 627 1327 et
656 1306 736 1338 quas
756 1306 813 1339 per
836 1295 1110 1340 archiepiscopos,

359 1347 546 1392 episcopos,
569 1349 741 1392 praelatos,
764 1348 912 1381 locorum
933 1349 1112 1383 ordinarios

358 1399 555 1443 illorumque
582 1400 718 1433 vic-arios
748 1406 777 1433 et
797 1401 964 1439 officiales,
992 1401 1111 1436 locate-

358 1458 470 1486 nentes
497 1458 527 1485 et
540 1453 674 1493 iudices,
693 1454 788 1486 etiam
810 1464 827 1486 a
847 1454 927 1486 Sede
949 1455 1111 1497 praedicta

358 1506 520 1548 delegatos
539 1512 594 1539 aut
614 1507 847 1550 subdelegatos,
868 1517 905 1539 ac
926 1507 1005 1540 alios
1016 1519 1110 1551 prae-

357 1559 458 1592 dictos
491 1565 544 1592 aut
578 1571 692 1593 eorum
731 1560 856 1603 aliquos
889 1566 1000 1594 contra
1030 1562 1111 1595 rese-

357 1613 524 1646 rendarios
544 1620 574 1647 et
594 1613 673 1646 alios
693 1613 925 1657 infrascriptos,
943 1626 979 1647 ac
1000 1615 1109 1648 deser-

356 1665 486 1706 vientes,
510 1667 729 1711 cappellanos,
758 1666 929 1700 Familiares
954 1673 984 1700 et
1010 1669 1108 1701 servi-

355 1722 441 1751 tores
481 1719 641 1763 praefatos
674 1719 785 1751 haberi
820 1730 875 1752 seu
909 1721 1109 1764 promulgari

357 1771 544 1815 contigerit,
575 1778 605 1806 et
631 1783 857 1816 quaecumque
886 1773 959 1806 inde
985 1780 1106 1815 secuta,

355 1825 457 1863 nulla,
475 1825 564 1858 irrita
584 1831 615 1859 et
634 1825 742 1859 inania
768 1826 954 1869 nulliusque
983 1828 1109 1860 roboris

354 1877 402 1910 vel
422 1877 578 1912 momenti
598 1879 665 1912 fore
686 1885 716 1912 et
736 1890 816 1912 esse.

399 1931 414 1974 ἓ
446 1931 499 1964 10.
523 1931 671 1965 Ceterum
690 1959 697 1973 ‚
720 1932 947 1966 referendariis
980 1938 1009 1966 et
1040 1934 1109 1967 aliis

355 1985 526 2029 praedictis
554 1997 591 2019 ac
621 1997 734 2020 eorum
763 1987 910 2029 singulis,
942 1993 976 2020 ut
1001 1988 1109 2021 literas

353 2039 530 2082 gratiarum
564 2040 847 2084 expectativarum,
879 2052 953 2074 cum
984 2045 1029 2076 eis
1053 2054 1108 2086 ge-

353 2093 506 2125 neraliter
555 2094 688 2127 concedi
738 2095 906 2138 eontigerit
925 2123 932 2135 ‚
987 2096 1107 2139 absque

351 2145 458 2190 aliqua
483 2147 645 2188 signatura
676 2148 815 2192 desuper
841 2149 1013 2183 obtinenda
1031 2177 1038 2190 ,
1069 2153 1129 2201 adx

352 2205 416 2232 tres
436 2200 622 2233 collationes
645 2212 703 2244 per
729 2201 871 2244 singulos
909 2214 1022 2236 eorum
1053 2205 1109 2238 eli-

351 2252 471 2296 gendas
497 2258 527 2286 et
554 2254 685 2287 totidem
716 2255 885 2295 beneficia,
915 2257 1010 2289 etiam
1032 2268 1105 2291 cum

352 2306 516 2339 creatione
542 2307 574 2339 in
602 2308 795 2341 canonicum
823 2320 1106 2355 quarumcumque

351 2359 448 2392 trium
467 2360 713 2399 cathedralium,
733 2363 825 2394 ctiam
843 2365 1106 2407 metropolitana-

350 2422 436 2453 rum,
458 2413 507 2446 vel
528 2415 770 2457 collegiatarum
799 2417 1019 2458 ecelesiarum,
1048 2419 1105 2451 suh

350 2466 570 2509 expectatione
590 2467 722 2501 totidem
739 2469 816 2501 inibi
831 2471 1103 2513 praebendarum.

350 2515 445 2547 etiam
467 2516 627 2549 maiorum
648 2522 678 2549 et
699 2517 920 2561 pinguiorum,
940 2520 977 2552 ad
999 2521 1104 2563 digni-

350 2568 449 2597 tatum
465 2591 472 2604 ,
503 2570 756 2608 personatuum,
791 2567 1104 2603 administrationum

350 2618 380 2646 et
400 2613 595 2655 officiorum,
618 2615 713 2647 etiam
735 2622 924 2650 curatorum
947 2624 975 2651 et
997 2619 1103 2652 electi-

349 2672 462 2696 vorum
478 2674 514 2697 ac
535 2665 746 2707 ferculorum,
757 2666 970 2710 obligearum,
984 2669 1104 2702 addita-

968 286 1147 310 mmmmm
1173 286 1323 309 ROMANUM

1166 343 1362 378 mentorum,
1386 339 1687 381 praestimoniorum
1710 349 1766 371 seu
1786 339 1919 383 praesti-

1167 391 1354 424 monialium
1371 391 1557 434 portionum
1573 398 1628 425 aut
1649 392 1844 437 simplicium
1861 392 1917 425 he-

1167 443 1358 477 neficiorum
1371 444 1479 484 unius,
1492 444 1631 478 duorum
1647 446 1695 478 vel
1708 445 1850 490 plurium
1867 456 1917 478 ce-

1165 497 1308 529 dentium
1330 497 1377 529 vel
1399 497 1623 531 decedentium
1650 498 1793 543 ipsarum
1813 499 1916 532 eccle-

1164 550 1284 583 siarum
1306 551 1550 591 canonicorum,
1578 563 1633 585 seu
1654 553 1731 585 alias
1751 552 1783 585 in
1804 563 1914 586 earum

1165 603 1343 637 civitatibus
1382 615 1438 637 seu
1477 604 1678 638 dioecesibus
1706 606 1915 639 beneficiato-

1165 668 1249 697 rum,
1276 664 1331 691 aut
1356 658 1394 690 ad
1419 658 1480 690 tria
1506 658 1664 691 beneficia
1684 659 1912 700 ecclesiastica,

1163 710 1257 743 etiam
1279 711 1303 743 si
1324 711 1388 743 duo
1409 710 1539 743 illorum
1561 722 1635 744 cum
1651 722 1729 744 cura
1749 718 1804 745 aut
1823 712 1915 745 deca-

1163 770 1255 796 natus
1279 765 1326 797 vel
1352 764 1682 808 archipresbvteratus
1707 766 1832 798 rurales
1858 777 1913 799 seu

1161 818 1296 851 vicariae
1317 818 1364 850 vel
1386 818 1605 862 cappellaniae
1633 824 1809 862 perpetuae
1823 846 1831 859 ‚
1859 819 1914 862 qui

1160 871 1207 903 vel
1228 881 1311 914 quae
1332 871 1512 914 dignitates,
1542 871 1637 904 etiam
1663 876 1805 912 curatae,
1828 878 1915 905 extra

1160 930 1267 956 tamen
1285 924 1485 957 cathedrales
1503 924 1653 957 ecclesias
1669 930 1914 968 repraesenten-

1159 982 1221 1016 tur,
1230 982 1283 1009 aut
1293 976 1515 1020 dignitatesvel
1525 982 1715 1019 personatus
1724 987 1779 1009 seu
1788 976 1913 1020 singula

1159 1040 1273 1062 eorum
1294 1030 1505 1063 canonicatus
1530 1035 1560 1062 et
1586 1029 1782 1074 praebenda,
1809 1029 1912 1063 admi-

1159 1082 1303 1115 nistratio
1330 1084 1378 1116 vel
1406 1083 1562 1122 officium,
1586 1083 1681 1115 etiam
1708 1088 1857 1116 curatum
1883 1088 1914 1117 et

1157 1135 1339 1175 electivum,
1358 1135 1391 1168 in
1411 1135 1663 1174 cathedralibus,
1683 1134 1779 1167 etiam
1796 1141 1913 1169 metro-

1157 1188 1306 1230 politanis
1319 1189 1367 1221 vel
1384 1188 1560 1231 collegiatis
1570 1187 1725 1228 ecclesiis,
1744 1193 1799 1220 aut
1808 1199 1910 1221 unum

1156 1252 1191 1273 ex
1212 1241 1268 1281 eis,
1292 1252 1366 1274 eum
1393 1252 1469 1274 eura
1490 1242 1539 1273 vel
1560 1240 1627 1273 sine
1656 1251 1745 1280 cura,
1771 1240 1911 1274 cuiusvis

1154 1294 1280 1327 Ordinis
1325 1295 1489 1337 regulare,
1530 1294 1625 1327 etiam
1664 1294 1689 1327 si
1728 1294 1907 1338 prioratus,

1154 1348 1389 1392 praepositura,
1420 1348 1656 1392 praepositatus
1687 1348 1735 1380 vel
1773 1347 1835 1380 alia
1862 1347 1908 1381 di-

1152 1401 1267 1443 gnitas,
1304 1412 1369 1434 non
1392 1406 1500 1434 tamen
1533 1401 1768 1441 conventualis,
1797 1412 1907 1445 perso-

1151 1459 1261 1494 natus,
1291 1454 1524 1487 administratio
1552 1455 1601 1487 vel
1631 1454 1786 1495 officium,
1810 1454 1905 1488 etiam

1152 1513 1300 1540 curatum
1325 1513 1353 1540 et
1386 1508 1568 1548 electivum,
1595 1513 1788 1541 nontamen
1816 1509 1906 1541 clau-

1151 1561 1258 1600 strale,
1282 1571 1318 1593 ac
1339 1561 1419 1593 illud
1438 1562 1487 1594 vel
1507 1571 1609 1594 unum
1630 1572 1666 1594 ex
1687 1560 1907 1595 saecularibus

1150 1613 1315 1646 beneficiis
1352 1613 1556 1654 huiusmodi,
1592 1625 1628 1646 ex
1661 1613 1771 1656 quavis
1799 1625 1906 1655 causa,

1151 1666 1549 1711 dispositioniapostolicae
1573 1667 1756 1712 specialiter
1776 1668 1825 1701 vel
1848 1679 1907 1713 per

1150 1719 1366 1753 Cancellariae
1384 1721 1586 1765 Apostolieae
1603 1721 1741 1764 regulas,
1760 1726 1815 1754 aut
1829 1721 1907 1755 alias

1150 1783 1186 1804 ex
1202 1773 1314 1816 quavis
1334 1784 1441 1814 causa,
1464 1774 1559 1806 etiam
1580 1774 1618 1806 de
1639 1773 1827 1807 necessitate
1857 1785 1907 1808 ex-

1149 1825 1318 1868 primenda
1330 1853 1337 1866 ,
1351 1833 1577 1871 praeterquam
1595 1827 1720 1861 ratione
1733 1827 1906 1861 vacationis

1150 1878 1236 1911 iilius
1256 1879 1342 1922 apud
1363 1880 1476 1913 Sedem
1503 1881 1701 1925 praedictam
1736 1887 1791 1914 aut.
1817 1880 1906 1914 fami-

1150 1932 1306 1972 liaritatis,
1330 1933 1502 1967 continuae
1530 1935 1814 1968 commensalitatis
1844 1945 1904 1969 no-

1150 1990 1232 2018 strae
1265 1992 1317 2019 aut
1346 1987 1484 2020 alicuius
1510 1999 1547 2020 ex
1573 1988 1603 2021 S.
1632 1989 1668 2020 R.
1697 1989 1730 2021 E.
1760 1989 1904 2023 cardina-

1150 2039 1233 2072 libus
1252 2040 1430 2074 viventibus
1450 2047 1480 2075 et
1498 2042 1530 2075 in
1546 2043 1689 2076 Romana
1710 2044 1805 2077 Curia
1824 2054 1905 2088 prae-

1149 2093 1303 2135 sentibus,
1322 2106 1462 2139 quorum
1478 2107 1654 2130 consensus
1669 2098 1901 2141 requireretur,

1149 2149 1341 2190 generaliter
1380 2157 1538 2184 reservata
1572 2151 1721 2193 existant,
1762 2164 1902 2197 quorum

1148 2204 1283 2244 fructus,
1296 2205 1438 2237 redditus
1454 2211 1483 2238 et
1499 2213 1671 2249 proventus
1688 2207 1902 2242 ducentorum

1149 2257 1341 2291 ducatorum
1375 2259 1445 2292 auri
1479 2260 1517 2292 de
1542 2260 1694 2303 Camera,
1723 2263 1901 2296 secundum

1148 2312 1340 2345 taxationem
1352 2313 1507 2354 decimae,
1521 2315 1660 2348 valorem
1673 2328 1820 2350 annuum
1836 2328 1901 2352 non

1148 2367 1318 2407 excedant,
1349 2368 1525 2401 saecularia
1550 2369 1711 2411 videlieet,
1739 2382 1798 2415 per
1818 2372 1902 2416 ipsos

1147 2419 1179 2451 in
1201 2421 1380 2454 minorihus
1401 2423 1600 2464 constitutos,
1623 2424 1653 2457 in
1681 2425 1826 2466 titulum,
1849 2437 1900 2459 re-

1147 2474 1271 2515 gularia
1291 2486 1365 2509 vero
1385 2476 1417 2509 in
1438 2479 1676 2511 commendam.
1700 2480 1743 2513 Ac
1764 2486 1827 2513 tam
1848 2491 1899 2514 re-

1145 2524 1269 2567 gularia
1290 2536 1386 2568 quam
1408 2528 1583 2560 saecularia
1603 2528 1761 2562 beneficia
1784 2530 1898 2564 huius-

1146 2572 1242 2611 modi,
1260 2585 1318 2616 per
1332 2576 1497 2617 praesules
1514 2578 1749 2611 referendarios
1764 2579 1795 2612 in
1812 2590 1899 2613 com-

1145 2622 1294 2654 mendam
1321 2623 1606 2665 retinenda,etiam
1631 2632 1717 2660 extra
1734 2627 1896 2662 nationem

1145 2669 1177 2702 in
1198 2681 1262 2715 qua
1283 2671 1401 2705 idioma
1421 2683 1486 2706 non
1507 2673 1698 2718 intelligunt,
1720 2687 1779 2720 pro
1802 2677 1848 2711 eis
1867 2683 1896 2711 et

1934 284 1983 310 An.
2003 284 2030 311 C.
2053 283 2120 312 13ᾱο
