2227 3001
984 269 1163 293 nuLLAntmt

436 260 499 298 '116

388 325 575 359 huiusmodi
608 325 735 369 penitus
768 323 930 367 extirpari,
954 328 983 355 et
1008 323 1139 355 illorum

388 384 559 412 sectatores
587 377 693 411 debita
713 376 913 409 correctione
938 374 1081 418 reprimi,
1103 386 1139 407 ac
1159 395 1162 444 1

387 432 500 465 debitis
525 431 635 476 poeuis
662 430 784 474 puniri,
807 429 895 462 vohis
921 435 950 462 et
975 429 1066 461 alteri
1085 440 1139 462 ve-

385 491 500 526 strum,
523 487 617 519 etiam
639 496 712 517 cum
739 495 757 516 a
785 482 936 527 praefatis
956 482 1066 515 electis
1088 493 1136 515 re-

386 539 493 581 quisiti
514 539 637 572 fueritis
657 542 687 571 et
706 537 786 570 alter
804 542 945 569 vestrum
966 536 1140 579 requisitus

387 593 493 633 suerit,
529 603 641 626 omnes
669 596 699 623 et
733 590 874 633 singulas
893 601 1006 623 causas
1024 589 1138 622 huius-

384 645 634 678 modihaeresim
644 645 815 689 ⁴sapientes,
827 644 923 677 etiam
939 644 1136 684 criminales,

386 705 447 731 tam
468 699 550 732 dicta
570 699 750 731 Lutherana
767 709 864 741 quam
881 698 942 731 alia
958 702 987 730 et
1003 708 1139 730 erronea

383 763 419 784 ae
441 763 588 795 perversa
614 752 760 785 doctrina
793 752 825 784 in
856 751 979 784 civitate
1000 757 1028 784 et
1049 751 1138 783 dioe-

383 806 446 837 cesi
475 806 646 849 praedictis
680 812 824 842 exortas,
852 811 879 838 et
914 816 1009 848 quas,
1042 804 1137 837 etiam

383 864 493 891 contra
513 860 685 902 quemdam
712 860 864 892 loannem
885 858 1057 903 Baptistam
1079 858 1137 890 Pa-

382 911 564 946 lavicinum.
579 913 704 946 Ordinis
723 914 857 946 t'ratrum
877 911 1135 951 Carmelitarum,

382 966 449 1008 qui,
463 966 595 999 vet-hum
614 966 668 999 Dei
685 966 716 998 in
731 966 876 1010 proxima
892 964 1136 1009 quadragesima

381 1019 412 1051 in
433 1020 567 1053 ecclesia
588 1020 742 1053 Brixiensi
766 1019 995 1064 praedicando,
1010 1018 1137 1062 publii-e

382 1075 535 1107 nonnulla
558 1085 693 1108 erronea
721 1081 749 1108 et
776 1086 792 1107 a
820 1074 882 1108 fide
903 1073 1061 1107 catholica
1081 1073 1136 1106 de-

379 1126 494 1160 viantia
514 1128 720 1172 praeditavit,
737 1129 818 1161 adeo
838 1128 926 1171 quod
946 1128 1014 1171 pias
1033 1127 1137 1160 homi-

380 1191 457 1213 num
478 1193 573 1215 aures
594 1183 772 1226 plurimum
794 1181 1036 1221 scandalizavit,
1059 1181 1083 1213 si
1105 1181 1136 1213 iu

379 1233 503 1268 civitate
536 1246 592 1268 seu
622 1235 759 1269 dioecesi
787 1234 958 1278 praedictis
978 1234 1133 1273 extiterit,

379 1298 507 1322 movere
527 1300 584 1322 seu
604 1289 720 1322 exoriri
741 1288 922 1331 contigerit,
942 1300 1015 1321 cum
1032 1288 1136 1321 omui-
1154 1308 1157 1357 r

380 1342 440 1375 hus
460 1347 489 1374 et
505 1341 639 1386 singuIIs
651 1343 712 1376 illis
722 1342 865 1383 annexis,
878 1341 1136 1385 dependentibus
1154 1366 1157 1397 ι

380 1401 408 1428 et
430 1397 670 1439 emergentibus
692 1397 731 1429 ab
752 1396 814 1433 eis,
836 1396 1027 1439 simpliciter
1047 1400 1076 1427 et,
1096 1395 1134 1428 de
1154 1430 1156 1447 l

380 1449 476 1493 plano
490 1476 497 1489 ,
534 1450 601 1483 sine
634 1451 769 1495 strepitu
803 1456 832 1483 et
867 1450 970 1492 figura
1004 1448 1132 1488 iudicii,

379 1509 476 1547 prout
496 1503 527 1536 in
548 1504 705 1537 similibus
725 1504 857 1548 procedi
878 1501 1059 1542 consuevit,
1082 1513 1135 1534 au-

379 1560 482 1593 dialis.

423 1614 437 1657 ἓ
457 1614 487 1647 3.
511 1614 573 1647 Nos
593 1615 834 1655 enimvobisut,
850 1614 1049 1648 auditisltinc
1063 1614 1133 1646 inde

193 1672 216 1693 Ει
237 1674 362 1708 propedw,
378 1669 565 1712 propositis,
579 1669 673 1702 etiam
685 1681 786 1714 usque
803 1670 840 1702 ad
857 1669 1049 1702 definitivam
1061 1680 1133 1701 sen-

179 1704 364 1762 fflxiianpoffinrss
378 1723 509 1755 tentiam
531 1722 697 1763 inclusae,
720 1723 845 1755 sublato
869 1722 981 1767 quovis
1010 1721 1134 1765 diffugii

179 1766 365 1818 ῗζῃῖἶῃζῗοζῗῡῖἶ
378 1777 558 1817 obstaculo,
577 1783 605 1810 et
628 1783 724 1821 prout
744 1778 825 1810 sueri
846 1788 986 1810 canones
1005 1777 1130 1817 volunt,

179 1828 294 1879 2¹3de
315 1828 363 1848 ‘⁰¹³'
378 1831 473 1864 etiam
494 1832 710 1875 appellatione
730 1831 871 1875 qualibet
892 1837 1028 1871 remota,
1045 1831 1132 1864 deci-

378 1885 474 1918 dendi
489 1890 519 1918 et
533 1886 596 1918 tine
613 1885 720 1917 debito
737 1885 942 1924 terminandi;
959 1896 995 1917 ac
1005 1891 1131 1918 seuten-

378 1937 437 1970 tias
457 1938 596 1982 desuper
622 1949 679 1982 pet·
697 1950 751 1972 vos
776 1944 805 1971 et
830 1938 967 1971 alterum
991 1944 1131 1971 vestrum

378 1990 456 2023 latas
483 1996 514 2024 et
537 1991 702 2034 quibusvis
726 1991 1014 2034 appellationibus,
1038 1991 1132 2024 etiam

378 2043 416 2075 ad
436 2054 495 2077 nos
519 2049 550 2077 et
569 2045 683 2077 Sedetn
704 2044 901 2088 praedictam
923 2044 1128 2089 interpositiS,

378 2097 506 2141 penitus
529 2098 674 2140 reiectis,
711 2098 844 2143 perinde
872 2110 908 2132 ac
930 2099 954 2131 si
974 2105 1038 2133 tres
1058 2111 1130 2133 sen-

377 2151 494 2185 tentiae
512 2153 874 2186 consormesinnostrae
891 2153 990 2186 Rotae
1004 2153 1129 2187 audito-

378 2204 426 2238 rio
441 2206 523 2239 latae
534 2210 650 2246 esseut,
670 2206 793 2239 debitae
804 2206 985 2239 executioni
998 2207 1130 2240 deman-

379 2258 488 2292 dandi.

422 2307 437 2350 ξ
457 2308 487 2340 4.
506 2308 613 2342 Testes
623 2315 742 2349 autem,
755 2309 810 2353 qui
826 2308 943 2342 suerint
962 2310 1128 2351 nominati,

203 2363 281 2390 eoem*
297 2366 363 2399 ‘rsus
379 2356 403 2388 si
424 2367 457 2389 se
476 2356 590 2400 gratia,
612 2358 684 2391 odio
705 2359 750 2390 rel
772 2358 886 2390 timore
903 2359 1128 2399 subtraxerint,

179 2397 366 2452 {iigszssffite‘ffff
379 2416 437 2448 per
463 2416 616 2439 censuras
638 2406 886 2441 ecclesiasticas,
916 2407 1130 2451 appellatione

379 2462 533 2497 cessante,
544 2456 756 2501 compellendi
767 2456 903 2489 veritatis
912 2457 1129 2490 testimonium

381 2505 563 2547 perhibere.

423 2555 438 2597 g
458 2555 488 2588 5.
512 2556 555 2587 Ac
583 2554 775 2587 monitiones
795 2560 825 2586 et
850 2553 1014 2586 citationes
1034 2565 1130 2597 quas—

208 2611 278 2635 cnem
300 2618 363 2640 quos·
380 2603 475 2642 libet,
498 2603 634 2636 constito
655 2603 692 2636 de
721 2613 784 2636 non
806 2608 874 2634 tuto
899 2613 1046 2640 accessu,
1073 2614 1128 2635 seu

182 2649 281 2673 *ΨΜ
379 2653 464 2697 quod
488 2663 544 2696 pro
561 2652 792 2685 monitionibus
807 2657 836 2685 ct
858 2651 1130 2685 citationibusliu-
1147 2685 1152 2697 ι

192 275 240 300 An.
259 274 288 301 C.
310 274 375 301 tais

1184 269 1334 294 ROMANUM
1947 268 1996 297 An.
2013 272 2042 298 c.
2062 270 2128 297 ¹528

1182 321 1320 354 iusmodi
1346 322 1496 356 faciendis
1523 322 1667 367 ipsorum
1696 324 1931 359 monendorum

1181 374 1422 409 etcitandorum
1444 378 1623 420 praesentia
1639 378 1807 412 commode
1822 378 1934 411 haberi

1181 427 1348 470 nequiret,
1367 440 1425 472 per
1440 430 1543 464 edicta
1560 431 1689 475 publica
1702 431 1782 465 locis
1796 432 1934 476 publicis

1180 480 1349 523 affigenda,
1371 493 1453 525 quae
1473 483 1606 527 perinde
1626 484 1712 528 ipsos
1732 490 1853 518 arctent
1867 513 1874 526 ‚
1897 496 1933 518 ac

1181 532 1206 564 si
1229 533 1274 565 eis
1302 535 1515 577 personaliter
1540 535 1684 570 intimata
1704 537 1857 579 fuissent,
1887 539 1933 571 sa-

1181 584 1298 619 ciendi.

1224 638 1238 682 ξ
1258 638 1289 672 6.
1308 641 1351 673 Ac
1361 646 1474 674 contra
1483 653 1640 686 quosque,
1653 643 1930 688 cuiusquestatus,
1960 659 2069 687 lnquirant
2082 666 2130 682 con-

1179 692 1309 734 gmdus,
1335 694 1469 736 ordinis,
1490 696 1655 739 religionis
1673 698 1721 730 rel
1742 697 1933 731 conditionis
1947 695 2130 718 ¹¹³‘¹'¹⁰⁵⁰”¹¹“¹'¹²

1963 722 2079 742 uniet-anae
2091 722 2131 742 1¹oe-

1180 755 1235 777 seu
1255 748 1519 790 praeeminentiae
1539 750 1670 790 fuerint,
1685 756 1715 783 et
1725 754 1932 795 quacumque
1946 720 2131 805 {gzfffflffmfflfij

1179 799 1395 834 ecclesiastica
1418 813 1474 835 seu
1494 804 1657 836 mundana
1677 804 1828 848 dignitate
1837 817 1932 849 prae-
1947 790 2130 851 cesfcfnusmpm-

1180 851 1321 894 fulgeant
1340 854 1388 887 vel
1408 855 1622 899 exemptione,
1644 857 1745 901 ipsius
1765 859 1889 892 Martini
1903 850 2129 903 etgffio..⁵1¹;¹¹²2.‘,‚⁰f'ss,ff

1179 905 1317 939 aliorum
1329 918 1541 942 erroneorum
1550 911 1735 953 dogmatum
1746 918 1930 956 sectatores,
1947 907 2075 930 ‘mmmm
2087 915 2093 933 ³

1180 971 1344 1004 sequaces,
1368 964 1508 996 fautores
1528 964 1791 1009 defensoresque,
1817 978 1854 1000 ac
1870 966 1934 1000 illis

1178 1015 1351 1056 auxilium,
1371 1017 1541 1050 consilium
1562 1018 1610 1051 vel
1630 1019 1769 1053 savorem
1782 1045 1790 1060 ,
1812 1020 1932 1054 directe

1176 1069 1224 1101 vel
1241 1068 1408 1110 indirecte,
1420 1070 1550 1114 publice
1566 1071 1613 1104 vel
1624 1073 1748 1106 occulte
1765 1079 1932 1117 praestan-

1177 1127 1235 1163 tes,
1257 1123 1442 1166 inquirendi
1463 1130 1493 1157 et
1518 1126 1713 1169 procedendi
1733 1138 1740 1167 ;
1762 1138 1799 1160 ac
1814 1128 1930 1163 huius-

1178 1176 1264 1209 modi
1284 1177 1354 1210 labe
1375 1183 1405 1211 et
1425 1177 1495 1211 aliis
1514 1179 1702 1213 haeresibus
1720 1180 1853 1215 infectos
1877 1193 1930 1216 ca-

1177 1229 1285 1273 piendi
1306 1237 1335 1264 et
1357 1232 1542 1265 carceribus
1561 1233 1780 1278 mancipandi,
1798 1245 1834 1268 ac
1844 1235 1931 1269 iuxta

1177 1284 1347 1317 canonicas
1363 1285 1543 1329 sanctiones
1557 1291 1587 1319 et
1597 1292 1780 1320 sanctorum
1801 1293 1930 1332 patrum

1177 1337 1330 1379 instituta,
1355 1344 1451 1383 prout
1475 1340 1611 1384 qualitas
1637 1352 1826 1375 excessuum
1857 1354 1930 1377 exe-

1175 1391 1266 1433 gerit,
1279 1393 1326 1426 vel
1343 1394 1557 1427 conscientiae
1576 1400 1698 1428 vestrae
1719 1396 1869 1440 expedire
1888 1398 1931 1431 vi-

1153 1456 1155 1504 }
1175 1455 1246 1477 sum
1263 1446 1370 1487 suerit,
1382 1447 1538 1490 puniendi
1553 1453 1583 1481 et
1603 1449 1715 1492 poenis
1732 1449 1846 1484 debitis
1861 1451 1930 1495 ple-

1177 1498 1294 1531 ctendi.

1218 1551 1233 1595 ἓ
1250 1552 1278 1586 7.
1306 1553 1343 1585 Et
1358 1553 1397 1586 ad
1419 1563 1474 1587 cor
1494 1555 1599 1588 redire
1622 1555 1768 1590 nolentes
1789 1568 1807 1590 a
1827 1557 1929 1591 dictae

1175 1605 1335 1640 Ecclesiae
1376 1608 1606 1642 communione
1626 1636 1633 1650 ,
1666 1610 1753 1643 velut
1798 1611 1927 1655 putrida

1176 1660 1331 1701 membra,
1355 1667 1519 1706 separatos
1543 1668 1571 1695 et
1594 1663 1720 1704 divisos,
1742 1674 1779 1696 ac
1795 1664 1928 1698 damna-

1174 1713 1252 1747 tioni
1268 1719 1416 1748 aeternae
1437 1727 1511 1749 cum
1533 1716 1647 1749 Satana
1667 1721 1698 1749 et
1721 1717 1844 1760 angelis
1859 1718 1929 1752 eius

1173 1767 1328 1809 addictos,
1351 1779 1387 1800 ac
1411 1774 1570 1812 perpetuo
1592 1769 1727 1803 infames
1748 1781 1784 1803 ac
1800 1770 1929 1805 intesta-

1173 1820 1253 1853 biles
1263 1831 1346 1860 esse3
1370 1831 1495 1854 necnon
1515 1822 1599 1866 bona
1620 1833 1734 1856 eorum
1750 1824 1924 1868 quaelihet,

1174 1873 1304 1906 mobilia
1320 1879 1350 1906 et
1365 1874 1556 1915 immobilia,
1568 1876 1764 1921 cuicumque
1780 1877 1924 1911 fidelium

1174 1927 1272 1960 libere
1293 1932 1322 1960 et
1342 1927 1427 1961 licite
1448 1927 1613 1969 invadere,
1636 1940 1796 1974 occupare
1816 1936 1846 1964 ct
1865 1931 1925 1965 sibi

1172 1981 1339 2026 acquirere
1360 1982 1476 2024 licere,
1504 1994 1658 2027 personas
1685 1995 1799 2018 eorum
1825 1986 1924 2030 capti-

1171 2047 1244 2069 vare
1255 2037 1326 2070 etin
1336 2043 1526 2083 perpetuam
1548 2039 1729 2073 servitutem
1751 2041 1922 2083 adducere,

1173 2102 1309 2136 corpora
1318 2103 1444 2133 eorum,
1454 2098 1625 2136 postquam
1633 2093 1782 2127 defuncta
1792 2095 1922 2137 suerint,

1172 2145 1338 2189 sepultura
1359 2145 1573 2179 ecclesiastica
1593 2157 1703 2180 carere
1723 2147 1839 2182 debere
1868 2149 1924 2182 de-

1172 2199 1337 2240 cernendi,
1360 2199 1576 2233 denunciandi
1597 2205 1626 2233 et
1647 2201 1842 2234 declarandi.

1216 2252 1230 2294 g
1251 2251 1281 2285 8.
1304 2252 1341 2284 Et
1360 2251 1613 2295 quiadveritatis
1628 2253 1739 2287 lumen
1759 2254 1877 2296 redire,
1894 2261 1925 2289 et
1953 2278 2122 2301 nemmem„-

1171 2305 1358 2338 huiusmodi
1386 2306 1535 2340 haereses
1563 2305 1712 2341 abiurare
1744 2308 1921 2350 voluerint,
1939 2313 2121 2334 ¹0m³d⁰de¹¹¹⁶²

1173 2363 1343 2402 postquam
1364 2369 1508 2392 errorem
1529 2371 1625 2392 suum
1645 2343 2122 2404 deposuerint,id-5232'552'1232'2'5.

1172 2417 1234 2449 que
1248 2406 1586 2452 humiliterpetierint,
1604 2409 1629 2441 si
1645 2409 1923 2455 aliasrelapsinon
1938 2407 2122 2461 ζἐᾖζὲᾗξᾭξζζῖ

1172 2455 1289 2488 fuerint
1302 2483 1309 2496 ,
1336 2462 1464 2501 recepta
1483 2457 1523 2490 ab
1543 2458 1588 2491 eis
1608 2458 1699 2502 prius
1722 2459 1922 2494 abiuratione
1937 2470 2026 2496 pressis,
2047 2471 2121 2492 absol-

1172 2505 1312 2537 hacresis·
1332 2511 1363 2538 et.
1387 2516 1535 2539 errorum
1560 2507 1760 2548 huiusmodi,
1781 2508 1922 2552 legitime
1937 2502 2121 2557 ffiss‘e'gfissfssffig‘

1172 2559 1201 2586 et
1216 2554 1345 2597 publice
1365 2555 1522 2595 facienda,
1533 2557 1792 2600 praestandoque
1801 2568 1860 2601 per
1868 2568 1923 2591 eos
1937 2561 2022 2582 ‘⁰⁶⁰'ss
2037 2563 2122 2590 dhre-²-

1172 2602 1352 2636 iuramento
1376 2604 1462 2647 quod
1482 2604 1556 2637 talia
1576 2605 1727 2649 deinceps
1746 2616 1811 2639 non
1835 2617 1922 2640 com-
1937 2595 1994 2620 ⁵⁶⁰*

1172 2652 1377 2686 [inurens-20>
1400 2654 1470 2687 talia
1491 2654 1539 2686 vel
1560 2654 1620 2686 alia
1640 2655 1689 2687 his
1710 2655 1824 2688 similia
1835 2666 1923 2689 com-

1957 1581 2126 1609 lmpnentienm

1943 1613 2013 1634 multis
2051 1619 2126 1639 poem:

1943 1647 2066 1668 coen-rezne
