2227 3001
36 256 103 284 'Am
122 256 149 284 C.
170 256 235 283 ttius.)

86 1068 124 1096 Qui
145 1070 226 1096 possint

43 1101 122 1126 eligere
139 1107 228 1126 genera-

43 1132 82 1154 lem
98 1131 151 1152 infra
167 1138 227 1153 meu-

41 1169 94 1188 sem‚
105 1164 122 1183 si
138 1165 183 1184 eius
194 1163 226 1184 of-

42 1195 110 1216 ficium
124 1198 193 1216 vacet.

898 259 1014 283 PAULt's
1036 259 1069 282 111
1090 260 1136 282 FP.

249 309 336 342 modi
371 310 554 352 generalem
589 310 671 342 infra
714 321 833 343 annum
876 317 1023 367 semper}

247 363 364 407 eligere
394 364 634 403 consueverint,
664 364 874 398 nil‘iilominus
903 377 1023 420 gene—t¹

246 417 344 450 ralem
372 416 576 458 huiusmodi,
599 418 724 461 quoties
744 430 816 451 eum
844 419 1000 453 decedere
1021 422 1022 449 ἐ

245 476 300 504 aut
328 470 414 503 illius
441 471 583 504 officium
613 482 736 505 cessare
772 472 952 516 contigerit,
975 473 997 505 si

244 524 332 557 vobis
345 530 376 557 et
395 524 465 557 aliis
481 524 624 557 eiusdem
643 525 769 559 Ordinis
784 526 934 570 praelatis
954 528 998 558 iu-
1020 557 1022 569 ,

245 577 420 621 frascriptis
454 578 591 620 eligendi
636 579 763 612 lieentia
802 585 831 612 et
866 580 1022 612 facultas·

245 630 488 671 concederetur,
501 632 645 674 profecto
662 632 693 664 in
709 632 886 666 evidentius
902 633 999 666 totius

244 683 372 718 Ordinis
400 685 657 718 emolumentum
686 692 716 719 et
735 687 835 719 decus
855 687 993 720 cederet.

243 737 347 777 Quare
367 749 426 782 pro
446 744 536 782 parte
561 744 663 771 restra
685 740 777 772 nobis
811 740 866 772 suit
890 740 996 772 liumi-
1019 745 1020 750 ¹

244 791 317 825 liter
345 792 562 836 supplicatum
588 798 623 826 ut
647 793 723 825 dicti
743 793 869 826 Ordinis
907 805 996 827 com-

243 846 339 879 modo
373 852 402 878 et
432 846 541 879 decori
576 848 757 886 consulere,
793 858 829 880 ac
862 847 940 880 alias
965 847 994 880 in

242 899 426 942 praemissis
455 906 638 944 opportune
660 901 827 945 providere
851 901 888 933 de
905 902 995 934 beni—

241 953 360 996 gnitate
381 954 556 997 apostolica
577 954 798 996 dignarcnnir.

286 1006 300 1050 ᾗ
325 1007 356 1039 Δ1.
384 1007 446 1040 Nos
471 1007 578 1050 igitur,
606 1007 661 1051 qui
687 1018 898 1052 personarum
916 1020 994 1052 qua—

241 1060 405 1101 rumlibet,
424 1061 612 1104 praesertin]
625 1060 798 1102 Religionis
815 1061 888 1104 iugo
906 1062 994 1094 dedi-

241 1118 360 1153 tarum,
394 1113 473 1147 volis
507 1114 644 1147 libenter
675 1115 862 1153 annuimus,
884 1125 938 1147 vos
959 1126 993 1147 ac

240 1168 994 1212 praelatosinfrascriptosutrumqueetsingulus

240 1231 257 1253 a
282 1221 446 1264 quibusvis
471 1221 830 1261 exconimunicationis‚
858 1232 993 1265 suspen-

240 1274 339 1308 sionis
359 1280 388 1308 et
410 1275 570 1308 interdicti
596 1275 730 1319 aliisque
769 1276 993 1309 ecclesiasticis

240 1328 416 1368 sententiis,
444 1328 590 1361 censuris
615 1335 645 1361 et
666 1329 790 1372 poenis,
818 1340 835 1361 a
856 1329 925 1362 iure
946 1331 992 1363 rel

239 1382 279 1415 ab
299 1382 443 1422 homine,
466 1383 576 1425 quavis
601 1383 792 1415 auctoritaie
825 1383 871 1415 rel
898 1394 992 1416 causa

238 1435 326 1477 latis,
362 1437 386 1469 si
420 1436 538 1479 quibus
571 1436 811 1480 quomodolibet
848 1437 992 1470 innodati

240 1489 384 1529 existitis,
411 1490 449 1522 ad
475 1490 626 1523 ellectum
652 1490 871 1533 praesentium
897 1491 991 1523 dum-

238 1547 321 1576 taxat
342 1544 624 1587 consequenduni,
648 1544 762 1576 harum
784 1544 865 1577 serie
886 1545 991 1578 absol—

238 1602 346 1630 ventes
367 1602 397 1630 et.
412 1597 575 1630 absolutos
591 1598 658 1630 sore
679 1603 858 1639 censentes,
878 1598 991 1631 liuius-

240 1651 326 1684 modi
360 1650 650 1695 supplicationibus
670 1651 825 1691 inclinati,
848 1652 935 1684 vobis
955 1663 991 1685 ac

241 1704 354 1737 maiori
390 1716 498 1739 sacrae
536 1705 790 1739 Camaldulensis
824 1706 928 1739 Eremi
962 1712 989 1739 et

239 1757 411 1797 Classensi,
443 1758 694 1800 Ravennatensi,
724 1770 849 1792 necnon
885 1760 990 1793 Sancti

239 1812 400 1846 Michaelis
423 1813 462 1846 de
487 1813 632 1853 Murano,
660 1824 696 1846 ae
721 1813 854 1847 Sanctae
876 1814 991 1847 Mariae

241 1867 280 1900 ad
303 1867 472 1906 Carceres,
500 1872 528 1900 et
555 1867 650 1900 Vallis
674 1866 775 1900 Castri
800 1867 988 1908 abbatibus,

239 1931 365 1954 necnon
390 1932 448 1965 per
474 1921 597 1965 priores
622 1921 795 1964 gubernari
822 1921 989 1955 solitorum

238 1975 344 2009 Sancti
360 1975 506 2008 Matthiae
523 1976 560 2008 de
581 1975 725 2015 Murano,
741 1986 777 2009 ac
793 1976 989 2018 Angelorum

237 2028 416 2062 Florentiae
449 2028 525 2062 dicti
558 2028 684 2062 Ordinis
719 2030 988 2062 monasteriorum

237 2081 400 2127 prioribus
420 2093 479 2126 pro
501 2087 646 2127 tempore
667 2082 884 2123 existentibus,
905 2084 989 2126 quod

236 2136 275 2169 de
309 2141 415 2169 cetero
454 2135 513 2180 ipsi
548 2141 578 2169 et
604 2147 658 2168 vos
691 2148 727 2169 ae
755 2147 814 2180 pro
846 2142 990 2180 tempore

237 2189 489 2223 existentesdicti
502 2189 629 2224 Ordinis
646 2190 874 2231 visitatores‚in
889 2202 989 2224 unum

237 2244 269 2277 in
298 2244 384 2278 dicto
412 2245 606 2278 monasterio
646 2244 820 2285 Classensi,
849 2250 904 2278 aut
928 2245 990 2278 alio

236 2298 438 2333 convenienti
458 2299 544 2339 loco,
567 2299 604 2331 de
630 2299 775 2332 omnium
798 2309 854 2331 seu
888 2299 989 2331 maio-

236 2352 280 2386 ris
290 2352 389 2396 partis
404 2358 543 2385 vestrum
561 2362 720 2385 consensu
737 2352 897 2394 eligendo,
916 2363 990 2385 con-

236 2405 369 2449 gregati,
396 2406 579 2448 generalem
600 2404 858 2449 congregationis
878 2410 907 2438 et
932 2404 989 2439 Or-

236 2458 319 2492 dinis
350 2458 555 2498 huiusmodi,
583 2458 707 2502 quoties
732 2469 805 2491 eum
835 2458 989 2491 decedere

237 2508 418 2551 contigerit,
432 2507 513 2540 iufra
531 2518 672 2540 mensem
689 2518 706 2540 a
727 2508 776 2540 die
797 2507 902 2540 obitus
932 2518 990 2550 pro

236 2562 382 2601 tempore
416 2557 578 2590 existentis
610 2557 769 2600 generalis
802 2557 989 2590 huiusmodi

237 2606 512 2650 computandum,
540 2616 642 2649 nsque
669 2606 708 2638 ad
735 2607 879 2639 futurum
901 2606 989 2649 capi-

236 2656 354 2697 tulum,
376 2655 509 2699 singulis
529 2655 633 2697 annis,
655 2656 742 2690 iuxta
761 2655 906 2689 eiusdem
927 2660 989 2689 sta·
1009 2648 1015 2705 l

318 2710 392 2741 Bate.
412 2709 488 2740 [tom.
512 2709 565 2740 Vot.
584 2709 630 2740 IV.
834 2709 872 2739 50

1687 252 1751 285 393

1045 318 1122 351 tuta,
1144 312 1211 345 lieri
1238 311 1380 351 solitum,
1408 312 1526 354 eligere
1552 313 1678 356 possitis
1698 318 1725 345 et
1743 325 1794 345 va-

1044 362 1146 399 leatis,
1169 361 1360 394 auctoritate
1377 361 1564 405 apostolica,
1586 367 1696 394 tenore
1713 374 1794 406 prze-

1044 410 1180 442 sentium
1215 411 1253 442 de
1288 411 1417 454 speciali
1451 409 1551 453 gratia
1577 410 1792 453 indulgemus.

1043 459 1257 492 Dceernentes
1273 460 1463 492 electionem
1480 471 1537 503 per
1548 470 1601 492 vos
1616 471 1651 493 ac
1667 460 1796 493 abbates

1043 515 1070 541 ct
1094 509 1218 552 priores
1239 509 1424 542 huiusmodi
1452 509 1630 541 faciendam
1660 510 1794 542 validam

1042 564 1069 590 et
1098 560 1259 591 efficacem
1294 559 1376 598 sore,
1403 570 1440 591 ac
1465 570 1687 602 quascumque
1720 559 1795 591 alia<

1041 607 1135 639 aliter
1164 619 1222 651 pro
1254 613 1398 651 tempore
1431 609 1528 641 factas
1554 608 1584 640 in
1610 609 1794 651 generalem

1042 656 1410 689 lmiusmodielectiones
1428 656 1438 679 ¹
1458 657 1562 689 nullas
1588 662 1618 689 et
1645 656 1796 690 invalidas

1018 714 1021 742 5
1041 704 1186 737 existere.

1085 753 1149 796 ge.

1180 755 1222 787 Ac
1244 755 1385 787 volentes
1411 755 1509 797 quod,
1534 755 1557 788 si
1589 766 1641 788 vos
1674 767 1711 789 ac
1738 757 1794 789 ab-

1813 264 1860 287 Αἓῐι.
1880 261 1908 286 C.
1931 260 1995 287 tli't‘)

1824 768 1861 790 Oui
1880 772 1928 786 vtro
1946 769 1993 793 pos!

1811 806 1814 817 ι
1825 789 1904 823 1111151111
1936 801 1993 818 nten-

1041 801 1128 834 bates
1154 808 1182 835 et
1212 803 1335 846 priores
1357 804 1516 846 praefatos
1545 804 1583 836 ad
1611 805 1794 847 generalem
1812 837 1862 851 mh

1041 850 1226 884 huiusmodi
1245 852 1325 884 inl‘ra
1343 862 1443 884 unum
1456 863 1597 885 mensem
1611 854 1793 895 eligendum

1040 900 1203 934 discordes
1219 912 1286 934 esse
1305 901 1486 943 contigerit,
1505 903 1603 946 quod,
1617 904 1796 937 0100501111-

1040 949 1178 983 iusmodi
1206 951 1332 994 elapso,
1362 961 1473 983 omnes
1501 952 1597 984 totius
1618 952 1745 985 Ordinis
1766 959 1792 985 et

1039 999 1298 1041 congregationis
1332 999 1517 1032 huiusmodi
1552 1002 1705 1044 praelati,
1737 1013 1794 1045 pro

1039 1047 1195 1080 electione
1231 1048 1416 1081 huiusmodi
1451 1049 1608 1088 facienda,
1632 1051 1662 1082 in
1693 1061 1793 1084 unum

1039 1096 1228 1139 congregari
1250 1103 1277 1129 et
1301 1098 1482 1135 convocari,
1506 1110 1541 1131 ae
1563 1110 1663 1132 imunt
1686 1100 1717 1132 in
1739 1111 1793 1143 ge-

1037 1146 1180 1178 neralem
1204 1146 1331 1179 Ordinis
1355 1147 1523 1190 praedicti,
1541 1147 1793 1182 invocatodesu—

1038 1206 1095 1237 per
1116 1195 1221 1228 (lirino
1243 1195 1374 1235 auxilio,
1393 1196 1510 1238 eligere
1532 1196 1667 1230 debeant
1684 1203 1712 1230 et
1730 1204 1794 1231 stu-

1037 1245 1144 1277 deant.

1080 1294 1094 1336 §
1115 1294 1146 1326 53.
1169 1294 1237 1326 Non
1259 1293 1461 1326 obstantibus
1480 1293 1645 1337 quibusvis
1673 1296 1792 1328 consti-

1822 1308 1933 1334 Iitwgaiio
1945 1315 1994 1329 cor.-

1036 1342 1216 1376 tutionibus
1242 1349 1271 1376 et
1303 1343 1561 1376 01·(1111;11101111)115
1586 1344 1789 1387 apostolicis,
1820 1347 1920 1359 '‘²'¹*'''¹'¹'

1036 1403 1072 1424 ac
1102 1392 1363 1435 congregationis
1382 1397 1410 1424 ct
1435 1391 1562 1425 Ordinis
1587 1392 1789 1431 huiusmodi,

1036 1441 1237 1479 iuramento,
1261 1441 1508 1474 confirmatione
1543 1442 1719 1484 apostoliea
1744 1443 1790 1475 rel

1035 1490 1145 1534 quavis
1166 1491 1317 1524 firmitate
1338 1491 1399 1523 alia
1421 1490 1592 1529 roboratis,
1616 1491 1742 1523 statutis
1763 1497 1790 1524 et

1036 1540 1344 1580 0011511011111111111115,
1367 1539 1541 1584 privilegiis
1568 1551 1717 1583 quoque,
1741 1541 1791 1573 in-

1035 1589 1132 1622 dultis
1152 1595 1182 1622 et
1204 1589 1304 1622 literis
1324 1589 1527 1632 apostolicis,
1550 1589 1790 1632 congregationi

1035 1644 1065 1671 et
1085 1638 1193 1671 Ordini
1216 1638 1422 1677 huiusmodi,
1446 1638 1505 1671 sub
1530 1637 1791 1682 quibuscumque

1036 1688 1200 1721 tenoribus
1229 1692 1255 1720 et
1288 1688 1399 1720 formis
1418 1715 1425 1727 ,
1453 1698 1490 1720 ac
1524 1698 1598 1720 cum
1626 1687 1792 1731 quibusvis

1034 1738 1128 1770 etiam
1141 1737 1418 1778 derogatori-arum
1431 1737 1791 1781 derogatoi'iis,aliisque

1034 1787 1271 1820 efficacioribus
1288 1792 1317 1819 et
1334 1786 1469 1819 insolitis
1482 1787 1634 1819 clausulis
1653 1787 1684 1819 in
1701 1798 1791 1831 prae-

1035 1837 1207 1870 missorum
1238 1837 1435 1869 contrarium
1471 1836 1576 1868 forsan
1613 1837 1789 1876 concessis,

1034 1885 1219 1929 approbatis
1246 1891 1273 1918 et
1296 1886 1465 1925 innovatis,
1486 1885 1604 1928 quihus
1626 1886 1789 1927 omnibus,

1034 1936 1129 1969 etiam
1158 1936 1194 1975 si,
1224 1947 1281 1979 pro
1304 1936 1432 1968 illorum
1463 1935 1634 1967 sufficienti
1656 1935 1791 1978 deroga-

1035 1985 1132 2023 tione,
1156 1985 1194 2018 de
1216 1985 1278 2017 illis
1306 1996 1486 2027 eorumque
1522 1984 1593 2016 totis
1622 1984 1790 2017 tenoribus

1034 2034 1192 2078 specialis,
1211 2034 1374 2078 specifica,
1394 2033 1554 2065 individua
1577 2038 1604 2065 et
1627 2043 1788 2077 expressa,

1034 2094 1098 2116 non
1119 2088 1225 2115 autem
1248 2094 1305 2126 per
1330 2083 1491 2115 clausulas
1519 2082 1685 2124 generales
1706 2082 1789 2115 idem

1034 2132 1257 2176 imponantes,
1282 2131 1402 2164 mentio
1428 2142 1483 2164 seu
1504 2131 1634 2173 quaevis
1654 2131 1715 2164 alia
1737 2143 1789 2164 ex-

1034 2182 1155 2224 pressio
1169 2181 1327 2221 habenda,
1341 2186 1393 2213 aut
1405 2181 1511 2224 allqua
1522 2180 1677 2224 exquisita
1688 2182 1789 2214 t'orma

1034 2230 1072 2263 ad
1089 2230 1150 2263 1100
1167 2230 1320 2263 servanda
1337 2230 1429 2269 soret,
1444 2235 1572 2262 tenores
1588 2229 1788 2271 huiusmodi,

1034 2291 1070 2313 ac
1091 2280 1114 2312 si
1136 2280 1174 2312 de
1197 2279 1294 2313 verbo
1322 2279 1360 2312 ad
1388 2279 1521 2312 verbum
1551 2279 1787 2319 insererentur,

1034 2329 1257 2373 praesentibus
1277 2340 1335 2372 pro
1352 2328 1550 2361 sufficienter
1565 2328 1722 2372 expressis
1737 2329 1790 2361 ha-

1034 2378 1156 2418 bentes,
1180 2377 1242 2410 illis
1262 2377 1339 2410 alias
1360 2377 1391 2410 in
1420 2388 1478 2410 suo
1499 2377 1616 2410 robore
1638 2388 1788 2420 perman-

1034 2427 1135 2466 suris,
1168 2427 1228 2460 liac
1255 2426 1321 2460 vice
1355 2427 1518 2459 dumtaxat
1554 2426 1735 2470 specialiter
1759 2432 1790 2459 et

1033 2486 1182 2519 expresse
1198 2475 1403 2519 derogamus,
1423 2475 1602 2519 ceterisque
1619 2475 1788 2508 contrariis

1033 2525 1306 2569 quibuscumque.

1071 2589 1079 2613 t
1101 2589 1129 2613 lu
1146 2591 1277 2619 {feneratis
1288 2589 1438 2614 [uniusmodi
1457 2589 1588 2617 electione,
1607 2586 1738 2613 mittarelli
1761 2590 1787 2610 et

1034 2628 1191 2659 C‹›sta‹l‹›1:i,
1219 2631 1318 2655 Annul.
1355 2630 1524 2660 Camaffluh,
1559 2627 1675 2656 venenis
1722 2626 1788 2653 1775

1032 2668 1072 2703 (a.
1089 2668 1139 2702 T.).
