2227 3001
237 247 288 274 An.
306 246 333 274 C.
357 246 423 274 ¹559

260 463 368 485 clausulae
385 463 423 483 de-

239 496 352 522 rugaturio.

292 945 351 965 Fides
368 949 426 964 tran—

244 980 377 1003 sumptorum.

482 235 546 270 566

438 298 581 333 sentibus
597 298 708 332 haberi
720 298 869 332 volumus
882 307 941 341 pro
961 299 1134 341 expressis3
1152 310 1188 331 ac

438 352 647 386 decernentes
668 352 793 385 irritum
815 356 871 384 etc.

482 406 496 449 ξ
512 407 543 440 5.
562 406 632 439 Non
644 404 842 439 obstantibus
858 404 1042 448 praemissis
1058 416 1094 438 ac
1111 416 1188 438 con-

438 459 657 493 stitutionibus
677 464 705 492 et
722 457 978 493 ordinationibus
993 458 1187 502 apostolicis,

438 524 563 547 necnon
574 514 733 547 dictorum
743 512 908 549 Ordinum,
921 512 1191 550 iuramc11t0‚con-

439 567 619 600 firmatione
640 566 814 610 apostolica
839 566 886 598 vcl
911 565 1021 610 quavis
1042 566 1191 599 firmitate

438 620 498 653 alia
514 619 681 655 roboratis,
698 618 822 652 statutis
838 624 867 651 et
888 619 1189 659 consuetudinibus,

439 672 609 717 privilegiis
629 683 768 716 quoquc,
790 672 922 705 indultis
943 678 972 705 et
992 672 1092 705 literis
1118 683 1193 716 apo-

438 726 558 759 stolicis
578 726 738 770 episeopis
767 731 795 759 et
817 725 1069 770 archiepiscopis
1098 736 1192 770 prae-

439 779 530 812 dictis
550 790 585 812 ac
611 779 774 823 quibusvis
799 780 876 812 alias
906 778 1066 812 concessis
1081 805 1088 818 ‚
1111 784 1194 812 cete—

440 832 548 876 risque
569 833 739 865 contrariis
758 832 1031 876 quibuscumque.

484 886 499 929 ζξ
519 885 548 919 6.
572 886 728 919 Volumus
754 892 861 919 autem
891 892 919 919 et
945 886 1030 919 dicta
1053 886 1194 919 auctori-

443 944 503 972 tate
533 939 738 972 decernimus
771 939 857 983 quod
883 939 1100 982 praesentium
1128 939 1196 972 lite-

443 1003 553 1025 rarum
573 992 795 1036 transumptis,
819 1003 917 1025 manu
938 992 1053 1025 notarii
1074 992 1195 1035 publici

442 1045 630 1089 subscriptis
660 1050 687 1078 et
719 1045 821 1089 sigillo
843 1046 980 1079 alicuius
1007 1045 1117 1079 curiae
1148 1056 1197 1078 cc-

1027 243 1205 269 BL'LLARIUM
1225 243 1378 270 ROMANL'M

1230 298 1425 332 clesiasticae
1442 309 1498 332 seu
1520 309 1675 342 personae
1696 298 1728 332 in
1754 296 1905 342 dignitate
1931 309 1984 332 ec-

1231 350 1405 385 clesiastica
1416 351 1606 385 constitutae
1617 352 1759 389 munitis,
1772 352 1883 385 eadem
1895 362 1985 396 pror-

1231 415 1285 437 sus
1305 404 1384 438 fides
1405 409 1462 438 etc.

1275 459 1388 491 Datum
1410 459 1529 492 Rornae
1550 459 1636 503 apud
1656 459 1688 493 S.
1710 460 1840 493 Petrum
1858 459 1916 493 sub
1931 470 1986 493 an-

1232 511 1310 544 nulo
1329 512 1510 553 piscatoris,
1534 512 1584 545 die
1604 522 1656 546 xix
1676 513 1758 553 iulii,
1779 512 1986 556 pontificatus

1233 564 1332 597 nostri
1354 576 1438 598 anno
1459 576 1488 597 v.

1277 618 1331 651 Die
1352 628 1413 651 xxii
1435 618 1503 651 iulii
1520 628 1617 652 anix
1631 619 1857 663 retroscriptae
1878 619 1987 653 literae

1234 672 1429 715 apostolicae
1451 672 1483 705 in
1504 673 1607 705 forma
1626 672 1730 705 brevis
1745 673 1855 706 affixae
1877 678 1906 706 et
1927 685 1988 716 pu-

1234 725 1370 758 blicatae
1388 726 1516 759 suerunt
1530 725 1562 758 in
1577 725 1673 759 valvis
1689 726 1896 759 Cancellariae
1907 727 1989 769 Apo-

1236 779 1366 812 stolicae
1391 790 1427 812 ac
1459 779 1527 812 acie
1553 778 1664 822 Campi
1698 779 1828 819 Florae,
1852 779 1991 812 dimissis

1237 832 1337 875 copiis
1348 832 1448 864 affixis
1462 843 1521 876 per
1536 843 1587 865 me
1604 832 1791 865 Medardum
1806 831 1989 873 Nicolaum,

1236 884 1291 917 SS.
1314 885 1349 917 D.
1372 885 1408 917 N.
1432 885 1536 928 Papae
1558 895 1738 918 cursorem.

1280 938 1432 971 Nicolaus
1453 939 1491 971 de
1511 939 1686 979 Matssmeis,
1708 938 1859 982 magister
1879 949 1992 972 curso-

1238 1002 1319 1025 rem.

1302 1049 1362 1079 Dat.
1378 1050 1425 1080 die
1444 1051 1478 1081 19
1494 1050 1560 1081 iulii
1577 1051 1662 1088 1559,
1682 1050 1784 1090 pontif.
1804 1059 1879 1080 anno
1901 1059 1926 1080 v.

1043 1750 1143 1783 Fms
1169 1749 1259 1782 'l'ffltl
1286 1749 1396 1782 SEXTI

1999 243 2051 272 An.
2068 243 2095 272 C.
2117 243 2182 272 1559

2034 627 2159 649 Publicnio.
