2227 3001
78 269 126 295 An.
144 268 173 295 c.
193 267 259 295 mus
913 269 1030 294 murs
1053 269 1088 294 111
1112 269 1160 294 pr.
1707 261 1770 297 387

91 322 195 344 ¹⁰⁰00‘12<
209 324 260 345 ’¹⁵¹²ss
277 322 469 365 reperiatur,
491 327 522 355 et
540 331 599 366 pro
619 331 676 354 sua
704 321 888 356 innocentia
912 323 1023 357 debeat
1110 323 1125 366 g
1140 323 1194 356 17.
1207 322 1245 355 Et
1260 323 1394 366 insuper
1409 322 1484 356 dicti
1500 322 1622 356 iudices
1638 330 1818 359 carceratos

79 355 152 375 solvat.

90 532 192 553 eun-‚ms
214 541 223 550 «-
241 540 249 553 r

78 568 149 584 cerum
174 569 250 584 serven

78 630 121 645 ΙῚΕ.

131 1124 249 1146 timui-‚re

79 1156 133 1176 idem
148 1156 189 1176 (aci
205 1160 233 1176 nt.

276 375 423 415 relaxari,
440 374 521 408 nihil
536 375 574 407 ab
591 385 628 408 eo
644 375 676 408 in
692 375 796 419 aliqua
810 376 910 416 curia,
929 377 1024 409 etiam
1066 387 1124 420 per
1143 377 1222 410 alios
1242 387 1306 410 non
1322 382 1477 410 arrestent
1497 377 1529 409 in
1550 377 1745 419 carceribus,
1763 379 1816 411 scd

276 429 444 463 occasione
469 428 607 462 cuiusvis
618 430 845 471 assettamenti,
867 430 1022 473 exigatur.
1067 429 1091 462 si
1119 430 1212 462 aliam
1241 441 1370 464 causam
1401 430 1517 463 habent
1539 436 1650 463 contra
1671 442 1818 464 carcera-

319 483 333 526 ἓ
352 481 405 515 13.
437 481 591 515 Custodes
609 493 684 515 vero
711 494 878 516 carcerum
898 484 1026 517 decreta
1067 489 1149 519 tum,
1164 483 1485 527 significetui-iudici,
1505 484 1542 517 de
1564 483 1655 517 cuius
1672 485 1819 517 commis-

251 535 426 569 ·Camerae
459 535 536 569 alias
570 536 653 569 edita
686 547 809 570 servare
843 543 1024 571 teneantur:
1068 537 1156 570 sione
1181 538 1240 570 suit
1264 542 1458 577 carceratus,
1485 543 1516 570 et
1536 537 1588 570 ille
1612 537 1645 570 in
1670 538 1820 571 omnibus

254 567 261 584 ῑ

78 595 164 614 flecma
186 594 261 616 Came-
275 589 385 622 Turris
403 589 524 629 Nonae,
547 600 605 634 pro
627 591 768 633 quolibet
790 591 920 631 clerico,
943 592 1027 624 ultra
1069 591 1221 634 procedat
1241 597 1350 624 contra
1372 597 1592 632 carceratum3
1614 597 1742 636 praeter
1761 603 1820 635 gu-

276 643 422 676 carlenos
440 648 562 675 veteres
583 654 648 681 sex;
666 654 724 687 pro
745 644 837 685 laico,
855 645 939 677 ultra
949 650 1025 677 tres:
1069 645 1286 683 bernatorem,
1305 645 1360 689 qui
1381 645 1479 689 possit
1499 651 1656 678 arrestare
1673 657 1710 679 ex
1725 656 1822 679 causa

276 702 382 730 custos
393 696 503 729 Turris
513 697 552 729 de
570 696 714 737 Sabellis,
735 698 817 731 ultra
833 698 914 732 duos
929 699 1029 731 carle-
1070 697 1238 730 delationis
1257 708 1435 731 armorum.
1450 699 1540 736 ltcni,
1555 699 1578 731 si
1600 699 1717 743 aliquis
1737 699 1822 733 iudi-

274 760 333 783 nos
345 750 466 783 similes
490 750 721 792 indifferenter,
743 757 808 784 tam
827 763 886 796 pro
910 752 1028 785 clerico
1070 761 1143 783 cum
1167 752 1377 785 commisisset
1398 753 1584 785 mandatum
1606 753 1644 785 de
1666 752 1822 796 capiendo

275 814 372 847 quam
402 815 461 848 pro
490 804 593 844 laico,
623 805 719 838 etiam
748 816 807 850 pro
843 817 1028 839 excarcera-
1071 803 1225 847 aliquem,
1255 811 1429 848 antequam
1451 805 1648 846 gubernator
1674 806 1722 839 vel
1742 805 1824 839 alius

275 856 361 890 tione
373 857 419 889 vel
431 857 632 897 liberatione,
649 869 713 891 non
729 859 842 902 exigat.
857 859 892 891 Et
910 859 934 892 si
946 860 1030 892 ultra
1071 868 1107 889 ex
1118 857 1210 890 dictis
1222 857 1382 890 iudicibus
1398 858 1476 891 illud
1494 858 1702 899 commiserit,
1716 859 1825 892 nullus

275 920 431 951 mensem,
446 910 513 944 sine
527 911 623 956 culpa
643 918 893 950 carceratorum,
911 912 953 945 ibi
974 913 1029 946 de·
1071 910 1153 943 alius
1183 911 1277 944 iudex
1310 911 1409 955 possit
1438 912 1476 944 de
1497 912 1552 945 illo
1587 923 1619 945 se
1652 912 1823 956 impedire,

275 962 450 1005 tineantur,
489 965 578 998 nullo
618 965 713 998 modo
752 965 927 1009 duplicatio
961 966 1027 1006 fiat,
1072 963 1248 997 dummodo
1282 964 1314 996 in
1348 964 1429 997 libro
1457 971 1602 998 actorum
1635 970 1758 999 constet
1787 965 1826 998 de

276 1023 371 1060 prout
392 1017 549 1051 hactenus
570 1017 773 1051 observatum
794 1018 863 1051 init.
1073 1016 1302 1050 commissione
1335 1017 1407 1050 talis
1439 1017 1601 1058 mandati,
1624 1023 1655 1051 et
1683 1018 1742 1052 sub
1772 1029 1826 1052 ea-

320 1071 402 1113 §14
422 1071 523 1104 Simili
539 1072 635 1105 modo
651 1071 832 1111 barisellus,
851 1073 1030 1105 marescalli
1072 1068 1143 1101 dem
1169 1070 1230 1102 die.

253 1132 262 1146 ⁵
277 1129 307 1156 et
333 1129 536 1165 executores,
564 1135 622 1168 pro
648 1125 797 1157 mercede
818 1135 894 1158 suae
915 1135 1030 1158 execu-
1116 1123 1130 1165 ἓ
1146 1123 1198 1156 «18.
1217 1123 1307 1164 Item,
1326 1124 1576 1167 significationes
1591 1125 1691 1158 factae
1704 1135 1762 1169 per
1772 1136 1827 1168 gu-

276 1176 372 1210 tionis
392 1176 521 1210 decreta
541 1176 644 1210 dictae
665 1177 817 1210 Gamerae
838 1188 962 1210 servare
983 1183 1029 1210 te-
1049 1211 1052 1220 ¹
1072 1176 1280 1209 bernatorem
1304 1177 1353 1209 vel
1373 1177 1452 1209 alios
1472 1176 1604 1217 iudices,
1624 1177 1696 1210 data
1711 1178 1827 1211 idonea

277 1236 426 1270 neantur‚
449 1230 508 1263 sub
528 1241 632 1274 poena
657 1229 911 1274 vigintiquinque
931 1230 1030 1263 duca·
1074 1229 1234 1269 cautione,
1265 1235 1433 1263 serventur
1452 1241 1511 1274 per
1530 1241 1642 1264 omnes
1670 1241 1727 1274 per
1746 1231 1827 1264 duos

276 1289 384 1316 torum
416 1294 474 1326 pro
505 1283 646 1327 qualibet
671 1284 737 1316 vice
762 1283 974 1323 incurrenda,
1001 1290 1031 1317 ct
1072 1293 1210 1323 menses,
1224 1283 1321 1327 lapsis
1332 1283 1459 1316 duobus
1474 1284 1650 1324 mensibus,
1669 1294 1733 1317 non
1758 1295 1825 1318 ser-

277 1342 311 1370 ut
331 1347 429 1380 supra
449 1336 651 1381 applicanda.
1071 1342 1197 1369 ventur.

321 1391 336 1434 ξ
351 1391 404 1424 15.
424 1390 483 1423 Pro
500 1390 633 1423 honesta
649 1389 821 1431 cibatione,
833 1390 916 1423 ultra
928 1401 1029 1423 unum
1116 1389 1192 1433 3119.
1207 1390 1297 1431 Item,
1321 1398 1505 1424 carceratus
1526 1402 1584 1435 pro
1605 1391 1713 1435 aliqua
1729 1401 1826 1424 causa

103 1443 262 1465 ⁰³¹⁰0r²²⁴⁰¹³³¹
279 1444 447 1477 carlenum
464 1443 601 1476 similem
617 1454 680 1476 non
702 1443 839 1486 exigant,
861 1444 903 1476 ita
925 1450 1030 1477 tamen
1050 1467 1052 1481 <
1073 1453 1130 1487 per
1163 1454 1265 1476 unum
1299 1444 1452 1484 iudicem,
1475 1455 1513 1477 eo
1538 1445 1690 1485 relaxato,
1726 1443 1825 1489 possit

80 1476 156 1496 cibatio

92 2355 194 2377 Custodes
204 2361 252 2382 prae

79 2390 165 2408 sentent
189 2389 263 2407 risit..—

278 1497 377 1540 quod,
400 1507 459 1541 pro
480 1496 622 1540 qualibet
638 1496 705 1529 vice
726 1496 864 1536 cibandi,
882 1497 966 1530 ultra
982 1497 1030 1530 di·
1050 1484 1053 1509 ¹
1072 1506 1130 1539 per
1139 1496 1218 1529 alios
1233 1496 1355 1530 iudices
1371 1507 1430 1541 pro
1446 1508 1525 1530 nova
1541 1508 1638 1531 causa
1654 1497 1824 1538 carcerari,

279 1551 414 1584 midium
439 1551 604 1584 carlenum
630 1561 696 1583 non
722 1551 861 1594 capiant,
888 1557 923 1584 ut
947 1551 971 1583 si
992 1552 1030 1584 de
1050 1569 1052 1575 ‹
1073 1549 1127 1581 sed
1147 1559 1212 1582 non
1233 1560 1291 1592 pro
1307 1550 1431 1591 eadem,
1454 1550 1515 1583 nisi
1534 1551 1573 1584 de
1595 1551 1744 1584 mandato
1764 1562 1824 1585 no-

279 1614 373 1637 mane
396 1610 520 1637 tantum
547 1604 671 1638 cibatus
695 1604 801 1644 suerit,
828 1605 875 1638 vel
901 1605 938 1637 de
959 1616 1030 1638 sero
1051 1616 1053 1623 ·
1073 1607 1136 1635 stro
1157 1609 1212 1636 aut
1232 1604 1411 1637 camerarii.

278 1657 500 1697 dimidium,ut
515 1658 727 1701 praemittitur.
742 1658 858 1691 Verum
876 1669 934 1702 pro
953 1664 1031 1691 tem-
1116 1657 1130 1700 ξ
1151 1657 1203 1691 20.
1231 1657 1322 1697 Item,
1353 1658 1439 1702 quod
1457 1658 1590 1702 singulis
1614 1658 1826 1693 hebdomadis

277 1711 366 1755 poris
390 1711 542 1754 qualitate
567 1712 707 1745 solvatur
737 1711 843 1745 minus
871 1713 918 1745 vel
944 1713 1027 1757 plus,
1074 1710 1248 1744 visitatores
1276 1722 1443 1745 carcerum
1472 1712 1598 1746 visitent
1623 1723 1734 1746 omnes
1754 1724 1825 1747 car-

277 1765 454 1799 dummodo
485 1776 549 1798 non
581 1765 753 1798 excedatur
785 1776 870 1798 unus
901 1776 1031 1809 grossus
1072 1774 1161 1797 ceres
1182 1765 1280 1798 semel
1302 1765 1333 1797 in
1354 1765 1568 1807 hebdomada,
1586 1767 1633 1800 vel
1649 1767 1758 1800 saltem
1778 1767 1826 1801 bis

277 1828 336 1862 pro
361 1819 504 1862 qualibet
527 1818 593 1851 vice
619 1818 757 1851 cibandi.
786 1818 818 1851 Si
842 1829 915 1852 vero
941 1820 1029 1852 nullo
1072 1818 1103 1850 in
1124 1818 1326 1851 hebdomada
1351 1819 1431 1852 duos
1456 1830 1614 1861 carceres,
1642 1820 1702 1854 nisi
1723 1820 1826 1865 impe-

276 1871 372 1904 modo
401 1872 496 1905 cibati
523 1872 653 1912 suerint,
676 1872 771 1905 etiam
793 1872 817 1904 si
838 1873 870 1905 in
890 1874 1029 1906 carceri-
1072 1871 1125 1904 diti
1148 1872 1278 1913 suerint,
1301 1879 1331 1906 et
1352 1874 1539 1906 relaxandos
1561 1874 1694 1907 relaxari
1711 1874 1828 1909 faciant

275 1924 335 1958 bus
355 1926 518 1970 aliquibus
550 1926 665 1959 diebus
692 1925 723 1958 in
749 1926 878 1960 secretis
912 1927 1029 1960 detenti
1072 1926 1176 1958 statim
1197 1932 1269 1960 ante
1290 1937 1452 1960 recessum
1474 1938 1492 1959 a
1512 1927 1610 1960 visita.

276 1978 349 2019 sint,
362 1978 607 2022 nihilexigatur.
625 1979 776 2012 Detentus
797 1989 871 2012 vero
888 1979 918 2012 in
943 1981 1029 2023 larga
1115 1980 1129 2022 ἓ
1151 1980 1202 2012 ΞῙ.
1227 1980 1315 2020 Item,
1333 1981 1363 2013 id
1380 1981 1466 2024 quod
1488 1991 1545 2024 per
1561 1991 1733 2014 commune
1752 1981 1825 2015 visi-

276 2031 371 2065 saciat
390 2032 448 2065 sibi
474 2043 628 2077 expensas
653 2033 749 2065 modo
774 2043 844 2072 suo,
868 2039 898 2066 et
918 2044 1028 2067 carce·
1073 2038 1209 2066 tatorum
1223 2040 1329 2067 votum
1348 2034 1559 2067 deliberatum
1577 2034 1684 2075 suerit,
1698 2045 1827 2080 semper

275 2096 349 2119 rum
371 2086 519 2119 custodes
535 2096 599 2118 non
620 2086 741 2129 possint
763 2093 954 2126 carceratos,
971 2087 1028 2120 ali-
1071 2087 1259 2121 observetur
1288 2095 1318 2122 et
1352 2088 1533 2121 executioni
1569 2089 1759 2129 mandetur,
1795 2096 1827 2124 et

277 2144 460 2172 mentorum
486 2150 640 2184 expensas
665 2150 728 2173 non
759 2140 925 2181 solventes,
946 2142 1030 2174 ultra
1072 2148 1178 2174 custos
1199 2153 1367 2175 carcerum
1395 2142 1441 2175 eis
1468 2153 1581 2186 parere
1609 2142 1735 2182 debeat,
1766 2143 1825 2176 sub

276 2192 420 2236 quinque
440 2193 506 2226 dies
526 2194 558 2226 in
579 2194 715 2226 cameris
735 2193 890 2233 detinere,
913 2195 1030 2238 quibus
1072 2205 1175 2238 poena
1201 2196 1312 2229 decern
1345 2196 1557 2235 ducatorum,
1585 2202 1619 2228 ut
1644 2196 1826 2240 praefertur

279 2246 407 2290 elapsis,
430 2246 461 2279 in
483 2246 619 2290 publicis
640 2247 825 2280 carceribus
845 2254 975 2291 ponant.
1071 2249 1272 2292 applicanda,
1292 2260 1356 2282 non
1377 2250 1576 2282 obstantibus
1591 2249 1675 2282 tertii
1697 2256 1823 2284 contra-

321 2300 336 2343 ἓ
356 2300 408 2334 16.
432 2301 612 2334 Teneantur
628 2301 704 2335 dicti
721 2302 869 2335 custodes
885 2308 1029 2346 tempore
1071 2301 1209 2335 dictione
1226 2304 1273 2336 vel
1290 2302 1494 2342 inhibitione,
1513 2313 1572 2335 nec
1590 2303 1825 2336 contradicenti

256 2367 263 2371 ·
277 2353 384 2387 visitae
405 2365 516 2387 omnes
532 2362 722 2395 carceratos,
741 2356 868 2389 nemine
884 2362 1026 2399 excepto,
1072 2361 1100 2388 et
1122 2356 1270 2399 alleganti
1292 2362 1361 2400 post
1383 2357 1531 2400 praestita
1554 2363 1622 2390 vota
1645 2357 1711 2390 sore
1733 2368 1823 2390 man-

80 2418 160 2439 inrmus
185 2421 263 2439 mit-11·
278 2407 492 2442 visitatoribus
521 2416 735 2452 praesentare,
772 2416 800 2443 et
834 2411 866 2442 in
901 2411 1029 2443 secretis
1072 2409 1180 2443 datum
1206 2416 1351 2443 nostrum
1381 2411 1429 2443 vel
1455 2411 1640 2451 camerarii,
1664 2411 1723 2443 nisi
1746 2410 1824 2443 illud

80 2452 112 2469 tos
124 2451 144 2470 iu
165 2450 253 2476 pubium<

80 2484 100 2501 et
110 2482 219 2501 notificent
229 2484 253 2501 tte

256 2462 423 2496 {detentos
434 2463 588 2496 nunciare
604 2462 635 2495 in
656 2463 794 2507 scriptis3
814 2469 843 2496 et
860 2470 1027 2507 postquam
1072 2463 1230 2504 exhibeat,
1254 2465 1415 2505 credatur,
1440 2465 1493 2497 sed
1519 2464 1650 2497 omnino
1674 2464 1822 2497 relaxatio

79 2515 150 2532 *enm
179 2518 198 2532 ¹¹¹
227 2510 695 2551 s0·suerintexarninati,ssnito
712 2512 1030 2556 examine,praesen-
1072 2513 1137 2545 fiat.

79 2544 152 2564 eretiu.

279 2565 398 2601 tentur‚
412 2566 441 2593 et
456 2561 517 2594 hoc
534 2561 592 2594 sub
611 2571 712 2604 poena
729 2561 902 2606 praeniissa
919 2561 1028 2595 decem
1115 2563 1129 2606 ἓ
1150 2562 1202 2595 22.
1221 2563 1310 2603 Item,
1328 2564 1426 2607 quod,
1447 2564 1527 2596 sacto
1545 2564 1672 2596 decreto
1689 2563 1725 2595 tl&
1746 2563 1823 2595 rela-

277 2609 470 2644 ducatorum
495 2621 553 2653 pro
578 2610 721 2654 qualibet
743 2610 809 2644 vice
844 2616 1029 2645 contraven-
1071 2612 1186 2652 xando,
1200 2611 1348 2645 custodes
1363 2623 1426 2645 non
1444 2613 1601 2645 retineant
1621 2618 1820 2645 carceratum

276 2657 382 2695 tionis.
1045 2647 1056 2721 l
1072 2660 1179 2704 rigore
1212 2661 1349 2695 alicuius
1379 2667 1514 2704 arresti,
1544 2660 1603 2694 nisi
1624 2660 1719 2697 suerit
1746 2661 1820 2696 ειὼΕ

1831 273 1880 298 An.
1899 271 1929 298 C.
1950 267 2017 296 15748

1846 333 1933 354 Art-esta
1943 332 2017 351 dentur

1833 370 1870 391 per
1882 365 1980 386 iudicem,
1996 365 2021 382 ds

1834 400 1892 415 cuius
1922 395 2020 414 mandato

1834 429 1865 446 est
1882 426 1957 451 aliquis
1974 431 2020 445 car-

1833 460 1927 478 ceratus⁴

1855 1137 2025 1164 Significatione·

1841 1172 1954 1191 serventur
1987 1175 2025 1195 per

1842 1202 1893 1222 duos
1909 1205 2002 1222 meuses.

1840 1404 1881 1426 Pro
1897 1405 1969 1426 endem
1980 1410 2028 1425 enus

1840 1442 1863 1456 sa
1889 1442 1941 1457 unus
1961 1437 2022 1457 iudex

1839 1471 1943 1489 carcerat.

1861 1675 1961 1697 visua-to
1980 1678 2025 1697 stn-

1840 1707 1893 1733 gulis
1911 1708 2025 1729 bebdoma-

1840 1740 1872 1760 dis
1887 1739 1930 1760 flat.

1887 1994 2024 2017 vimmorum

1843 2028 1985 2049 restitutiones
1996 2034 2025 2048 at-

1842 2060 1962 2079 tenduntur.

1865 2569 1978 2591 Rotnandi
1997 2577 2022 2592 ex

1838 2603 1924 2623 det-reto
1943 2604 2021 2623 visitat.

1839 2639 1878 2653 nou
1892 2637 2023 2658 „assumtu-

1836 2665 1920 2688 restari.
