2227 3001
54 243 104 268 An.
122 241 150 268 C.
170 240 235 268 151ιῦ

87 781 203 802 Exordium,

101 1212 239 1239 Hieronymus

60 1245 146 1271 hliauus,
156 1246 206 1266 alias
217 1244 241 1265 E-

58 1278 160 1301 nullanus.
172 1276 239 1297 Vene-

58 1309 192 1334 tus‚eiusque
204 1313 240 1328 so—

59 1340 84 1360 rii
100 1340 182 1360 diversa
204 1340 241 1359 ho-

59 1370 142 1396 spitalia
150 1377 185 1396 pro
195 1376 242 1397 puu-

58 1401 143 1428 peribus
164 1402 241 1427 orpha-

58 1433 92 1452 nis
107 1435 128 1452 et
147 1432 242 1452 mulieri-

58 1463 96 1483 bus
118 1463 242 1483 convertitis

59 1497 180 1519 erexerunt,
213 1497 241 1519 et,

59 1531 96 1552 pro
114 1530 186 1546 eortlnl
208 1531 242 1546 sa·-

59 1556 146 1577 lubrimi
171 1556 242 1583 profe-

60 1591 102 1614 ctu,
130 1590 205 1614 petunt
231 1594 242 1608 ι

59 1618 116 1646 Papa
136 1619 242 1640 lit-entiam

60 1652 202 1672 constituendi
218 1658 243 1672 u-

58 1684 242 1709 numsnperiervm

57 1714 205 1741 postulantque
218 1720 242 1734 a-

58 1744 112 1772 liqua
124 1746 240 1772 privilegia.

888 236 1005 261 PAULUS
1028 236 1062 259 111
1087 236 1133 259 1³1³.

568 289 673 323 XXIX.

250 359 443 404 Approbatz'o
468 358 648 396 societatis,
678 361 743 390 tam
770 356 996 389 ecclesiastica-

292 424 364 446 rum
374 422 468 455 qaam
479 411 693 443 saeculariam
706 421 918 453 personantia
936 421 996 442 iiii-

289 477 347 510 per
367 466 534 498 institutae
554 465 596 496 ad
615 464 802 507 eriqciiclum
823 464 998 507 hospitalia

289 530 347 564 pro
366 519 570 551 subventione
583 528 759 560 pctiqierztm
778 518 998 560 orphanorum

293 577 321 606 el
340 573 511 605 mulierum
531 572 795 604 conrertitarnm.

267 653 364 683 Paulus
382 652 453 688 rapa
471 653 515 685 ut,
530 653 564 680 ad
576 653 737 688 perpetuam
755 653 797 681 rei
815 652 981 680 memoriam.

294 725 336 759 Ex
352 724 496 758 iniuncto
515 724 607 757 nobis
623 724 772 768 desuper,
791 724 911 757 meritis
927 723 1001 756 licet

251 779 438 824 imparibus,
468 778 660 822 apostolieae
681 778 839 811 servitutis
872 778 997 816 officio,

251 833 338 873 votis,
351 843 408 876 per
418 843 501 876 quae
521 832 725 876 hospitalium
740 837 769 864 et
779 831 914 864 aliorum
936 831 1001 875 pio-

252 898 323 920 rum
344 887 490 919 locorum
517 886 635 919 utilitas
655 890 685 919 et
711 885 847 918 salubris
867 884 1000 917 directio

252 946 462 984 procuratur,
490 940 627 973 libenter
652 939 843 977 annuimus,
867 938 905 970 ad
930 938 1001 971 illos

253 1005 380 1039 quoque
401 995 561 1027 dexteram
583 999 709 1026 nostrae
730 992 928 1025 liberalitatis
948 1003 1000 1025 ex-

253 1048 432 1089 tendimus,
456 1059 536 1092 quos
563 1048 602 1081 ad
631 1047 662 1080 id
692 1046 822 1091 propria
850 1046 1000 1079 virtutum

254 1103 366 1136 merita
387 1102 608 1146 multIpliciter
628 1101 901 1135 recommendant.

297 1157 312 1201 ἓ
327 1157 356 1190 l.
374 1156 465 1197 Sane,
482 1167 540 1200 pro
555 1161 643 1199 parte
655 1155 844 1187 dilectorum
861 1154 1001 1186 filiorum

254 1210 475 1243 universorum
492 1219 673 1253 pauperum
689 1208 911 1252 orphanorum
927 1206 1003 1240 San-

255 1269 321 1297 ctae
331 1264 446 1297 Mariae
463 1263 665 1306 Magdalenae
677 1262 708 1295 in
724 1260 878 1293 suburbio
897 1260 1003 1293 Sancti

254 1318 409 1352 Leonardi
432 1317 670 1361 Bergomeusis,
690 1321 720 1349 et
741 1315 1000 1354 Mediolanensis,

256 1370 429 1411 Comensis,
448 1370 624 1410 Ianuensis,
642 1369 816 1413 Papiensis‚
834 1368 1004 1402 Brixiensis

257 1430 286 1459 et
304 1425 494 1458 Veronensis
505 1424 665 1457 civitatum
687 1435 723 1457 ac
744 1424 927 1456 dioecesum
945 1423 1003 1455 ho—

257 1478 417 1523 spitalium
444 1478 691 1512 recollecturum
718 1482 1001 1520 nuncupatorum,

256 1538 364 1566 actam
381 1532 669 1566 ecclesiasticarum
683 1543 777 1576 quam
790 1531 1003 1564 saecularium

257 1597 467 1631 personarum
495 1586 527 1618 in
554 1586 598 1619 eis
627 1584 891 1625 deservientium,
913 1584 1004 1617 nobis

257 1650 361 1683 nuper
385 1639 523 1672 exhibita
550 1639 659 1682 petitio
687 1638 869 1671 continebat
904 1638 1001 1680 quod,

258 1704 331 1726 cum
359 1693 437 1726 alias
470 1693 633 1736 quondam
666 1692 880 1736 Hieronymus
901 1691 1004 1731 Miani,

257 1746 331 1780 civis
349 1747 566 1787 Venetiarum,
589 1747 698 1791 plures
714 1757 871 1790 pauperes
887 1746 1004 1789 orpha-

255 1810 325 1841 nos,
341 1805 471 1844 propter
490 1800 649 1833 bellorum
672 1801 702 1833 in
719 1800 806 1833 ltalia
823 1799 1004 1843 urgentium

256 1853 359 1887 tristes
380 1859 510 1887 eventus
530 1858 559 1887 et
587 1854 703 1887 famem
729 1858 913 1897 urgentem,
937 1864 1006 1896 pas—

256 1908 315 1940 sim
344 1908 512 1941 derelictos
539 1908 644 1951 vagari
673 1908 803 1947 videret,
827 1907 909 1940 idem
932 1907 1005 1939 llie-

257 1973 409 2006 ronymus
427 1989 434 2003 ‚
466 1962 642 1995 devotionis
676 1962 799 1995 fervore
833 1967 863 1995 et
890 1961 1005 2005 pietate

258 2022 374 2056 motus,
398 2016 595 2060 praedictum
617 2016 774 2060 hospitale
791 2016 925 2049 Sanctae
946 2016 1006 2048 llla-

258 2069 322 2103 riae
347 2071 548 2113 Magdalenae
569 2069 740 2109 inclioavit;
764 2075 793 2102 et
813 2069 927 2102 deinde
947 2069 1005 2101 ho-

257 2123 368 2167 spitale
389 2123 610 2167 praedictum,
641 2128 705 2156 tam
733 2127 864 2166 propter
890 2122 1005 2156 civium

260 2176 289 2209 in
328 2176 450 2210 civitate
482 2176 687 2220 Bergomensi
721 2176 905 2219 degentium
944 2177 1006 2209 ser-

259 2235 383 2263 ventem
413 2230 575 2264 caritatem
609 2241 705 2273 quam
734 2230 899 2275 providam
927 2230 1008 2263 dirc-

259 2285 397 2318 ctionem
418 2291 447 2319 et
463 2285 588 2319 salubre
606 2285 749 2328 regimen
765 2284 920 2329 praedicti
936 2285 1007 2317 Hie-

258 2339 393 2384 ronymi,
403 2339 434 2372 in
450 2344 584 2380 tantum,
599 2344 728 2373 auctore
743 2339 888 2378 Domino,
902 2339 1006 2376 crevit,

259 2398 293 2426 ut
314 2393 397 2426 idem
418 2393 630 2437 Hieronymus
649 2393 687 2426 ad
707 2393 768 2426 alia
788 2393 957 2437 hospitalia
976 2393 1005 2426 in

259 2447 328 2480 aliis
348 2447 453 2480 ltaliae
482 2447 624 2490 partibus
644 2446 837 2480 instituenda
864 2446 1006 2480 animum

259 2496 437 2539 applicarit.
461 2497 506 2529 Ita
524 2496 610 2540 quod
634 2501 698 2529 tam
723 2497 756 2529 in
783 2495 1006 2529 Mediolanensi

259 2557 354 2589 quam
376 2545 523 2578 Comensi
538 2550 569 2578 et
588 2545 657 2579 aliis
678 2545 852 2579 civitatibus
868 2557 904 2579 ac
925 2545 1009 2578 dioe-

260 2595 385 2628 cesibus
402 2595 570 2639 praedietis
585 2594 711 2636 similia,
725 2601 754 2628 et
772 2595 802 2627 in
818 2595 1007 2638 quibusdam

260 2656 296 2678 ex
312 2645 357 2679 eis
374 2645 547 2678 mulierum
569 2644 814 2678 convertitarum
832 2644 1009 2688 hospitalia,

1676 223 1739 257 285

1039 289 1121 323 dicto
1139 288 1333 332 Hieronymo
1343 286 1545 321 etnonnullis
1557 285 1625 319 aliis
1641 286 1783 319 median-

1038 343 1132 383 tibus,
1153 348 1258 377 crecta
1273 343 1412 382 suerunt,
1433 341 1518 374 unde
1534 340 1703 383 hospitalia
1719 340 1787 383 ipsa

1039 397 1077 430 de
1097 397 1180 429 bono
1202 397 1233 429 in
1262 396 1377 429 melius
1404 395 1646 439 perducuntur,
1669 393 1701 426 in
1720 393 1787 426 dies

1039 461 1150 483 eorum
1161 461 1316 482 numerus
1327 454 1463 491 augetur
1471 453 1499 480 et
1508 446 1618 490 augeri
1627 451 1785 490 speratur;

1040 510 1069 537 et
1089 504 1170 536 sicut
1195 504 1306 536 eadem
1331 502 1483 546 expositio
1513 500 1741 543 subiungebat,
1764 499 1787 532 si

1041 557 1072 589 in
1093 557 1212 590 eisdem
1241 556 1472 600 hospitalibus,
1502 566 1584 599 quae
1611 565 1669 598 per
1688 553 1789 586 dictos

1041 610 1174 643 clericos
1194 616 1224 643 et
1243 610 1341 643 laicos
1361 609 1491 642 insimul
1518 606 1691 651 gubernari
1711 616 1788 640 con-

1041 669 1229 704 sueverunt,
1252 674 1336 696 unus
1361 662 1508 706 superior
1531 662 1579 695 vel
1599 666 1712 705 caput,
1735 660 1789 704 qui

1042 716 1119 749 inibi
1146 727 1203 760 pro
1236 722 1381 760 tempore
1407 715 1578 748 servientes
1603 713 1789 757 congregari

1042 771 1156 810 facere,
1173 776 1203 803 et
1218 771 1255 803 de
1270 770 1340 802 loco
1353 769 1390 801 ad
1404 770 1511 801 locum
1525 773 1648 801 mutare
1659 768 1788 807 valeret,

1042 824 1190 857 existeret
1207 850 1214 863 ,
1254 822 1488 866 hospitaliaque
1526 821 1593 865 ipsa
1630 820 1791 865 aliquibus

1043 876 1269 921 praerogativis
1299 877 1548 916 decorarentur,
1572 875 1714 918 profecto
1740 884 1790 907 sa-

1043 931 1127 964 lubri
1143 931 1242 974 ipsius
1257 929 1423 974 hospitalis
1439 934 1469 962 et
1485 928 1530 961 illi
1546 927 1791 961 deservientium

1043 985 1282 1029 praedictorum
1311 982 1479 1016 directioni
1506 988 1536 1015 et
1563 981 1663 1026 quieti
1690 981 1792 1025 pluri-

1045 1050 1133 1072 mum
1162 1039 1405 1079 consuleretur,
1429 1048 1464 1070 ac
1492 1037 1523 1069 in
1553 1036 1615 1069 illis
1643 1035 1794 1078 degentes

1045 1103 1202 1137 pauperes
1230 1091 1417 1125 huiusmodi
1437 1096 1467 1124 et
1492 1089 1606 1124 melius
1632 1089 1793 1133 guberna-

1045 1146 1189 1186 reatui-1,
1200 1145 1368 1190 dictaeque
1378 1154 1533 1188 personae
1550 1143 1581 1175 in
1597 1153 1634 1176 eo
1650 1143 1795 1175 confove-

1044 1205 1168 1241 rentur,
1191 1205 1221 1233 et
1244 1200 1283 1233 ad
1310 1199 1401 1232 solita
1422 1197 1546 1231 servitia
1571 1196 1791 1229 invitarentur.

1044 1254 1158 1294 Quare,
1184 1265 1242 1299 pro
1269 1254 1413 1298 ipsorum
1436 1262 1616 1296 pauperum
1637 1255 1667 1284 et
1685 1250 1794 1283 deser-

1045 1307 1197 1341 vientium
1214 1317 1425 1351 personarum
1438 1311 1538 1349 parte,
1554 1304 1645 1337 nobis
1660 1303 1718 1336 suit
1733 1304 1795 1336 hu-

1047 1362 1164 1395 militer
1183 1361 1399 1405 supplicatum
1421 1365 1455 1392 ut
1479 1359 1510 1392 in
1535 1358 1717 1402 praemissis
1737 1368 1795 1401 op-

1047 1421 1139 1460 portu
1145 1427 1184 1448 ne
1194 1415 1361 1459 providere
1371 1414 1409 1447 de
1418 1413 1612 1456 benignitate
1623 1411 1797 1456 apostoliea

1046 1470 1264 1513 dignaremur.

1090 1524 1145 1567 52.
1159 1524 1221 1557 Nos
1233 1523 1339 1566 igitur,
1352 1522 1407 1567 qui
1417 1521 1555 1555 caritatis
1565 1532 1663 1565 opera
1676 1520 1795 1565 ubique

1047 1577 1187 1611 exerceri
1207 1577 1338 1611 sinceris
1367 1576 1585 1609 desideramus
1612 1574 1793 1613 affectibus,

1047 1632 1223 1675 quemlibet
1251 1643 1288 1664 ex
1315 1630 1513 1675 pauperibus
1534 1628 1678 1673 personis
1702 1639 1795 1672 prae-

1047 1686 1138 1719 dictis
1177 1697 1194 1718 a
1221 1685 1385 1729 quibusvis
1418 1682 1760 1717 excommunicationis
1787 1708 1794 1722 ,

1048 1740 1266 1784 suspensionis
1293 1745 1323 1773 et
1347 1738 1506 1772 interdicti
1535 1737 1669 1781 aliisque
1696 1737 1798 1770 eccle—

1048 1795 1179 1827 siasticis
1200 1794 1382 1834 sententiis,
1406 1792 1550 1826 censuris
1569 1796 1600 1824 et
1623 1790 1753 1835 poenis,
1780 1800 1797 1822 a

1049 1848 1117 1881 iure
1138 1849 1185 1881 vel
1206 1848 1245 1880 ab
1266 1847 1409 1887 homine,
1431 1846 1541 1891 quavis
1561 1844 1730 1878 occasione
1749 1844 1797 1877 vel

1049 1913 1143 1935 causa
1163 1903 1244 1939 latis,
1267 1902 1292 1934 si
1312 1901 1429 1944 quibus
1449 1899 1691 1944 quomodolibet
1710 1898 1799 1931 inno-

1049 1957 1140 1989 datus
1174 1955 1300 1995 existit,
1330 1955 1369 1987 ad
1403 1954 1552 1987 effectum
1581 1950 1797 1996 praesentium

1049 2006 1212 2038 dumtaxat
1228 2004 1504 2047 consequendum,
1517 2003 1632 2034 harum
1649 2001 1730 2034 serie
1747 2000 1800 2033 ab·

1049 2055 1205 2087 solventes
1234 2059 1264 2087 et
1292 2053 1475 2086 absolutum
1509 2052 1576 2084 sore
1610 2056 1796 2089 censentes,

1049 2103 1234 2136 huiusmodi
1255 2101 1543 2147 supplicationibus
1563 2100 1718 2140 inclinati,
1741 2111 1798 2132 au-

1050 2153 1193 2185 ctoritate.
1215 2152 1399 2196 apostolica,
1430 2156 1541 2184 tenore
1561 2149 1796 2194 praesentium,

1050 2202 1168 2235 eisdem
1197 2201 1428 2245 hospitalibus,
1462 2200 1548 2244 quod
1577 2209 1736 2244 pauperes
1769 2203 1799 2231 et

1052 2262 1205 2295 personae
1226 2251 1257 2283 in
1278 2251 1323 2283 eis
1343 2261 1401 2294 pro
1426 2255 1571 2292 tempore
1595 2249 1745 2291 degentes
1769 2253 1800 2280 et

1050 2301 1280 2341 deservientes,
1303 2311 1401 2333 unam
1422 2309 1458 2332 ex
1478 2298 1623 2343 personis
1643 2297 1721 2330 inibi
1741 2297 1796 2331 de-

1050 2350 1258 2383 servientibus
1269 2349 1466 2389 huiusmodi,
1487 2347 1734 2382 ecclesiasticam
1750 2347 1797 2380 vel

1051 2400 1260 2439 saecularem,
1282 2398 1366 2432 inter
1385 2409 1438 2432 eos
1458 2397 1658 2442 superiorem
1678 2398 1726 2430 vel
1746 2408 1799 2430 ca-

1053 2454 1119 2493 put,
1142 2460 1224 2493 quae
1245 2449 1330 2493 ipsos
1356 2447 1545 2491 congregari
1565 2448 1681 2487 facere,
1703 2458 1740 2480 ac
1761 2447 1798 2479 de

1052 2500 1120 2531 loco
1150 2498 1189 2531 ad
1218 2499 1327 2531 locum
1355 2503 1497 2537 mutare,
1520 2502 1550 2529 et
1574 2505 1798 2540 quaecumque

1051 2553 1166 2581 statuta
1186 2552 1216 2580 et
1236 2546 1453 2580 ordinationes
1468 2545 1553 2579 licita
1569 2550 1599 2578 et
1614 2546 1746 2578 honesta
1761 2554 1798 2576 ac

1052 2597 1149 2631 saeris
1169 2597 1346 2630 canonibus
1366 2606 1430 2629 non
1451 2594 1610 2629 contraria
1636 2593 1796 2635 condere,

1089 2653 1098 2678 l
1119 2653 1149 2678 Ει
1165 2654 1403 2685 pertractarentur
1418 2649 1492 2678 addit
1507 2648 1624 2678 Cherub.
1636 2647 1675 2683 (a.
1696 2647 1746 2683 τ.).

1798 233 1846 259 An.
1864 230 1892 258 C.
1913 229 1982 258 1ῐίιο

1825 1528 1861 1550 ute
1879 1534 1928 1555 ergo
1939 1527 1994 1548 Pon-

1812 1561 1861 1582 ulex
1877 1561 1952 1581 dictim
1968 1559 1995 1579 ll-

1812 1592 1901 1613 centium
1918 1596 1995 1612 conce-

1812 1626 1849 1651 dit,
