2227 3001
32 262 79 290 Ᾰη.
96 261 124 288 C.
145 261 210 287 ¹552

59 833 175 855 Exordium.

41 1535 114 1557 Plures
123 1534 211 1556 Pontifi-

28 1573 64 1587 ces
72 1568 174 1587 adversus
184 1566 214 1586 ta-

28 1603 138 1619 rinorosos
148 1600 168 1618 et
178 1603 214 1618 eo-

28 1635 72 1651 rum
81 1628 176 1650 fautores
187 1634 213 1649 e-

28 1662 125 1682 diderunt
136 1661 211 1685 bullas,

29 1698 79 1719 quas
100 1692 132 1711 hie
156 1691 213 1711 [¹311-

28 1725 77 1745 titox
96 1725 211 1749 confirmat,

43 2454 213 2482 Franchitinsque

29 2488 104 2507 tenere
132 2489 154 2507 et
176 2491 214 2507 cu-

29 2518 80 2538 riam
95 2518 114 2538 in
136 2523 214 2539 execu-

30 2550 87 2569 tione
111 2550 212 2576 impedire

30 2579 134 2607 pnehibet.

876 256 977 280 ltYth‘S
1002 257 1036 279 111
1060 255 1106 278 ΡΡ.

556 310 646 343 xxti.

227 389 351 422 Contra
369 388 568 431 sranchitias
594 389 625 419 in
656 387 737 419 Urbe
756 388 930 420 retinentes
945 391 973 419 et
1020 416 1025 420 .

271 442 405 475 Curiam
423 442 457 473 in
469 442 652 473 efferatione
668 441 887 484 impedientes,
905 452 975 473 cum

269 495 499 539 approbatione.
545 495 808 528 conststationum
834 523 836 525 ,
863 499 975 528 contra

269 549 420 582 hammes
441 553 499 581 etc.
524 548 695 581 editarum.

303 640 387 670 lulius
407 640 548 675 episcopus
571 646 665 668 servus
681 646 821 668 servorum
840 639 895 671 Dei.

371 690 404 717 ad
423 690 585 724 perpetuam
604 688 644 717 rei
663 689 830 717 memoriam.

269 768 348 803 Cum
371 770 510 803 civitates
531 775 561 801 et
581 770 650 802 loca
667 769 786 808 omnia,
807 769 838 801 in
859 769 977 813 quibus

225 824 461 857 sanctissimum
483 823 598 857 Christi
626 834 742 856 nomen
764 823 898 860 colitur,
920 824 976 856 de-

226 883 296 910 ceat
324 888 392 910 esse
424 877 612 910 facinorosis
642 876 828 909 bominibus
854 876 977 920 expiata

226 936 322 974 atque
344 936 491 974 purgata,
520 940 616 962 nemo
637 934 680 962 est
714 929 768 972 qui
790 940 854 962 non
882 930 976 962 intel-

226 985 301 1028 ligat
315 995 410 1028 quam
429 984 564 1017 maxime
581 989 705 1027 oportet
724 984 841 1016 almam
859 984 975 1016 Urbem

226 1044 380 1073 nostram,
416 1038 637 1081 apostolorum
666 1036 748 1069 Petri
774 1042 804 1069 et
825 1036 913 1069 Pauli
941 1048 978 1069 ac

228 1096 272 1125 tot
291 1096 468 1136 martyrum
497 1090 652 1134 sanguine
681 1094 921 1126 consecratam,
946 1089 976 1122 in

227 1155 290 1188 qua
311 1144 465 1178 Summus
490 1143 635 1176 Pontifex
656 1153 728 1175 cum
756 1153 847 1175 sacro
872 1143 977 1175 cardi-

226 1199 349 1232 nalium
367 1198 502 1240 collegio
514 1197 641 1237 residet,
657 1202 686 1229 et
698 1197 736 1229 ad
748 1207 844 1239 quam
855 1208 891 1229 ex
907 1207 977 1229 om-

228 1254 321 1286 nibus
348 1252 459 1285 mundi
488 1251 647 1294 partibus.
670 1250 767 1283 veluti
788 1251 825 1283 ad
848 1256 977 1294 portum

226 1302 490 1343 saluberrinufm,
507 1309 617 1347 gentes
629 1303 809 1343 confluunt,
823 1314 906 1346 quae
926 1303 980 1336 do-

227 1359 324 1403 nique
345 1357 527 1392 communis
537 1357 682 1390 omnium
700 1357 802 1401 patria
818 1362 978 1395 censetur,

226 1424 294 1446 esse
314 1412 390 1456 ipsis
410 1412 600 1445 facinorosis
624 1411 811 1444 hominibus
831 1422 975 1444 vacuam.

271 1468 286 1510 ξ
306 1467 337 1499 1.
366 1468 461 1506 Sane,
484 1477 558 1498 cum
579 1477 596 1497 a
617 1465 750 1498 diversis
769 1465 980 1497 Pontificibus

227 1519 530 1564 praedecessoribus
558 1518 674 1551 nostris
694 1519 803 1562 plures
824 1519 979 1551 eonstitu-

229 1574 331 1607 tiones
358 1573 508 1606 adversus
533 1572 732 1611 homicidas,
754 1572 906 1609 sicarios,
934 1573 979 1605 la—

227 1632 348 1666 trones,
371 1627 560 1669 sacrilegos.
590 1631 735 1669 raptores
762 1626 905 1668 aliosque
935 1627 979 1659 111-

228 1680 394 1713 cinorosos
414 1679 572 1717 homines,
596 1690 774 1723 eorumque
796 1680 935 1712 fautores
951 1686 981 1713 et,

228 1738 457 1778 receptatores,
494 1733 561 1765 sine
600 1732 717 1776 quibus
758 1733 981 1777 delinquentes

228 1787 349 1820 diutius
369 1788 467 1820 latere
484 1798 548 1819 non
566 1792 709 1830 possunt,
729 1786 831 1819 editae
848 1788 978 1825 suerint,

226 1851 320 1884 quae,
338 1841 383 1874 vel
406 1845 589 1884 temporum
612 1840 789 1884 iniquitate,
811 1842 856 1873 vel
879 1842 917 1874 ad
935 1854 981 1875 se-

226 1894 316 1927 nium
337 1899 368 1928 61
394 1905 544 1927 occasum
570 1893 728 1937 vergentis
757 1895 876 1927 saeculi
908 1906 980 1928 cor-

229 1948 363 1991 ruptela,
393 1954 445 1980 aut
476 1948 719 1991 magistratuum
759 1949 978 1992 negligentia,

226 2002 333 2035 minus
349 2002 577 2035 custodiuntur
588 2007 618 2035 et
628 2003 850 2041 observantur,
862 2014 898 2036 ac
915 2005 980 2036 l'erc

227 2056 257 2088 in
279 2056 524 2089 desuetudinem
546 2056 705 2093 abierunt,
725 2066 823 2100 opere
841 2057 979 2100 pretium

226 2110 411 2142 censuimus
432 2109 675 2142 constitutiones
696 2110 780 2153 ipsas
799 2110 980 2154 approbare

226 2168 255 2195 et
276 2163 439 2201 innovare,
469 2169 564 2207 prout
584 2164 665 2200 illas,
685 2168 772 2197 motu
797 2164 929 2207 proprio
950 2170 981 2197 et

227 2229 264 2250 cx
284 2223 370 2251 certa
386 2217 529 2258 scientia,
549 2229 623 2251 cum
640 2218 790 2250 omnibus
802 2222 832 2251 et
847 2219 981 2261 singulis

227 2271 372 2304 censuris
392 2276 419 2303 et
438 2271 550 2315 poenis
565 2271 596 2304 in
613 2272 658 2304 eis
673 2272 843 2312 contentis,
864 2272 978 2305 harum

228 2325 309 2358 serie
329 2325 547 2369 approbamus
567 2337 603 2358 ac
626 2325 825 2358 innovamus.

271 2380 286 2419 ,Ε
306 2379 336 2412 ⁶2.
361 2379 397 2411 Et
419 2379 550 2422 insuper
569 2379 656 2422 quia,
680 2379 760 2412 sicut
782 2379 977 2423 accepin'ms,

228 2433 444 2477 quorumdam
479 2443 621 2476 eousque
659 2433 811 2477 processit
852 2433 979 2466 licentia

229 2493 262 2520 ut
284 2497 348 2519 non
382 2487 485 2519 solum
521 2486 699 2519 homicidas
719 2492 749 2519 et
783 2487 981 2519 facinorosos

229 2552 265 2573 ac
285 2541 364 2573 alios
386 2540 577 2583 praedictos,
596 2546 707 2573 contra
727 2541 807 2573 iuris
827 2546 855 2572 et
877 2552 979 2573 sacra-

230 2605 301 2627 rum
334 2593 599 2627 constitutionum
627 2595 842 2638 praefatarum
869 2595 1002 2638 probi-2

231 2647 397 2690 bidonem,
423 2653 586 2693 receptare
621 2648 774 2683 audeant,
805 2649 857 2681 sed
885 2648 978 2681 etiam

1666 239 1723 272 “1ssss

1017 308 1129 340 domos
1151 319 1222 339 suas
1243 314 1368 339 necnon
1394 304 1457 336 rias
1480 302 1624 347 publicas
1647 308 1674 334 et
1701 302 1768 345 pla-

1121 372 1202 405 quae
1233 361 1315 393 circa
1342 359 1454 392 domos
1474 362 1560 395 sunt,
1583 356 1770 388 facinorosis

1020 416 1094 459 ipsis
1115 420 1217 447 tutum
1232 414 1391 456 refugium
1405 418 1432 446 et
1450 411 1540 455 quasi
1557 415 1685 454 portum
1702 420 1769 442 esse

1018 469 1132 504 velint,
1161 468 1292 510 signatis
1320 466 1415 500 etiam
1445 463 1690 498 sranchitiarum
1711 473 1770 495 no-

1020 522 1104 554 minc
1120 521 1360 565 quodammodo
1381 519 1539 553 limitibus
1554 517 1585 550 in
1606 517 1666 555 via,
1689 527 1770 560 quos

1020 576 1155 608 iustitiae
1181 574 1334 607 ministris
1359 573 1480 616 ingredi
1503 582 1567 605 non
1582 570 1694 609 liceat·,
1713 580 1770 602 nos

1019 368 1094 399 1035,

996 628 1235 661 1111101111115111111)
1268 639 1302 660 ac
1336 626 1559 660 detestandum
1587 623 1770 657 franchitia-

1021 693 1091 714 rum
1113 681 1298 714 huiusmodi
1312 691 1429 714 nomen
1448 680 1575 724 penitus
1591 678 1768 714 abolemus,

1019 747 1055 768 ac
1083 740 1239 779 perpetuo
1269 735 1425 767 abolitum
1456 735 1523 767 sore
1553 732 1768 766 decernimus.

1020 790 1173 821 Volumus
1199 788 1284 821 enim
1311 798 1482 821 causarum
1509 786 1694 831 capitalium
1722 785 1771 817 iu-

1019 842 1155 881 1111111111εἼ
1183 842 1356 881 bariscllis,
1384 840 1624 885 apparitoribus
1649 844 1675 871 et
1702 838 1772 872 aliis

1020 896 1156 929 iustitiae
1181 895 1348 939 praefectis
1368 900 1398 928 et
1424 894 1577 927 ministris
1602 904 1772 937 quascum-

1019 961 1081 993 que
1106 949 1171 982 vias
1196 954 1223 981 et
1251 949 1383 992 plateas,
1410 948 1505 981 aedes
1530 953 1557 980 et
1584 947 1706 986 domos,
1732 947 1771 979 ad

1020 1003 1242 1045 requirendos,
1271 1002 1444 1045 capiendos
1469 1007 1499 1034 et
1523 1001 1637 1034 debitis
1662 1000 1773 1044 poenis

1019 1056 1204 1088 afficiendos
1232 1056 1429 1089 facinorosos
1451 1055 1617 1094 homines,
1642 1054 1692 1087 die
1719 1065 1774 1087 no-

1020 1115 1138 1153 ctuque
1177 1109 1294 1142 liberas
1324 1115 1350 1142 et
1381 1115 1507 1153 apertas
1527 1119 1606 1141 esse.
1637 1108 1669 1141 Si
1702 1108 1774 1151 quis

1020 1168 1140 1202 autem,
1154 1168 1223 1207 post
1255 1162 1352 1195 huius
1377 1167 1505 1196 nostrae
1524 1162 1697 1194 voluntatis
1717 1162 1773 1194 de-

1021 1216 1245 1256 clarationem,
1264 1216 1449 1249 sranchitias
1464 1215 1651 1248 lmiusmodi
1668 1215 1774 1247 adhuc

1021 1270 1139 1302 habere
1158 1276 1185 1302 et
1208 1270 1305 1308 tueri,
1325 1281 1361 1302 ac
1379 1269 1507 1301 illarum
1533 1274 1699 1312 praetextu
1721 1274 1773 1301 aut

1021 1323 1098 1355 alias
1119 1323 1374 1366 quomodolibet,
1401 1322 1538 1355 iustitiae
1560 1322 1723 1355 ministros
1744 1322 1775 1354 in

1021 1376 1208 1409 executione
1251 1387 1362 1409 eorum
1403 1375 1584 1409 officiorum
1618 1375 1775 1419 impedire

1023 1430 1290 1474 praesumpserit,
1309 1430 1404 1463 etiam
1423 1430 1447 1462 si
1464 1430 1554 1469 baro,
1575 1429 1775 1465 domicellus,

1022 1494 1142 1522 comes,
1162 1484 1236 1524 dux,
1256 1483 1411 1527 principis
1429 1482 1568 1516 cuiusvis
1584 1488 1693 1516 orator
1708 1488 1774 1520 aut,

1022 1537 1107 1580 quod
1128 1537 1273 1570 futurum
1295 1537 1426 1570 minime
1452 1536 1631 1576 credimus,
1654 1536 1776 1581 episco-

1023 1590 1381 1635 pus.archiepiscopus,
1404 1590 1586 1634 patriarcba
1603 1596 1658 1623 aut
1680 1590 1773 1623 etiam

1023 1650 1150 1677 sanctae
1173 1645 1335 1677 Romanae
1351 1644 1512 1677 Ecclesiae
1536 1644 1708 1677 cardinalis
1725 1655 1775 1677 ex-

1025 1698 1141 1737 titerit,
1178 1698 1301 1731 noverit
1330 1710 1362 1731 so
1389 1697 1570 1731 amissionis
1594 1697 1714 1741 gratiae
1739 1709 1775 1731 ac

1023 1752 1261 1784 benevolentiae
1277 1757 1404 1785 nostrae
1422 1762 1548 1784 necnon
1571 1751 1776 1784 coercitionis

1023 1810 1051 1837 et
1061 1805 1304 1845 emendationis,
1317 1810 1413 1849 prout.
1425 1805 1525 1843 nobis,
1536 1805 1621 1838 iuxta
1633 1806 1775 1839 circum-

1023 1859 1212 1892 stantiarum
1233 1859 1432 1903 qualitatem,
1459 1859 1634 1899 videbitur,
1657 1870 1777 1904 poenas

1024 1913 1092 1957 ipso
1104 1915 1185 1946 tacto
1204 1913 1424 1946 incursurum.
1437 1914 1468 1947 Si
1485 1914 1557 1957 quis
1567 1924 1640 1947 vero
1661 1914 1693 1946 in
1711 1919 1777 1946 tan-

1025 1973 1086 1999 tam
1113 1967 1273 2000 devenerit
1297 1968 1464 2000 audaciam
1487 1973 1517 1999 ut
1541 1968 1635 2000 etiam
1660 1968 1777 2001 violeu-

1024 2027 1072 2054 ter
1092 2027 1119 2054 et
1142 2032 1239 2054 manu
1265 2026 1399 2061 armata,
1422 2021 1499 2065 ipsis
1520 2021 1658 2054 iustitiae
1680 2021 1776 2054 mini-

1023 2075 1095 2108 stris
1114 2086 1146 2108 se
1167 2086 1331 2119 opponere
1345 2075 1532 2108 etresisterc
1554 2086 1651 2108 ausus
1667 2075 1774 2111 suerit,

1024 2134 1085 2161 tam
1115 2128 1265 2161 iacientes
1294 2140 1390 2172 quam
1417 2129 1604 2161 mandantes
1640 2140 1678 2162 eo
1708 2129 1776 2173 ipso

1023 2182 1147 2215 crimen
1168 2183 1271 2215 laesae
1292 2182 1464 2215 maiestatis
1484 2182 1652 2215 incurrere
1672 2182 1777 2216 decla-

1024 2247 1145 2275 ramus⁷
1168 2241 1198 2268 et
1219 2247 1276 2279 pro
1298 2236 1383 2268 illius
1404 2236 1563 2280 condigna
1579 2236 1714 2277 ultione,
1736 2236 1773 2272 si,

1024 2290 1105 2322 ultra
1142 2289 1278 2322 iustitiae
1314 2290 1476 2322 ministros
1490 2318 1497 2331 ‚
1534 2290 1646 2323 maiori
1679 2301 1773 2323 manu

1024 2355 1106 2387 opus
1128 2343 1234 2384 suerit,
1259 2343 1476 2387 praecipimus
1496 2343 1613 2377 dilecto
1634 2344 1699 2377 11110
1720 2356 1776 2378 no<

1022 2397 1076 2429 bili
1087 2398 1152 2431 viro
1162 2397 1295 2431 Camillo
1305 2398 1430 2437 Ursino,
1440 2398 1612 2431 domicello
1620 2398 1774 2433 Romano,

1022 2462 1059 2483 ae
1080 2451 1169 2483 alteri
1191 2451 1385 2495 cuicumque
1407 2463 1465 2495 pro
1486 2457 1632 2496 tempore
1653 2451 1774 2486 mititiw

1024 2506 1149 2533 nostrae
1180 2501 1365 2544 temporalis
1389 2501 1529 2544 generali
1565 2501 1773 2544 gubernatori

1023 2557 1051 2583 et
1080 2551 1243 2584 custodiae
1273 2551 1382 2583 Palatii
1415 2551 1513 2583 nostri
1539 2550 1686 2587 ducibus,
1710 2556 1772 2582 tam

1024 2599 1223 2643 pedestribus
1239 2611 1335 2643 quam
1356 2600 1570 2644 equestribus,
1590 2610 1626 2632 ac
1643 2610 1772 2632 conser-

1002 2649 1184 2684 ,vatorihus
1218 2654 1246 2682 et
1282 2649 1439 2695 capitibus
1473 2650 1639 2693 regionum
1674 2648 1773 2693 ipsius

1787 248 1833 273 An.
1853 246 1870 271 C
1902 245 1965 272 ⁴:55³!
