2227 3001
235 268 284 297 Aa.
303 268 332 296 C.
351 269 418 297 ¹555

250 1405 419 1432 netenioresque

234 1438 312 1458 debere
324 1438 419 1458 relaxare

233 1471 288 1490 hona
318 1475 421 1497 occupata

235 1506 255 1521 ei
279 1502 358 1521 trin-ius
384 1509 419 1522 ie—

234 1534 322 1553 niiucie
348 1534 420 1553 decta-

234 1567 272 1583 Νῐ.

247 2108 359 2129 Decretum
375 2109 419 2129 irri-

234 2143 288 2160 tans.

477 258 540 293 498
1028 266 1206 291 nummum

432 322 553 356 ordinis
573 328 604 355 et
623 322 815 356 conditionis
840 321 1007 353 existentes
1020 348 1027 361 ,
1058 320 1180 354 etiamsi

433 376 647 410 cardinalatus
672 377 794 408 honore
815 376 994 419 pollerent,
1031 376 1061 407 in
1092 375 1180 408 dam-

432 441 511 464 num
536 430 701 469 ecclesiae,
733 440 787 461 scu
818 439 883 461 non
908 429 1037 461 servatis
1064 429 1180 462 solem-

431 484 583 518 nitatibus
603 494 619 515 a
642 483 709 515 iure
730 482 900 525 requisitis,
929 488 983 515 aut
1007 483 1085 515 alias
1108 484 1181 515 nul·
1203 457 1206 507 ¹

432 539 505 572 liter
525 536 800 577 hactemistactas,
815 542 843 569 ct
865 542 1049 569 contractus
1069 548 1180 581 super-

433 592 519 631 inde,
543 591 601 623 sub
622 590 786 634 quibusvis
820 590 931 623 formis
956 596 983 623 et
1010 591 1181 624 verborum
1203 603 1205 626 t

432 644 689 689 expressionibus
730 644 853 677 habitos
908 649 936 677 et
981 645 1179 686 celebratos,
1203 627 1206 668 ¹

432 699 526 732 ctiam
539 698 563 729 si
576 698 756 730 iuramento
768 698 873 730 vallati
885 698 1029 734 existant,
1042 704 1069 731 ct
1083 710 1183 742 quan-
1203 672 1206 716 Ι

432 752 547 784 tmnvis
567 752 661 794 longa
678 751 830 794 temporis
852 751 1103 795 praescriptione
1129 764 1181 785 ro-

431 805 493 837 bur
514 805 685 848 sumpsisse
706 804 767 837 dici
790 805 922 847 possint,
946 816 982 838 ac
1003 804 1103 848 ipsius
1118 806 1181 839 Ro-

432 869 545 891 manae
579 858 738 891 Ecclesiae
771 858 911 891 savorem
952 864 1007 891 aut
1041 869 1182 892 commo-

432 913 508 946 dum
530 918 738 949 concernunt,
757 923 870 945 corum
882 912 1028 945 omnium
1043 918 1181 953 tenores,

432 978 467 1000 ac
489 967 513 999 si
534 967 572 1000 de
597 967 693 1000 verbo
723 967 761 999 ad
786 967 919 1000 verbum
948 967 1180 1008 insererentur,

432 1021 655 1066 praesentibus
671 1032 729 1064 pro
745 1021 902 1065 expressis
917 1020 1081 1058 habentes,
1107 1032 1183 1066 apo-

432 1077 541 1110 stolica
577 1076 782 1112 auctoritate.
818 1082 929 1108 tenore
963 1077 1182 1119 praesentium

432 1130 656 1171 rescindimus,
684 1129 858 1170 irritamus,
883 1140 1045 1162 cassamus
1072 1135 1101 1162 et
1125 1141 1181 1163 an-

431 1186 606 1224 nullamus,
633 1195 669 1217 ac
686 1183 804 1216 viribus
823 1184 955 1216 omnino
976 1195 1180 1225 evacuamus,

433 1251 470 1273 ac
483 1250 541 1283 pro
562 1238 718 1276 rescissis,
741 1237 851 1277 irritis,
874 1238 970 1271 cassis
988 1244 1018 1271 et
1033 1239 1131 1272 nullis
1147 1250 1182 1273 ac

432 1292 559 1338 penitus
579 1292 704 1325 insectis
723 1292 833 1324 haberi
854 1292 1013 1325 volumus.

477 1347 492 1390 ξ
512 1346 543 1380 5.
562 1346 714 1390 Ipsosque
735 1346 916 1378 detentores
936 1345 974 1377 ad
991 1351 1104 1383 castra,
1123 1352 1184 1379 ter-

434 1411 496 1439 ras,
519 1399 649 1444 oppida,
673 1398 812 1431 civitates
832 1404 861 1430 et
875 1399 943 1431 loca
961 1405 1129 1443 occupata,
1148 1412 1184 1432 ac

435 1454 530 1490 bona,
542 1464 593 1486 res
608 1458 635 1486 et
657 1453 727 1485 iura
739 1453 900 1496 praedicta
912 1453 1073 1486 Romanae
1085 1459 1116 1486 et
1132 1465 1184 1487 ca-

435 1507 644 1542 tlwdratilms,
666 1506 759 1539 ctiam
780 1506 1047 1550 metropolitanis,
1065 1518 1101 1540 ac
1117 1508 1186 1541 aliis

434 1560 590 1599 ecclesiis,
627 1570 753 1592 necnon
780 1559 993 1600 monasteriis,
1022 1560 1182 1601 domibus,

434 1614 645 1658 hospitalibus
666 1619 695 1647 et
723 1614 889 1647 beneficiis
913 1625 948 1647 ac
983 1614 1186 1657 regularibus

433 1674 460 1701 et
488 1668 548 1712 piis
567 1668 646 1700 locis
666 1667 886 1708 relaxamlum,
910 1668 993 1701 etde
1019 1668 1185 1709 fructibus,

433 1728 496 1754 tam
522 1722 676 1754 hactenus
697 1721 877 1765 perceptis,
908 1732 1005 1765 quam
1026 1721 1058 1754 in
1078 1727 1186 1765 poste-

433 1787 504 1809 rum
531 1775 746 1820 pc1*ci1;›ie11dis
773 1776 900 1808 realiter
926 1776 1186 1809 satisfaciendum

431 1828 545 1869 teneri,
569 1834 598 1861 et
618 1829 656 1861 ad
674 1829 703 1861 id
725 1829 819 1862 ctiam
841 1829 1018 1869 sententiis,
1042 1830 1187 1863 censuris

432 1889 460 1916 et
493 1882 604 1926 poenis
629 1883 869 1923 ecclesiasticis,
901 1894 938 1916 ac
970 1884 1064 1916 etiam
1089 1895 1187 1928 pecu-

433 1936 554 1975 niariis,
577 1937 792 1980 omnibusque
808 1937 878 1970 aliis
899 1937 1091 1982 opportunis
1107 1937 1187 1971 iuris

433 1997 463 2024 et
482 1991 555 2024 sacti
576 1991 737 2031 remediis,
761 1992 831 2034 cogi
858 1997 885 2024 et
908 1992 1057 2035 compelli
1079 2002 1183 2036 posse.

477 2045 491 2088 ἓ
516 2045 547 2078 6.
571 2045 699 2088 Sicque,
718 2046 749 2077 in
775 2045 958 2089 praemissis
987 2045 1137 2078 omnibus
1157 2050 1187 2078 et

435 2098 577 2141 singulis,
590 2110 647 2142 per
663 2109 887 2142 quoscumque
910 2099 1031 2132 iudices
1052 2104 1082 2131 et
1097 2109 1185 2132 com-

435 2152 608 2192 missarios,
640 2152 749 2196 quavis
781 2154 969 2186 auctoritate
999 2154 1184 2196 fungentes,

434 2206 530 2239 etiam
551 2217 722 2239 causarum
747 2206 857 2239 Palatii
887 2207 1061 2251 Apostolici
1095 2206 1185 2240 audi-

434 2265 531 2299 tores,
559 2265 589 2292 et
609 2260 710 2304 ipsius
737 2260 898 2293 Romanae
928 2261 1088 2294 Ecclesiae
1120 2272 1187 2294 car-

434 2314 568 2354 dinales,
604 2325 639 2346 ac
674 2325 786 2347 eorum
808 2315 993 2357 collegium,
1026 2315 1057 2347 in
1077 2315 1187 2360 quavis

435 2379 531 2401 causa
552 2373 582 2401 et
611 2368 778 2409 instantia,
807 2369 929 2401 sublata
955 2369 999 2401 eis
1020 2374 1047 2402 et
1074 2380 1186 2402 eorum

436 2422 568 2456 cuilibet
592 2422 701 2466 quavis
727 2422 818 2455 aliter
845 2422 1008 2455 iudicandi
1034 2428 1064 2455 et
1088 2424 1186 2457 inter-

436 2475 582 2520 pretandi
603 2476 791 2508 auctoritate
813 2481 839 2508 et
862 2476 1024 2524 facultate,
1052 2477 1187 2511 iudicari

436 2529 466 2557 et
486 2524 612 2558 definiri
638 2524 773 2563 debere,
800 2536 836 2557 ac
864 2525 889 2557 si
910 2536 1002 2559 secus
1021 2537 1118 2570 super
1138 2527 1188 2560 his

436 2585 454 2606 a
473 2585 651 2618 quoquam,
680 2575 790 2618 quavis
816 2575 1020 2615 auctoritate,
1051 2576 1209 2621 scienter¹

435 2624 483 2657 vel
504 2623 706 2666 ignoranter,
736 2623 905 2666 contigerit
929 2625 1091 2665 attentari,
1113 2625 1185 2658 irri-
1208 2624 1209 2637 Ι

436 2678 504 2706 tum
524 2678 554 2706 et
574 2672 668 2706 inane
689 2672 905 2706 decernimus.

1230 267 1380 291 ROMANUM

1267 321 1282 363 ξ
1301 320 1330 353 7.
1354 320 1423 353 Non
1436 319 1634 353 obstantibus
1651 317 1973 352 constitutionibuset

1224 373 1479 406 ordinationibus
1498 372 1691 416 apostolicis,
1707 371 1887 416 ceterisque
1899 381 1973 405 eon·

1224 418 1329 451 trariis
1349 418 1621 462 quibuscumque.

1267 471 1352 504 Nulli
1373 482 1449 513 ergo
1470 475 1526 503 etc.

1269 526 1300 559 Si
1320 526 1392 570 quis
1417 530 1473 558 etc.

1268 579 1381 612 Datum
1407 579 1525 611 Romae
1546 578 1631 623 apud
1643 578 1796 611 Sanctum
1817 578 1972 618 Marcum,

1225 644 1308 666 anno
1335 631 1566 665 incarnationis
1598 631 1779 665 dominicae
1804 631 1975 664 millesimo

1225 686 1482 731 quingentesimo
1493 685 1761 730 quinquagesimo
1773 685 1895 728 quinto,
1912 685 1977 727 pri-

1225 742 1274 774 die
1296 741 1368 774 idus
1387 740 1466 777 iulii,
1492 739 1698 784 pontificatus
1721 739 1822 772 nostri
1847 749 1931 772 anno
1952 748 1973 771 1.

1295 799 1472 829 Dat.‹1iett
1491 799 1555 829 iulii
1574 799 1656 834 1555,
1677 798 1778 838 pontif.
1795 807 1871 828 anno
1888 806 1907 828 1.

1225 1024 1319 1067 Leglcs
1340 1028 1367 1055 rt
1395 1023 1616 1055 ordinaticmes
1635 1032 1655 1054 a
1680 1021 1803 1054 iudaeis
1824 1010 1860 1053 ἰὴ
1879 1020 1977 1054 Statu

1270 1077 1491 1111 Ecclesiastico
1511 1076 1695 1120 deflentibus
1715 1075 1929 1127 observandae
1948 1074 1974 1108 1.

1285 1160 1384 1188 Paulus
1407 1159 1549 1195 episcopus
1573 1165 1670 1187 servus
1689 1164 1829 1187 servorum
1846 1156 1908 1190 Dei.

1382 1214 1416 1242 ad
1435 1214 1563 1242 futuram
1582 1213 1623 1242 rei
1638 1212 1810 1241 memoriam.

1270 1286 1349 1318 Cum
1375 1286 1468 1318 nimis
1493 1284 1670 1317 absurdum
1696 1289 1723 1316 et
1750 1283 1979 1316 inconveniens

1227 1339 1338 1372 existat
1366 1344 1397 1370 nt
1415 1338 1534 1377 iudaei,
1557 1348 1638 1381 quos
1653 1337 1784 1382 propria
1795 1337 1891 1380 culpa
1906 1347 1979 1381 per-

1227 1398 1342 1437 petuae
1373 1392 1514 1425 servituti
1542 1391 1701 1432 submisit,
1729 1390 1788 1423 sub
1812 1395 1978 1434 praetextu

1227 1446 1314 1489 quod
1340 1446 1440 1490 pietas
1468 1445 1642 1478 christiana
1677 1444 1747 1477 illos
1782 1448 1923 1487 receptet
1949 1450 1979 1477 et

1228 1506 1341 1528 eorum
1360 1495 1632 1528 cohabitationem
1648 1494 1813 1531 sustineat,
1835 1493 1980 1527 christia-

1229 1549 1277 1581 nis
1286 1549 1365 1581 adeo
1378 1548 1439 1581 sint
1454 1548 1633 1590 ingratum,
1646 1547 1691 1580 eis
1707 1557 1765 1590 pro
1777 1547 1888 1590 gratia,
1905 1557 1981 1580 con-

1228 1598 1395 1631 tumeliam
1417 1597 1560 1637 reddant,
1577 1602 1606 1629 et
1627 1597 1659 1628 in
1675 1606 1807 1640 eos,pro
1816 1596 1978 1637 servitute,

1228 1658 1325 1690 quam
1346 1647 1408 1679 illis
1433 1646 1561 1686 debent,
1585 1646 1786 1678 dominatum
1812 1645 1982 1680 vendicare

1230 1702 1402 1740 procurent
1415 1707 1422 1736 ᾖ,
1436 1706 1505 1732 noS,
1517 1696 1707 1738 adquorum
1719 1694 1865 1727 notitiam
1877 1705 1982 1739 nuper

1229 1745 1354 1778 devenit
1373 1745 1503 1778 eosdem
1523 1744 1645 1777 iud-<eos
1665 1743 1697 1776 in
1717 1744 1802 1777 alma
1821 1744 1906 1778 Urbe
1922 1755 1981 1778 no-

1229 1799 1292 1826 stra
1313 1799 1343 1827 et
1358 1793 1524 1827 nonnullis
1540 1793 1570 1827 S.
1594 1793 1630 1826 R.
1650 1793 1685 1827 E.
1705 1793 1897 1834 civitatibus,
1921 1798 1982 1826 ter-

1229 1843 1272 1876 ris
1292 1849 1322 1876 et
1342 1844 1430 1883 locis,
1456 1843 1487 1876 in
1512 1843 1543 1876 id
1568 1843 1757 1876 insolentiae
1781 1842 1981 1887 prorupisse,

1230 1899 1261 1925 ut
1288 1904 1353 1926 non
1378 1894 1482 1926 solum
1507 1893 1630 1925 mixtim
1651 1903 1726 1925 cum
1748 1891 1931 1925 christianis
1951 1897 1982 1925 et

1229 1954 1330 1987 prope
1346 1953 1459 1976 eorum
1471 1942 1632 1981 ecclesias,
1653 1942 1743 1974 nulla
1763 1941 1982 1974 intercedente

1230 1992 1357 2025 habitus
1383 1991 1604 2030 distinctione,
1638 1990 1839 2031 cohabitare,
1870 2001 1981 2025 verum

1229 2042 1324 2074 etiam
1349 2042 1462 2075 domos
1489 2041 1521 2073 in
1545 2040 1759 2073 nobilioribus
1779 2039 1979 2081 civitatum2,

1230 2095 1389 2123 terrarum
1411 2096 1442 2123 et
1462 2091 1626 2130 locorum,
1649 2089 1683 2122 in
1702 2088 1821 2132 quibus
1840 2089 1979 2132 degunt,

1228 2139 1304 2171 vicis
1324 2145 1354 2171 et
1374 2139 1487 2183 plateis
1503 2138 1698 2177 conducere,
1712 2143 1743 2171 et
1757 2137 1841 2171 bona
1858 2138 1982 2172 stabilia

1230 2199 1419 2235 comparare
1451 2193 1481 2221 et
1506 2187 1685 2232 possidere,
1711 2198 1748 2220 ac
1781 2187 1924 2221 nutrices
1952 2193 1983 2221 et

1229 2238 1361 2271 ancillas
1367 2239 1510 2282 aliosque
1520 2237 1692 2271 servientes
1700 2236 1892 2271 christianos
1899 2248 1982 2271 mer-

1229 2287 1514 2327 ccnarioshabere,
1533 2292 1563 2320 et
1583 2287 1705 2320 diversa
1722 2285 1784 2319 alia
1795 2286 1828 2319 in
1843 2286 1981 2330 ignomi-

1229 2337 1314 2370 niam
1346 2343 1376 2370 et
1401 2342 1622 2381 contemptum
1653 2336 1817 2369 christiani
1841 2335 1982 2370 nominis

1230 2392 1416 2431 perpetrare
1434 2391 1650 2430 praesumant,
1671 2386 1910 2419 considerantes
1924 2386 1981 2420 Ec-

1230 2437 1359 2469 cicsiam
1368 2436 1545 2469 Romanam
1562 2436 1690 2469 eosdem
1705 2435 1827 2469 iudaeos
1841 2435 1980 2469 tolerare

1231 2487 1259 2518 in
1282 2485 1499 2519 testimonium
1521 2496 1613 2519 verae
1640 2485 1712 2519 fidei
1737 2485 1930 2519 christianae
1949 2490 1980 2519 et

1267 2555 1274 2578 t
1298 2553 1389 2587 Aliqua
1410 2552 1545 2579 ordinavit
1560 2553 1641 2579 etiam
1653 2552 1822 2579 Innocentius
1832 2551 1867 2580 1v
1880 2552 1906 2579 in
1915 2559 1980 2579 con-

1229 2597 1366 2624 stitutione
1381 2604 1419 2628 iv,
1439 2599 1534 2630 Impia,
1555 2601 1620 2624 tom.
1633 2604 1672 2629 ιιι,
1690 2604 1747 2631 pag.
1766 2597 1828 2624 508.

1263 2643 1279 2668 2
1291 2644 1321 2668 ln
1336 2645 1487 2669 melioribus
1502 2646 1662 2675 civitatibus,
1674 2643 1784 2674 Gir-aldi,
1801 2644 1899 2679 Expos.
1915 2643 1979 2670 iuris

1204 2684 1212 2721 1
1229 2682 1334 2718 pontif„
1351 2682 1449 2711 Romae
1468 2684 1535 2710 ¹850
1549 2684 1588 2720 (a.
1610 2684 1660 2719 τ.),

1989 265 2041 292 Αη.
2059 264 2088 291 C.
2105 264 2171 292 1555

2009 331 2118 352 clausulae
2135 332 2173 353 de-

1987 364 2113 389 rogatorum.

2010 1289 2090 1312 causae
2107 1289 2178 1311 harum

1993 1323 2120 1344 ordination.
2130 1327 2179 1341 enn-

1993 1356 2026 1374 tra
2040 1353 2152 1374 hebraeos.
