2227 3001
230 269 279 296 An.
298 269 328 297 C.
348 268 414 297 15:56

473 256 536 295 5¹16

430 335 483 357 um
505 324 675 368 pristinum
697 330 813 358 statum
834 325 1013 366 restituere,
1032 326 1125 370 eique
1142 327 1179 360 de

429 383 638 421 praeceptore
673 378 741 411 utili
771 384 800 411 et
834 379 951 412 idoneo
965 406 972 419 ,
1009 379 1048 412 ad
1081 391 1178 424 quem

428 431 538 465 omnia
553 432 748 472 deserantur,
770 437 800 464 et
815 432 869 475 qui
882 444 940 476 per
951 444 1026 466 suos
1046 433 1179 468 idoneos

428 484 590 518 ministros
611 485 718 528 operis
742 490 771 517 et
792 485 913 518 laboris
933 486 1090 529 patientes
1114 499 1180 520 om—

428 537 479 570 nia
495 538 655 582 disponat,
678 543 707 571 et
724 550 820 572 curae
838 539 982 572 eiusdem
998 541 1175 584 hospitalis,

428 596 490 623 tam
513 590 543 623 in
579 591 801 634 spiritualibus
825 604 922 636 quam
944 593 975 626 in
995 595 1180 638 temporali-

427 643 498 683 bus,
522 643 674 684 intendat,
691 650 719 677 et
737 645 824 678 solus
843 646 979 688 gloriam
1000 653 1030 680 et
1050 648 1178 681 laudem

428 697 503 729 recti
531 697 695 739 regiminis
715 705 949 743 consequatur,
976 706 1006 734 et
1030 712 1046 734 e
1068 707 1179 735 contra

426 750 566 782 dedecus
586 756 613 783 et
632 762 768 795 poenam
786 752 872 786 illins
893 764 989 787 curae
1014 755 1178 798 neglectae

425 808 480 835 aut
499 813 564 836 non
586 810 670 837 recte
692 805 932 840 administratae
958 807 1081 848 sentiat,
1106 819 1180 852 pro-

425 857 530 890 videre
546 859 698 899 volentes,
718 864 807 893 motu
829 860 974 905 proprio,
998 872 1062 895 non
1072 862 1112 894 ad
1124 861 1178 895 ali-

425 911 518 944 euius
538 912 630 945 uobis
651 924 749 957 super
773 914 835 947 hoc
864 915 989 948 oblatae
1015 915 1178 959 petitionis

424 964 627 1007 instantiam,
661 967 714 999 sed
747 968 785 1000 de
824 978 913 1001 mera
947 968 1177 1004 deliberatione

423 1022 451 1050 et
478 1024 562 1052 certa
594 1020 725 1053 seientia
751 1021 878 1063 nostris,
901 1022 1059 1067 hospitale
1088 1035 1177 1067 prae-

423 1072 543 1105 dictum
566 1073 717 1108 adversus
742 1076 1006 1120 suppressionem
1027 1082 1058 1110 et
1080 1077 1177 1111 extin-

423 1126 562 1160 ctionem
588 1128 782 1171 praedictas,
806 1140 932 1164 necnon
953 1131 985 1163 in
1007 1131 1175 1175 pristinum

422 1186 451 1212 et
472 1191 565 1221 eum,
589 1181 619 1214 in
641 1193 717 1225 quo,
741 1188 813 1217 ante
833 1194 931 1227 quam
952 1184 1024 1217 illae
1046 1195 1175 1218 emana-

422 1239 501 1275 rent,
519 1241 621 1276 eraut,
641 1242 768 1278 statum,
781 1238 956 1282 apostolica
972 1239 1173 1279 auctoritate,

423 1294 532 1322 tenore
554 1291 773 1333 praesentium
800 1292 1016 1333 restituimus,
1045 1294 1175 1337 reponi-

423 1354 493 1376 mus
520 1348 550 1377 et
575 1345 717 1387 plenarie
744 1345 996 1390 reintegramus,
1029 1359 1066 1380 ac
1087 1349 1177 1381 resti-

422 1402 544 1438 tutum,
579 1400 756 1443 repositum
788 1406 817 1434 et
839 1401 980 1444 plenarie
1002 1402 1176 1445 reintegra-

423 1456 489 1483 tum
511 1462 578 1485 esse
595 1453 800 1488 decernimus
821 1460 851 1487 et
871 1455 1085 1496 declaramus,
1104 1466 1176 1489 ner-

423 1515 487 1538 non
508 1505 615 1539 literas
636 1508 833 1551 praedictas,
865 1509 1040 1552 omniaque
1062 1514 1092 1542 et
1113 1510 1175 1542 sin-

421 1558 496 1600 gula
521 1559 552 1591 in
583 1559 627 1593 eis
653 1566 812 1600 contenta,
846 1562 1109 1606 suppressionem
1147 1568 1173 1595 et

421 1611 647 1647 extinctionem
664 1614 849 1649 huiusmodi
862 1616 1100 1655 concernentia,
1116 1628 1174 1649 au-

421 1666 566 1700 ctoritate
587 1672 615 1700 et
637 1673 747 1702 tenore
768 1669 940 1712 praedictis
970 1680 1174 1709 revocamus,

423 1730 601 1761 cassamus,
638 1722 802 1756 irritamus
828 1728 858 1755 et
876 1724 1102 1764 annullamuS,
1139 1736 1175 1757 ac

422 1784 479 1816 pro
510 1774 675 1811 revocatis,
703 1776 809 1813 cassis,
836 1776 933 1810 irritis
963 1782 992 1810 et
1017 1777 1115 1811 nullis
1139 1789 1175 1812 ac

421 1827 546 1861 inseetis
566 1834 596 1862 et
616 1828 736 1862 viribus
767 1831 899 1863 omnino
929 1831 1037 1864 vacuis
1062 1831 1175 1865 haberi

421 1882 581 1922 rolumus;
604 1889 632 1915 et
654 1895 711 1927 pro
733 1884 849 1927 potiori
880 1885 1005 1918 cautela
1032 1885 1065 1918 in
1086 1897 1175 1930 prae-

422 1930 506 1963 dicto
517 1932 667 1976 hospitali
677 1934 891 1967 eamdeminet
903 1935 1173 1978 praeceptoriam‚

422 1991 504 2023 quae
525 1981 557 2013 in
572 1992 620 2021 eo,
638 1987 672 2015 ut
688 1984 881 2026 praefertur,
904 1989 982 2024 erat,
1001 1995 1083 2028 quae
1101 1995 1176 2017 con-

423 2030 577 2063 ventualis
603 2036 630 2062 et
657 2032 915 2075 eaput-aliarum
940 2034 1176 2077 praeceptoria-

424 2089 494 2111 rum
512 2080 748 2123 praedictarum
771 2081 898 2122 existat,
931 2092 967 2115 ac
990 2082 1174 2125 privilegiis,

424 2127 566 2165 indultis,
594 2130 768 2168 favoribus,
792 2130 1063 2175 exemptionibus,
1081 2132 1177 2166 liber-

424 2176 553 2213 tatibus,
576 2178 866 2215 iurisdictionibus„
885 2181 1132 2214 auctoritatibus
1147 2187 1176 2214 et

424 2225 628 2260 facultatibus
669 2240 705 2261 ac
740 2229 869 2262 demum
904 2230 1030 2263 iuribus
1070 2231 1175 2264 omni-

425 2275 496 2313 hus,
519 2277 636 2319 quibus
657 2283 729 2311 ante
748 2278 835 2312 illius
855 2280 1117 2324 suppressionem
1145 2286 1176 2313 et

425 2324 651 2359 extinctionem
678 2327 857 2370 praedictas
881 2329 1043 2369 utebatur,
1071 2329 1175 2372 potie-

424 2372 520 2406 batur
540 2378 570 2406 et
589 2375 759 2417 gaudebat,
783 2388 817 2409 ac
840 2377 871 2410 in
892 2388 1007 2411 eorum
1028 2378 1175 2411 omnium

426 2421 626 2464 possessione
646 2424 724 2456 reali
745 2430 775 2458 et
794 2426 932 2466 actuali,
956 2427 986 2459 in
1007 2438 1070 2470 qua
1086 2427 1176 2471 prius

425 2476 504 2511 erat,
527 2476 557 2505 et
577 2483 663 2506 nunc
684 2473 795 2507 existat
812 2481 839 2509 et
861 2487 929 2510 esse
951 2482 1121 2509 censeatur
1144 2477 1176 2510 in

425 2521 575 2554 omnibus
591 2527 621 2555 et
636 2533 694 2566 per
706 2523 825 2563 omnia,
845 2524 978 2568 perinde
995 2536 1031 2558 ac
1044 2525 1068 2558 si
1085 2537 1176 2570 prae-

425 2570 567 2613 ceptoria
601 2572 766 2615 praedicta
798 2583 965 2618 nunquam
1004 2585 1177 2619 suppressa

426 2619 635 2673 Lfflssxllflssffl
658 2621 784 2662 suisset,
808 2622 846 2656 de
869 2633 949 2657 novo
971 2622 1125 2666 erigimur·
1147 2630 1175 2659 et

424 2673 631 2704 instituimus,

1028 270 1205 294 nt'LLAmrM
1230 269 1380 295 ROMANUM

1265 326 1280 369 ξ
1300 325 1330 359 5.
1363 325 1401 359 Et
1420 324 1573 369 insuper,
1596 330 1762 369 sperantes
1786 325 1873 368 quod
1892 324 1973 359 dile-

1222 384 1292 413 ctus
1311 379 1397 412 filius
1417 378 1568 422 magister
1577 379 1769 413 Franciscus
1785 378 1970 423 Cappellus,

1221 433 1359 467 clericus
1377 433 1581 474 Veronensis,
1604 434 1749 467 notarius
1761 439 1792 467 et
1807 432 1973 466 familiaris

1220 493 1341 526 noster,
1353 487 1454 529 gratia
1466 486 1525 520 sibi
1534 487 1729 530 suffragante
1738 487 1856 528 divina,
1868 486 1973 520 eidem

1221 540 1371 585 hospitali
1391 551 1459 574 esse
1485 539 1602 585 poterit
1627 541 1807 584 plurimum
1827 540 1914 574 utilis
1943 546 1975 574 et

1221 594 1316 627 etiam
1351 595 1550 635 fructuosus3
1582 599 1612 627 et
1641 600 1813 638 propterea
1832 595 1974 628 volentes

1221 647 1324 681 eidem
1346 648 1528 689 Francisco,
1559 648 1615 692 qui
1636 654 1666 682 et
1691 648 1864 682 continuus
1884 659 1973 682 com-

1221 702 1371 735 mensalis
1396 707 1505 736 noster
1520 701 1635 742 existit,
1658 707 1689 736 et
1708 713 1817 746 quem,
1845 708 1909 736 tam
1929 703 1973 736 fa-

1221 755 1338 789 miliari
1359 756 1556 800 experientia
1580 767 1677 800 quam
1707 756 1802 789 etiam
1829 755 1892 790 fide
1925 756 1974 789 di-

1220 819 1359 852 gnorum
1379 809 1583 850 testimoniis,
1601 820 1730 843 morum
1741 809 1908 843 honestate
1923 809 1975 843 de-

1220 873 1346 903 corum,
1369 863 1401 896 in
1423 863 1645 907 spiritualibus
1664 863 1846 909 providum,
1879 863 1973 897 etiam

1221 917 1455 961 temporalibus
1475 918 1763 962 circumspectum,
1791 927 1828 950 ac
1849 927 1973 950 summa

1221 972 1252 1005 in
1277 972 1377 1006 Deum
1403 973 1520 1017 pietate
1550 978 1581 1007 et
1608 972 1764 1017 singulari
1794 972 1828 1005 in
1856 971 1973 1006 Christi

1220 1036 1381 1069 pauperes
1414 1026 1570 1060 charitate
1599 1026 1800 1070 praeditum,
1837 1025 1972 1070 aliisque

1220 1080 1439 1124 multiplicum
1472 1080 1626 1113 virtutum
1660 1079 1752 1113 donis
1784 1079 1972 1124 insignitum

1219 1144 1286 1167 csse
1307 1133 1497 1167 iamdudum
1519 1133 1684 1174 novimus,
1711 1133 1847 1176 gratiam
1867 1133 1973 1167 facere

1219 1187 1405 1230 specialem,
1432 1187 1606 1232 ipsumque
1626 1187 1837 1221 Franciscuin
1857 1198 1875 1220 a
1899 1186 1972 1231 qui-

1218 1240 1324 1274 busvis
1349 1242 1712 1282 excommunicationis,
1752 1240 1973 1285 suspensionis

1219 1300 1249 1328 et
1282 1294 1444 1330 interdicti
1483 1296 1619 1341 aliisque
1645 1295 1871 1330 ecclesiasticis
1900 1305 1972 1328 sen-

1219 1349 1335 1390 tentiis,
1359 1350 1504 1384 censuris
1524 1356 1555 1384 et
1574 1351 1699 1395 poenis,
1722 1362 1739 1384 a
1765 1350 1836 1384 iure
1859 1350 1909 1383 vel
1933 1349 1972 1382 ab

1218 1403 1360 1445 homine,
1382 1404 1492 1448 quavis
1511 1404 1682 1437 occasione
1700 1404 1750 1437 vel
1770 1414 1868 1437 causa
1886 1403 1969 1439 latis.

1218 1451 1243 1484 si
1264 1452 1383 1495 quibus
1399 1453 1645 1497 quomodolibet
1664 1453 1840 1486 innodatus
1854 1452 1969 1491 existit,

1217 1506 1257 1539 ad
1277 1507 1431 1540 effectum
1458 1506 1679 1551 praesentium
1708 1507 1873 1540 dumtaxat
1897 1516 1973 1539 con-

1218 1562 1431 1604 sequendum,
1464 1562 1580 1595 barum
1602 1561 1684 1595 serie
1715 1561 1914 1595 absolventes
1942 1565 1971 1595 et

1218 1615 1402 1649 absolutum
1419 1616 1487 1649 sore
1505 1621 1683 1656 censentes,
1706 1615 1857 1649 eumdem
1872 1614 1971 1648 Fran-

1218 1667 1350 1709 eiscum‚
1371 1679 1481 1702 coram
1501 1669 1595 1703 nobis
1614 1669 1828 1713 personaliter
1852 1668 1970 1702 consti-

1217 1726 1335 1762 tutum,
1358 1721 1390 1755 in
1420 1723 1551 1756 fratrem
1579 1722 1654 1756 dicti
1680 1722 1848 1768 hospitalis
1863 1727 1971 1755 aucto-

1218 1775 1310 1808 ritate
1328 1781 1358 1809 et
1383 1781 1493 1810 tenore
1515 1776 1687 1820 praedictis
1707 1776 1902 1820 recipimus,
1934 1787 1970 1809 a(-

1219 1830 1278 1863 sibi
1300 1830 1455 1871 habitum,
1476 1841 1534 1875 per
1553 1830 1668 1864 fratres
1688 1830 1789 1875 ipsius
1804 1829 1971 1875 hospitalis

1218 1883 1333 1926 gestari
1364 1884 1506 1925 solitum,
1525 1884 1617 1920 juxta
1641 1883 1785 1917 eiusdem
1805 1883 1972 1928 hospitalis

1219 1937 1499 1977 consuetudinem,
1523 1937 1727 1978 exhibemus,
1747 1942 1777 1970 et
1801 1936 1972 1981 professio-

1218 2000 1293 2023 nem
1313 1992 1496 2035 regularem
1513 2002 1570 2035 per
1590 1991 1720 2024 eosdem
1741 1992 1855 2024 fratres
1871 1991 1970 2024 emitti

1218 2045 1357 2086 solitam,
1380 2056 1476 2090 quan]
1493 2046 1578 2079 idem
1598 2045 1788 2078 Franciscus
1806 2045 1839 2078 in
1854 2045 1972 2079 nostris

1218 2100 1367 2133 manibus
1387 2105 1500 2144 sponte
1520 2100 1635 2141 emisit,
1659 2100 1779 2134 eisdem
1799 2100 1973 2134 auctorita-

1219 2159 1248 2186 te
1285 2158 1315 2187 et
1343 2159 1455 2188 tenore
1487 2154 1664 2198 recipimus
1698 2160 1727 2187 et
1757 2153 1968 2188 admittimus.

1218 2207 1349 2241 Necnon
1362 2208 1618 2252 praeceptoriam
1634 2207 1845 2252 praedictam,
1879 2207 1972 2241 cuius

1219 2267 1246 2294 et
1269 2262 1315 2295 illi
1336 2273 1537 2296 annexorum
1564 2263 1748 2304 fructuum,
1785 2261 1970 2296 reddituum

1219 2320 1248 2347 et
1277 2322 1493 2360 proventuum
1526 2326 1651 2357 verum,
1675 2316 1852 2350 secundum
1882 2328 1971 2351 com-

1219 2379 1351 2402 munem
1387 2369 1637 2410 extimationem,
1663 2371 1806 2404 valorem
1825 2381 1971 2404 annuum

1218 2423 1442 2466 praesentibus
1453 2423 1565 2458 haberi
1577 2425 1726 2458 volumus
1737 2435 1796 2469 pro
1808 2435 1969 2469 expresso,

1218 2486 1277 2519 per
1296 2476 1543 2518 restitutionem,
1570 2477 1800 2522 repositionem
1829 2482 1860 2511 et
1888 2476 1972 2511 rein-

1218 2526 1447 2569 tegrationem,
1465 2538 1501 2560 ac
1518 2528 1725 2567 erectionem,
1747 2532 1777 2562 et
1796 2526 1971 2567 institutio·

1195 2598 1196 2610 i
1219 2585 1294 2608 nem
1315 2575 1502 2610 huiusmodi
1522 2577 1609 2621 apud
1624 2577 1739 2611 Sedem
1753 2576 1971 2621 Apostolicam

1219 2631 1399 2667 vacantem,
1420 2626 1459 2660 de
1480 2637 1555 2670 qua,
1591 2637 1650 2671 pro
1671 2637 1708 2660 eo
1728 2626 1816 2670 quod
1836 2636 1895 2659 nos
1915 2626 1973 2660 du-

1221 2675 1297 2709 stum
1322 2686 1433 2710 onmes
1461 2675 1700 2724 praeceptorias
1725 2680 1895 2722 ceteraque
1913 2675 1971 2712 be-

1991 269 2041 304 Αμ.
2060 272 2090 298 C.
2107 269 2174 299 ¹556

2010 331 2173 359 Praeceptoreiu

1989 364 2099 384 constituit
2110 363 2175 384 Fran-

1988 394 2067 414 ciscuin
2083 394 2174 421 cappel-

1988 426 2036 447 lum.
