2227 3001
125 266 176 294 An.
198 266 225 293 C.
242 267 308 294 15110

982 268 1099 290 Partitis
1120 268 1153 290 HI
1176 269 1220 290 Pr.

325 324 356 352 et
376 319 488 362 legisse
518 318 611 351 etiam
640 323 727 351 motu
754 318 848 350 simili
871 322 1080 357 attestamur,

325 371 419 405 etiam
441 382 516 405 cum
544 371 701 414 expressis
731 371 884 404 clausulis
912 372 1081 412 derogato-

325 425 446 458 riarum
467 424 688 467 derogatoriis‚
717 435 870 457 concesso
909 426 954 457 vel
990 426 1080 463 alias,

325 477 508 521 disponere,
530 487 676 520 erogare,
698 477 823 517 testari,
852 477 1028 510 codieillari
1053 483 1080 510 et

325 535 510 564 convertere
528 530 660 574 possint,
683 535 746 562 tam
768 531 800 562 in
821 531 881 563 vita
911 542 1007 575 quarn
1027 542 1080 564 eo—

324 595 397 618 rum
418 584 531 617 ultima
550 584 713 617 voluntate
725 589 778 616 aut
792 584 854 617 alio
874 596 1081 628 quocumque

324 642 482 681 tempore,
505 648 541 669 ac
562 637 645 669 inter
665 637 922 680 consanguineos
950 643 980 670 et
1005 638 1082 671 alias

324 701 547 735 quascumque
567 701 733 735 personas,
746 691 840 723 etiarn
858 702 922 723 non
939 697 1040 731 notas,
1053 696 1080 724 et

325 745 413 785 loca,
436 744 530 777 etiam
553 755 650 777 causa
677 745 789 777 mortis
821 750 876 777 aut
901 745 1082 777 donationis

325 797 410 830 inter
429 797 525 838 vivos,
549 808 675 830 necnon
694 808 751 841 pro
768 797 913 841 expensis
930 798 1080 830 funerum

325 855 356 883 et
382 850 645 883 remuneratione
667 850 817 890 illorum,
840 851 894 894 qui
917 850 961 883 eis
980 851 1082 883 viven-

325 903 409 936 tibus
438 903 615 943 servierint,
648 903 831 947 disponere,
861 914 1006 945 erogare,
1034 908 1080 936 te-

324 956 416 997 stari,
445 956 621 990 codicillari
651 962 681 989 et
706 956 874 996 ordinare,
902 967 938 988 ac
966 956 1020 989 illa
1050 956 1081 988 in

325 1009 395 1053 pios
427 1015 457 1042 et
490 1021 714 1053 quoscumque
745 1010 823 1042 alios
854 1009 958 1042 licitos
984 1021 1078 1049 usus,

324 1068 423 1107 prout
437 1063 596 1096 videbitur
612 1063 774 1106 expedire,
793 1068 991 1100 convertere,
1009 1064 1080 1096 abs-

324 1126 387 1160 que
407 1116 515 1159 aliquo
541 1115 756 1149 conscientiae
777 1117 953 1159 scrupulo,
982 1117 1081 1150 libere

325 1173 356 1200 et
376 1168 461 1202 licite
481 1169 616 1201 valeant.

369 1222 384 1265 ξ
404 1221 456 1255 ἙΟ.
480 1222 517 1254 Et
536 1221 667 1254 demum
702 1221 747 1254 eis
767 1226 797 1254 et
821 1221 952 1255 illorum
973 1222 1081 1265 singu-

151 1284 268 1310 nestennre
288 1286 309 1304 et
325 1274 380 1315 lis,
402 1275 559 1308 beneficia
583 1275 817 1315 ecclesiastica,
847 1286 921 1308 cum
948 1287 1025 1309 cura
1051 1281 1081 1310 et

122 1318 245 1368 {33¹3me
268 1315 308 1340 '³⁶‘

323 1327 391 1361 sine
411 1339 500 1370 cura,
523 1329 701 1361 saecularia
727 1334 757 1361 et
783 1329 970 1371 quorumvis
991 1330 1080 1363 Ordi-

322 1393 402 1415 num
421 1382 594 1425 regularia,
618 1392 717 1426 quae,
740 1381 836 1414 etiam
857 1392 894 1415 ex
914 1383 1079 1425 quibusvis

321 1435 585 1469 concessionibus
618 1440 649 1468 et
682 1434 975 1479 dispensationibus
999 1448 1077 1479 apo-

321 1489 452 1529 stolicis,
476 1489 508 1521 in
528 1489 657 1522 titulum
679 1494 709 1521 et
735 1489 961 1521 commendam
982 1501 1018 1522 ac
1044 1495 1078 1522 ut

320 1542 475 1583 invicem,
508 1553 564 1575 seu
591 1542 661 1574 aliis
699 1541 865 1574 beneficiis
889 1543 928 1574 ad
962 1554 1075 1576 eorum

319 1595 413 1628 vitam
434 1596 523 1628 unita
543 1596 689 1628 obtinent
713 1601 742 1628 et
763 1596 794 1627 in
815 1601 981 1639 posterum
998 1597 1076 1629 obti—

320 1648 460 1689 nebunt,
483 1649 577 1681 simul
598 1650 645 1682 vel
666 1649 856 1689 successive,
887 1649 1076 1692 simpliciter

317 1707 373 1735 aut.
392 1713 451 1746 pro
472 1702 535 1735 alio
555 1703 602 1736 vel
624 1703 712 1742 aliis,=
724 1701 819 1735 simili
835 1703 882 1735 vel
913 1702 1071 1743 dissimili,

317 1761 371 1789 aut
397 1755 554 1788 similibus
589 1757 637 1789 vel
662 1755 887 1795 dissimilibus,
916 1756 1073 1789 beneficio

316 1819 372 1842 seu
406 1809 587 1849 beneficiis,
611 1809 827 1842 ecclesiastico
851 1810 899 1842 vel
920 1810 1072 1843 ecclesia-

316 1862 414 1903 sticis,
437 1874 511 1896 cum
527 1863 692 1907 quibusvis
709 1863 854 1906 personis
871 1874 979 1895 secum
996 1874 1071 1907 per-

314 1921 440 1949 mutare
456 1917 646 1956 volentibus,
659 1927 695 1949 ex
712 1927 808 1949 causa
825 1916 1071 1960 permutationis

312 1970 522 2011 huiusmodi,
551 1971 583 2003 in
612 1981 676 2014 qua
706 1975 813 2003 tamen
842 1971 931 2002 nulla
960 1970 1070 2004 illicita

312 2024 417 2068 pactio
434 2024 497 2058 sive
522 2024 697 2057 simoniaca
714 2024 851 2067 pravitas
868 2024 1067 2065 interveniat,

312 2077 345 2110 in
378 2077 616 2111 ordinariorum
642 2079 789 2111 locorum
816 2082 871 2111 aut
896 2078 1068 2111 canonico-

312 2143 384 2167 rum
413 2132 735 2176 metropolitanarum
764 2133 812 2165 vel
846 2132 981 2165 aliarum
1015 2144 1068 2166 ca-

311 2186 506 2220 thedralium
527 2186 737 2220 ecclesiarum
764 2197 819 2219 seu
844 2186 980 2219 aliarum
997 2199 1068 2231 per-

310 2250 464 2273 sonarum
481 2240 512 2272 in
533 2240 683 2284 dignitate
709 2241 924 2274 ecclesiastica
948 2243 1067 2275 consti-

311 2299 451 2327 tutarum
465 2321 472 2333 ,
495 2295 534 2327 ad
554 2295 586 2327 id
611 2305 669 2338 per
689 2306 743 2328 eos
768 2296 815 2328 vel
842 2303 1068 2339 procuratores

310 2358 386 2381 suos
410 2348 569 2391 legitimos
604 2350 827 2392 eligendorum
862 2361 918 2383 seu
945 2351 1066 2394 eligen-

310 2403 437 2443 darum,
460 2403 620 2443 manibus,
638 2405 910 2437 extraRomanam
937 2405 1065 2437 Curiam

310 2456 499 2500 praefatam,
523 2456 665 2489 eiusdem
686 2458 888 2501 Apostolicae
905 2458 994 2491 Sedis
1010 2470 1065 2491 seu

310 2505 449 2539 cuiusvis
460 2505 592 2538 alterius
604 2506 732 2539 licentia
748 2507 916 2549 superhoc
933 2507 1065 2539 minime

310 2553 475 2597 requisita,
488 2554 614 2597 quoties
628 2554 672 2587 eis
688 2555 856 2598 placuerit,
871 2555 1063 2598 resignandi,

310 2607 341 2635 et
360 2603 560 2636 commendis
580 2603 726 2641 cedendi,
749 2614 875 2636 necnon
905 2604 1063 2637 unionum

311 2651 498 2685 huiusmodi
535 2651 736 2685 dissolutioni
757 2653 995 2695 consentiendi,
1016 2653 1064 2697 ip-

1772 260 1835 294 ⁹205

1126 319 1166 350 sis
1192 320 1381 361 ordinariis,
1413 320 1576 354 canonicis
1608 325 1639 352 et
1673 321 1818 363 personis
1848 322 1878 354 in

1125 372 1276 414 dignitate
1298 374 1512 407 ecclesiastica
1537 373 1718 406 constitutis
1742 374 1881 418 resigna-

1126 425 1227 459 tiones
1247 427 1285 458 ab
1312 427 1430 460 eisdem
1452 426 1678 460 referendariis
1699 431 1729 459 et
1749 426 1818 459 aliis
1834 428 1880 460 in-

1125 480 1312 524 frascriptis,
1333 481 1522 524 simpliciter
1536 481 1581 513 vel
1599 491 1635 513 ex
1656 480 1766 513 eadem
1785 491 1880 515 causa

1125 538 1152 566 et
1170 533 1209 566 ab
1229 534 1303 577 ipsis
1320 533 1655 577 compermutantibus
1672 534 1830 577 personis,
1843 545 1880 568 ex

1124 586 1206 619 dicta
1233 598 1328 619 causa
1357 588 1532 627 dumtaxat,
1563 593 1593 620 et
1613 588 1880 621 commendarum

1125 640 1285 673 cessiones
1319 646 1405 673 extra
1444 642 1590 673 eamdem
1630 640 1753 673 curiam
1797 641 1880 674 reci-

1125 693 1232 736 piendi
1253 699 1282 727 et
1303 695 1512 734 admittendi,
1546 695 1746 737 unionesque
1767 694 1880 727 liuius-

1125 747 1211 779 modi
1239 743 1449 788 dissolvendi,
1481 759 1607 781 necnon
1633 760 1689 788 ea,
1717 759 1799 792 quae
1820 749 1879 793 ipsi

1124 800 1333 832 referendarii
1355 806 1382 833 et
1404 801 1456 833 alii
1479 801 1672 845 infrascripti
1693 802 1881 846 simpliciter

1124 853 1379 896 resignaverint,
1416 864 1472 886 seu
1506 865 1646 897 quorum
1681 855 1881 888 commendis

1124 906 1288 947 cesserint,
1312 912 1366 939 aut
1390 907 1547 939 unionum
1575 907 1777 940 dissolutioni
1802 919 1879 941 con-

1124 961 1292 999 senserint,
1323 961 1446 993 idonete
1475 962 1522 993 vel
1544 961 1682 1001 idoneis,
1704 962 1743 993 ad
1764 962 1795 993 id
1823 973 1881 1006 per

1124 1024 1178 1046 eos
1208 1025 1263 1046 seu
1299 1019 1526 1056 procuratores
1560 1014 1741 1058 praedictos
1774 1015 1878 1048 nomi-

1124 1067 1249 1104 nandis,
1273 1067 1367 1099 etiam
1393 1078 1631 1111 quaecumque,
1658 1074 1879 1113 quotcumque

1124 1124 1151 1151 et
1187 1120 1438 1164 qualiacun‘ique
1473 1121 1630 1153 beneficia
1663 1122 1878 1155 ecclesiastica

1124 1172 1344 1205 obtinentibus
1364 1178 1394 1205 et
1414 1174 1656 1217 expectantibus
1685 1180 1715 1207 et
1734 1187 1816 1218 quae
1842 1187 1878 1210 ex

1123 1226 1235 1258 eadem
1263 1237 1359 1259 causa
1387 1238 1496 1259 secum
1526 1228 1783 1270 permutantibus
1804 1241 1877 1273 per-

1122 1278 1220 1319 sonis,
1250 1290 1332 1322 quae.
1362 1291 1436 1312 vero
1464 1280 1550 1324 ipsae
1585 1288 1879 1324 compermutantes

1122 1342 1278 1374 personae
1308 1333 1537 1375 resignaverint
1572 1334 1729 1367 beneficia
1763 1336 1876 1369 huius-

1122 1385 1224 1423 modi,
1248 1386 1388 1425 etlamsi,
1411 1392 1446 1420 ut
1466 1388 1665 1431 praefertur,
1694 1388 1877 1431 qualificata

1121 1443 1151 1470 et
1175 1450 1233 1481 per
1253 1450 1307 1472 eos
1327 1451 1385 1483 pro
1407 1445 1553 1483 tempore
1578 1441 1725 1481 obtenta,
1749 1454 1785 1474 ex
1802 1454 1875 1487 per-

1120 1492 1206 1524 sonis
1234 1492 1378 1536 ipsorum
1414 1494 1708 1527 referendariorum
1739 1500 1769 1528 et
1797 1495 1875 1529 alio-

1120 1555 1191 1576 rum
1208 1545 1487 1589 infrascriptorum
1505 1548 1552 1579 vel
1568 1547 1678 1591 quavis
1694 1548 1755 1580 alia
1780 1559 1875 1582 causa

1118 1597 1320 1641 dispositioni
1342 1600 1536 1643 apostolicae
1560 1601 1753 1643 generaliter
1770 1612 1874 1635 reser-

1118 1656 1197 1691 vata,
1220 1662 1275 1683 seu
1297 1663 1333 1684 ex
1353 1653 1496 1695 generali
1518 1653 1730 1686 reservatione
1745 1659 1873 1698 aposto-

1117 1703 1176 1737 lica
1204 1705 1317 1738 affecta
1344 1705 1461 1738 fuerint
1490 1707 1686 1749 (dummodo
1712 1708 1874 1751 prioratus

1115 1758 1163 1789 vel
1180 1759 1243 1791 alia
1263 1760 1399 1803 dignitas
1420 1761 1659 1800 conventualis,
1682 1766 1737 1793 aut
1756 1761 1788 1794 in
1809 1772 1873 1795 me—

1116 1812 1308 1855 tropolitana
1346 1814 1393 1845 vel
1429 1813 1499 1846 aliis
1535 1814 1773 1847 cathedralibus
1802 1820 1874 1858 post

1115 1865 1316 1907 pontificales
1345 1866 1500 1907 maiores,
1532 1878 1588 1899 seu
1618 1867 1794 1911 collegiatis
1819 1879 1871 1901 ec-

1115 1919 1219 1952 clesiis
1239 1920 1425 1953 huiusmodi
1442 1921 1650 1965 principales,
1669 1933 1705 1954 ac
1722 1933 1870 1965 comper-

1114 1974 1309 2006 mutantium
1339 1985 1552 2019 personarum
1579 1975 1716 2008 similem
1738 1977 1870 2009 faculta-

1113 2027 1176 2054 tem
1198 2033 1261 2055 non
1283 2023 1470 2056 habentium
1498 2024 1656 2057 beneficia
1683 2024 1869 2057 huiusmodi

1112 2078 1313 2122 dispositioni
1333 2079 1527 2124 apostolicae
1548 2079 1742 2122 generaliter
1765 2091 1869 2114 reser-

1111 2138 1179 2166 vata
1201 2145 1256 2167 seu
1278 2134 1391 2166 affecta
1413 2144 1476 2166 non
1498 2133 1661 2176 existant),
1678 2133 1799 2167 eisdem
1821 2146 1870 2168 re-

1111 2187 1299 2220 ferendariis
1333 2193 1360 2220 et
1382 2187 1452 2220 aliis
1472 2187 1700 2231 infrascriptis,
1724 2198 1782 2231 per
1801 2199 1867 2227 eos,

1110 2242 1216 2283 quoad
1243 2241 1395 2279 vixerint,
1426 2241 1512 2273 iuxta
1539 2246 1683 2273 tenorem
1708 2241 1869 2286 dispensa-

1110 2295 1233 2327 tionum
1256 2295 1301 2327 eis
1321 2306 1379 2338 pro
1400 2299 1546 2338 tempore
1567 2305 1807 2335 concessarum,
1835 2297 1866 2329 in

1110 2349 1239 2381 titulum
1261 2350 1308 2381 vel
1329 2349 1555 2381 commendam
1577 2349 1726 2389 tenenda,
1760 2350 1865 2382 confe-

1110 2403 1221 2441 rendi,
1251 2408 1281 2435 et
1301 2403 1339 2435 de
1365 2402 1427 2434 illis
1451 2402 1547 2435 etiam
1573 2402 1772 2445 providendi,
1795 2414 1864 2435 om-

1109 2456 1225 2498 niaque
1253 2461 1283 2488 et
1316 2455 1442 2498 singula
1471 2455 1532 2487 alia
1562 2455 1593 2487 in
1622 2455 1806 2499 praemissis
1835 2461 1865 2488 et

1108 2505 1192 2537 circa
1220 2515 1256 2537 ea
1276 2504 1455 2537 necessaria
1480 2516 1535 2537 seu
1551 2504 1794 2547 quomodolibet
1808 2515 1864 2549 op-

1108 2559 1246 2597 portuna
1276 2553 1411 2587 faciendi
1440 2558 1467 2586 et
1490 2553 1681 2597 exequendi,
1713 2553 1807 2586 etiam
1838 2553 1862 2586 si

1107 2603 1183 2635 dicti
1205 2603 1414 2636 referendarii
1428 2603 1661 2636 beneficiorum
1675 2602 1860 2635 huiusmodi

1106 2652 1341 2695 possessionem
1358 2663 1416 2696 per
1431 2657 1570 2696 quatuor
1582 2662 1707 2685 menses
1726 2661 1791 2685 non
1807 2651 1861 2684 ob-

1964 271 1992 298 C,
2015 272 2081 299 timo
