2227 3001
230 289 267 316 An
296 287 323 313 C.
346 284 412 313 {5118
1981 278 2028 306 An.
2046 278 2074 305 C.
2096 274 2160 304 135stss

470 275 533 311 392
1021 283 1198 307 amanum
1222 283 1369 306 Romarm

425 338 486 376 >sub
512 338 655 371 censuris
681 344 708 371 et
735 336 846 381 poenis
878 336 1090 380 pecuniariis,
1118 346 1174 368 suo
1194 340 1198 391 ξ
1217 334 1320 366 bustis
1337 333 1406 366 aliis
1423 333 1584 366 iudicibus
1607 332 1712 372 Urbis,
1735 342 1848 365 eorum
1867 331 1964 364 curiis

426 391 634 425 moderandis
654 390 798 429 arbitrio,
816 399 856 422 ne
872 388 1068 421 exactionem
1088 387 1176 421 debi-
1195 394 1198 436 t
1218 387 1311 421 etiam
1332 397 1390 431 per
1406 397 1464 419 nos
1482 387 1654 427 concessis,
1678 385 1833 419 innovatis
1856 390 1886 418 et
1908 396 1963 429 ap-

427 451 535 478 torum
556 456 592 478 ex
610 455 704 477 causa
726 443 922 486 praeinserta
936 448 1176 475 contractorum
1196 453 1198 483 ς
1218 441 1370 484 probatis,
1383 446 1413 473 et
1432 440 1655 477 concedendis,
1669 440 1786 484 quibus
1802 439 1962 478 omnibus

429 495 875 542 quomodolibetimpediant,
899 495 931 528 in
953 496 1050 528 illisxe
1067 495 1177 538 quovis
1197 522 1199 559 ἒ
1218 506 1252 527 ιι·
1275 494 1299 526 si
1321 505 1432 527 eoium
1464 500 1589 527 tenoies
1617 498 1695 534 elo,
1724 493 1876 525 latissime,
1906 492 1965 524 hac

430 551 573 595 quaesito
589 551 707 591 colon,
720 555 749 583 et
762 549 996 583 inercatoiibus
1007 560 1055 593 pi
1048 549 1136 581 ιῑῑιοιίἰι
1140 548 1178 580 tis
1197 560 1200 593 Ι
1218 547 1284 581 tice
1300 548 1463 580 dumtaxat
1478 547 1680 589 derogamus
1698 547 1738 579 Pi
1741 557 1776 578 at
1780 550 1867 578 sent«
1872 555 1966 588 mque

430 604 663 650 praecipientes
695 614 734 636 ne
766 603 885 636 sonere
920 603 1071 635 debentes
1104 594 1200 635 alibi
1220 606 1308 634 nosti
1311 612 1361 633 am
1384 600 1657 641 constitutionem,
1682 600 1732 633 eui
1754 610 1817 632 non
1836 599 1966 641 derooa-

430 669 526 702 quam
552 668 659 690 comm
678 668 709 690 se
726 656 950 695 intmmittant,
983 655 1175 688 inhibentes.
1221 660 1272 687 tui
1293 665 1349 698 per
1371 664 1610 698 quuncumque
1634 653 1850 696 sionatuiam,
1869 663 1905 685 ac
1935 651 1967 684 in

429 712 467 745 Et
487 712 512 745 si
538 712 661 754 aliquas
682 710 888 744 inhibitiones
906 720 964 753 per
984 709 1061 742 alios
1082 720 1178 753 quos·
1197 723 1201 746 t
1220 719 1281 752 qua
1292 708 1399 741 omnia
1409 713 1438 740 et
1449 708 1572 751 singula
1584 707 1711 740 decreta
1724 707 1734 729 ¹
1748 712 1778 739 et
1794 706 1965 746 clausulas,

431 775 570 808 cumque
594 764 717 797 iudices
734 763 827 796 tsi-his
846 763 908 796 ad1
928 773 1063 795 uxorum
1078 763 1178 795 dicto·
1198 751 1201 805 ξ
1220 762 1252 794 in
1279 761 1419 794 motibus
1444 760 1583 805 propriis
1607 759 1780 805 praedictis
1803 765 1968 793 contentas

430 830 503 852 rum
520 818 701 851 debitorum
719 823 771 850 aut
793 817 929 850 aliarum
947 827 1179 860 quarumeum-
1200 818 1202 856 ’ς
1221 821 1251 848 et
1277 815 1451 859 descriptas
1471 821 1498 848 et
1525 814 1688 858 repetitas,
1712 814 1836 847 censeri
1854 813 1969 846 debere

431 884 493 917 que
511 883 738 916 personarum,
765 871 943 904 dominium
963 871 1011 903 vel
1027 870 1180 913 hypothe-
1200 863 1203 896 ἶ
1222 870 1388 910 volumus,
1416 870 1447 901 in
1475 869 1636 901 volumine
1657 873 1850 901 statutorum
1868 867 1969 900 dictae

432 937 501 960 carn
520 937 575 959 seu
600 925 762 970 quodlibet
799 924 886 957 aliud
907 924 956 956 ius
980 923 1011 955 in
1034 922 1126 955 bonis
1151 923 1180 955 in
1201 950 1202 959 ,
1222 923 1330 955 curiae
1347 923 1444 966 Ripae
1470 928 1497 955 et
1514 922 1657 965 Ripettae
1681 921 1819 954 describi
1839 926 1869 953 et
1886 920 1969 963 regi-

432 980 580 1014 domibus
591 980 751 1012 dictorum
767 978 948 1011 debitorum
962 976 1179 1017 existentibus,

1201 977 1328 1018 ,strati
1359 976 1409 1009 eui
1432 977 1496 1008 sola
1531 976 1706 1018 signatura,
1740 975 1772 1007 in
1803 973 1922 1007 iudicio
1942 980 1971 1007 et

433 1045 487 1068 seu
506 1045 564 1078 per
579 1034 680 1067 dictos
696 1033 856 1066 debitores
873 1031 984 1076 quovis
1000 1031 1095 1063 modo
1112 1041 1182 1074 pos·
1202 1034 1203 1075 l
1223 1037 1321 1070 extra,
1346 1030 1493 1071 sufficiat,
1520 1030 1631 1072 regula
1652 1029 1813 1062 contraria
1828 1038 1895 1061 non
1914 1027 1971 1061 ob-

433 1088 545 1128 sessis
581 1088 699 1120 habere
739 1085 1031 1131 praetendentium
1067 1086 1178 1124 fimetis

432 1152 491 1187 per
510 1152 589 1185 quas
605 1140 763 1181 executio
782 1140 820 1172 ad
838 1138 1004 1172 instantias
1022 1135 1205 1191 dictoriam

434 1200 649 1228 mercatorum
678 1194 805 1227 decreta
825 1193 857 1225 in
877 1191 968 1225 dictis
982 1176 1205 1229 bonis,fie1i

434 1247 661 1291 prohiberetur
694 1246 870 1286 inveneiit,
904 1255 943 1278 ne
977 1255 1014 1277 ex
1046 1244 1106 1277 hoc
1138 1244 1183 1276 fa-

435 1302 536 1335 cultas
558 1301 643 1334 bona
668 1299 853 1332 huiusmodi
875 1297 1059 1331 occultandi
1077 1297 1181 1335 detur,

435 1355 553 1389 eisdem
596 1353 840 1387 inhibitionibus
865 1363 929 1385 non
970 1351 1181 1390 obstantibus,

435 1409 519 1442 bona
539 1408 680 1453 praefata
706 1406 860 1447 describi,
883 1411 911 1438 et
933 1406 971 1438 de
989 1405 1050 1437 illis
1076 1404 1184 1437 inven-

1202 1088 1259 1117 ¹·st
1262 1089 1335 1119 uite,
1357 1083 1559 1115 mandamus.

1356 1137 1473 1176 Placet,
1493 1141 1522 1169 et
1534 1136 1576 1168 ita
1588 1135 1787 1168 mandamus.
1802 1135 1837 1167 Α.

1268 1191 1321 1223 Die
1342 1201 1412 1223 xxvi
1440 1189 1567 1233 augusti
1588 1199 1728 1222 nnvam
1754 1188 1892 1221 admissa
1915 1187 1974 1220 suit

1225 1245 1338 1277 cedula
1359 1244 1433 1277 dieti
1454 1249 1560 1277 motus
1576 1243 1699 1287 proprii
1720 1253 1757 1275 ex
1781 1242 1922 1282 decreto,
1945 1246 1975 1274 et

1225 1298 1428 1332 collationata
1454 1297 1625 1331 concordat
1651 1297 1705 1329 lib.
1731 1307 1761 1331 v.
1785 1296 1838 1328 fol.
1869 1303 1971 1328 cxvm.

1225 1353 1438 1396 Hieronymus
1455 1352 1493 1385 de
1511 1352 1647 1384 Tarano.

1271 1406 1351 1439 Visa.
1370 1406 1467 1439 Iulius
1483 1405 1590 1445 Gom,
1605 1404 1756 1438 Gamerae
1777 1400 1976 1447 Apostolicae

437 1462 553 1496 larium
571 1461 700 1501 confici,
714 1466 743 1494 et
760 1470 858 1504 penos
876 1459 1018 1501 aliquam
1037 1458 1185 1491 idoneam
1227 1461 1367 1493 decanus
1384 1465 1414 1492 et
1430 1459 1529 1503 Ripae
1546 1458 1741 1501 praesidens.

437 1525 606 1560 personam
644 1513 774 1557 deponi,
801 1522 970 1556 quousque
994 1511 1031 1543 (le
1062 1505 1208 1543 iuribus'.

437 1568 576 1613 partium
598 1567 801 1607 discutiatur,
828 1565 977 1599 faciendi.
990 1565 1027 1597 Et
1044 1565 1068 1597 si
1088 1563 1186 1608 aliqui
1206 1575 1208 1605 ζ

437 1633 474 1656 ex
497 1621 590 1655 dictis
614 1620 813 1654 debitoribus
838 1619 876 1652 de
900 1619 984 1651 L'rbe
1014 1617 1186 1654 abfuerint,

436 1676 546 1710 literas
566 1674 743 1717 rogatorias
761 1673 818 1713 eis,
838 1673 893 1717 qui
911 1672 943 1704 in
961 1672 1006 1705 eis
1023 1671 1113 1711 locis,
1135 1671 1187 1703 ubi

438 1730 514 1764 dicti
535 1729 695 1762 debitores
719 1738 843 1761 moram
866 1726 1032 1767 traxerint,
1052 1725 1190 1758 iustitiae

440 1782 669 1817 ministrandae
687 1780 898 1825 praefuerint,
916 1779 1064 1819 directas,
1080 1784 1189 1812 uteos-

439 1839 510 1871 dem
545 1836 705 1869 debitores
735 1835 773 1867 ad
804 1833 1064 1866 satisfaciendum
1099 1832 1191 1865 dietis

440 1889 675 1925 mercatoribus
692 1889 900 1933 compellant,
921 1898 994 1920 cum
1013 1887 1192 1919 commina-
1212 1885 1214 1891 ’

442 1942 527 1974 tiene
543 1938 805 1984 represaliarum,
819 1937 879 1970 nisi
895 1937 925 1969 id
941 1936 1069 1971 facient,
1084 1936 1192 1969 decer·
1214 1953 1215 1961 ι

441 1995 563 2028 nentes
576 1988 785 2027 mittentes,et
797 1987 925 2019 illarum
936 1985 1194 2029 priesentationis
1234 1968 1333 1998 Pmssus
1351 1968 1421 2002 Papa
1441 1967 1475 1995 m
1489 1965 1599 1993 ‘mecm
1615 1964 1679 1992 filiis
1698 1963 1800 1992 Vicum
1818 1961 1941 1998 generali
1958 1962 1987 1989 et

441 2039 596 2072 relatione
630 2037 750 2076 habita,
777 2046 882 2079 neque
904 2035 986 2067 infra
1019 2034 1192 2067 terminum

1556 1644 1654 1677 LXIV.

1232 1725 1276 1757 De
1300 1725 1448 1756 electione
1480 1722 1597 1755 vicarii
1624 1720 1784 1764 (leneralis
1813 1728 1982 1761 conqreqcz-

1278 1778 1376 1811 tionis
1392 1776 1506 1810 Eremi
1524 1773 1781 1809 camaldulensis
1810 1783 1846 1806 ac
1864 1771 1899 1805 S.
1921 1771 1983 1804 Mi-

1277 1831 1396 1864 chaelis
1406 1830 1442 1863 cle
1452 1830 1600 1868 Murano,
1608 1828 1838 1861 monachorum
1852 1825 1984 1860 Ordinis

1278 1885 1311 1918 S.
1334 1884 1502 1918 Benedicti
1516 1882 1541 1914 2.

1279 2021 1473 2050 visitatoribus
1500 2018 1723 2054 congregationis
1754 2015 1986 2047 camaldulensis,

445 2089 475 2121 in
496 2087 557 2120 illis
577 2086 754 2131 praefixum
778 2084 896 2117 iustitia
925 2084 1103 2117 ministrata
1126 2084 1195 2116 t‘ue-
1282 2076 1401 2104 ⁵²²¹ssth
1420 2076 1450 2103 et
1468 2072 1647 2110 ³P⁰St⁰¹20³ffl
1666 2071 1890 2100 beffiffictifflem·

445 2137 503 2177 rit,
526 2135 717 2179 represalias
736 2140 847 2167 eontra
863 2133 1011 2166 homines
1035 2132 1194 2165 <lictorum

447 2187 605 2225 locorum,
632 2184 828 2226 illorumque
854 2193 904 2215 res
929 2188 959 2215 et
983 2182 1084 2221 bona,
1112 2182 1198 2214 iuxta

2047 2151 2112 2172 cuasa
2127 2149 2188 2170 huiu-

2005 2182 2170 2204 constitutionis.

1282 2156 1402 2200 Exponi
1423 2154 1514 2188 nobis
1534 2164 1638 2196 nuper
1664 2152 1780 2186 fecistis
1800 2151 1887 2196 quod
1915 2150 1990 2184 licet

261 2412 431 2440 Quibuscumqne

248 2449 291 2465 non
328 2442 433 2463 obstant*-

446 2236 560 2279 etylum
585 2234 618 2266 in
640 2233 724 2266 Urbe
756 2233 898 2273 solitum,
934 2232 1144 2265 decernentes
1168 2237 1199 2264 et

446 2289 651 2327 exequentes,
671 2282 859 2315 mandantes
876 2287 907 2315 et
926 2281 1089 2314 facientes.

491 2333 505 2376 g
523 2332 553 2365 7.
573 2332 642 2364 Non
658 2331 858 2364 obstantibus
870 2330 1052 2374 praemissis
1071 2341 1106 2362 ac
1123 2340 1195 2362 con-

448 2380 666 2416 stitutionibus
683 2385 711 2412 et
729 2379 986 2412 ordinationibus
1001 2378 1197 2422 apostolicis,

449 2432 527 2475 stylo
549 2429 673 2470 Palatii,
698 2428 821 2461 statutis
842 2434 871 2461 et
891 2428 979 2462 novis
997 2428 1199 2460 reformatio-

449 2481 544 2514 nibus
562 2478 668 2519 Urbis,
688 2477 937 2522 privilegiisque,
961 2477 1093 2509 indultis
1114 2482 1139 2509 et
1159 2477 1201 2509 sa-

451 2528 623 2563 cultatibus
643 2526 826 2571 praedictis,
849 2526 1046 2559 debitoribus
1072 2531 1102 2559 et
1119 2525 1199 2561 aliis,

453 2584 485 2612 et
504 2588 562 2623 pro
581 2582 725 2620 tempore
743 2574 881 2607 auditori
901 2575 1051 2608 Gamerae
1069 2575 1202 2619 Aposto-

453 2628 548 2668 licae,
571 2624 790 2668 gubernatori,
808 2624 939 2665 vicario,
962 2624 1114 2663 senatori,
1134 2623 1203 2667 qui-

491 2691 499 2717 t
524 2690 601 2716 Deest
619 2688 727 2716 forsitan
744 2689 899 2714 instantiam
921 2686 958 2721 (n.
975 2687 1024 2714 τλ.

1222 2716 1226 2721 ,
1247 2688 1320 2717 ttoni,
1334 2692 1392 2720 pag.

1239 2210 1277 2243 ab
1293 2210 1424 2253 antiquo
1440 2214 1586 2252 tempore
1607 2207 1695 2246 citra,
1711 2211 1814 2239 morte
1834 2215 1893 2250 pro
1908 2210 1988 2238 tem-

1241 2275 1318 2308 pore
1352 2261 1512 2296 existentis
1545 2260 1703 2303 generalis
1736 2259 1832 2292 totius
1865 2257 1991 2292 Ordinis

1241 2323 1269 2351 et
1304 2315 1561 2359 congregationis
1601 2313 1853 2347 Camaldulensis
1898 2311 1990 2345 adve-

1240 2371 1359 2411 niente,
1381 2370 1445 2403 duo
1461 2369 1637 2402 visitatores
1657 2372 1687 2401 et
1707 2366 1839 2400 totidem
1860 2365 1991 2410 praelati

1242 2425 1385 2458 eiusdem
1402 2422 1540 2462 Ordinis,
1559 2422 1631 2455 loeo
1644 2421 1675 2453 in
1695 2431 1760 2464 quo
1777 2419 1994 2453 eumdemmet

1242 2478 1424 2522 generalem
1457 2475 1613 2509 decedere
1647 2473 1852 2515 contingebat
1893 2472 1994 2514 magis

1221 2553 1223 2559 ‹
1244 2531 1439 2576 propinquo,
1462 2529 1560 2562 alium
1597 2526 1853 2572 congregationis
1881 2525 1993 2559 huius-

1282 2597 1289 2621 l
1320 2597 1428 2621 Formas
1453 2593 1525 2619 addit
1551 2591 1666 2618 Cherub.
1691 2592 1729 2626 (a.
1756 2591 1806 2623 τ.).
1845 2590 1861 2616 ⁰2
1886 2589 1922 2616 De
1948 2588 1995 2614 bac

1245 2641 1338 2667 Ereino
1368 2638 1428 2665 vide
1457 2640 1535 2664 etiam
1562 2636 1602 2663 liic
1633 2637 1657 2662 in
1685 2635 1873 2662 constitutione
1891 2641 1915 2665 ι,
1939 2633 1993 2658 Ru-

1415 2684 1462 2710 175
1474 2683 1554 2709 liuius
1566 2681 1640 2709 tomi.
