2227 3001
99 247 150 273 An.
169 245 275 273 (1.15111

108 520 216 540 clausulae
240 521 278 541 :te-

94 556 220 578 raemoriae.

105 1169 153 1190 Sota
169 1170 274 1195 signatura

93 1201 174 1222 sufficit.

120 1908 216 1929 Pontifex
238 1909 278 1929 iste

92 1946 131 1971 per
141 1941 200 1961 aliam
209 1943 277 1960 const.

94 1973 190 1993 decrevit.
210 1972 278 1997 inipe-

94 2004 196 2023 nationes
215 2002 278 2022 hene-

93 2034 187 2054 ficiorum
203 2033 278 2053 detun-

94 2065 121 2085 eti
133 2065 230 2085 obtentas
241 2065 277 2085 nto

93 2097 178 2116 vivente
188 2099 208 2116 et
217 2100 278 2116 cete.-

95 2133 129 2148 ηε
144 2127 212 2148 nullas
220 2133 276 2153 esse3

943 243 1060 266 PAULUS
1081 243 1113 266 ΙΙΙ
1134 242 1180 265 Pr.

294 296 452 336 faciendi,
488 295 618 338 gerendi
647 300 677 327 et
702 295 870 327 exercendi
896 295 927 327 in
953 306 1046 339 prae-

294 351 399 383 missis
419 355 450 383 et
469 349 554 382 circa
575 360 611 382 ea
627 349 807 382 necessaria
830 360 885 382 seu
908 359 1045 393 quomo-

295 404 415 437 dolibet
434 408 628 447 opportuna.

336 457 401 500 §4
429 458 497 490 Non
524 457 724 490 obstantibus
752 468 956 500 quacumque
985 457 1047 490 litis

292 510 477 555 pendentia,
505 522 603 555 super
623 510 770 543 facultate
787 511 971 543 huiusmodi
994 522 1045 543 ex-

293 563 604 597 communicationes
624 563 834 603 concedendi,
856 564 886 596 in
903 564 1044 596 Romana

291 616 398 656 Curia,
411 627 519 649 coram
533 616 674 660 praefato
690 621 743 648 aut
754 616 823 649 aliis
834 617 1045 660 quibuscum-

291 680 354 712 que
370 669 571 702 auditoribus
579 680 634 702 seu
648 669 818 709 iudicibus,
831 669 913 702 inter
925 670 1046 714 praefa-

291 725 339 752 tos
364 718 560 751 cardinalem
582 723 612 751 et
636 718 868 762 praepositum,
892 724 947 750 aut
967 718 1046 750 alios

290 778 524 812 quoscumque,
534 778 659 800 necnon
671 767 953 800 constitutionibus
963 767 974 795 'l
990 778 1046 810 per

290 828 514 860 quoscumque
522 817 683 849 Romanos
692 816 861 849 Pontifices
871 816 1046 859 praedeces-

290 877 378 899 sores
395 870 520 899 nostros
532 872 559 898 et
579 876 636 898 nos
656 865 742 909 ipsos
759 866 865 898 forsan
877 864 1043 902 emanatis,

289 914 447 948 roboratis
464 920 495 948 et
510 915 678 951 innovatis,
693 926 767 948 cum
783 914 946 958 quibusvis
956 915 1045 946 clau-

289 965 378 1003 sulis,
401 964 495 997 etiam
522 964 800 1006 derogatoriarum
821 963 1043 1005 derogatoriis,

289 1013 408 1056 quibus
429 1012 610 1057 specialiter
629 1018 660 1045 et
675 1023 822 1056 expresse
839 1012 1043 1055 derogamus,

290 1063 469 1106 ceterisque
490 1062 659 1095 contrariis
679 1062 954 1106 quibuscumque.

350 1111 365 1154 ἓ
381 1112 412 1144 5.
434 1111 589 1143 Volumus
605 1111 746 1154 insuper,
763 1115 852 1143 motu
869 1115 899 1142 et
915 1109 1045 1142 scientia

289 1160 465 1200 similibus,
489 1161 574 1203 quod
601 1159 777 1203 praesentis
808 1159 907 1191 nostri
940 1164 1046 1191 motus

291 1208 412 1253 proprii
433 1209 499 1241 sola
521 1209 683 1251 signatura
704 1207 839 1240 sufficiat
857 1213 885 1240 et
908 1207 939 1239 iu
960 1207 1044 1240 iudi-

289 1257 338 1290 cio
359 1262 389 1290 et
408 1268 482 1290 exra
503 1257 599 1290 fidem
617 1256 727 1296 saciat,
750 1257 861 1299 regula
885 1256 1044 1289 contraria

289 1316 354 1339 non
375 1306 532 1339 obstante.

332 1355 448 1395 Placet,
457 1354 538 1388 etita
550 1360 639 1388 motu
648 1353 780 1398 proprio
793 1353 995 1387 mandamus.
1007 1354 1042 1386 A.

601 1483 731 1517 XXXVI.

290 1549 335 1582 De
345 1548 627 1592 impetrationibus
642 1547 867 1590 beneficiorum
881 1550 1043 1589 tamquam

334 1606 417 1635 certo
438 1601 529 1633 niorto
548 1601 748 1633 memmium.

290 1672 483 1702 sanctissimus
497 1673 524 1701 in
537 1672 646 1701 Christo
661 1672 742 1719 pater
765 1672 794 1700 et
813 1671 937 1700 dominus
952 1673 1047 1700 noster

334 1727 458 1756 dominus
473 1726 573 1755 Paulus
588 1727 680 1756 divina
696 1726 872 1762 providentia
896 1725 967 1762 Papa
988 1727 1048 1755 ter-

337 1781 405 1810 tius.

336 1844 394 1885 Qui
420 1845 452 1877 in
483 1845 621 1878 crastino
647 1843 876 1888 assumptionis
908 1855 983 1877 suae
1008 1844 1046 1876 ad

293 1894 410 1927 summi
439 1894 635 1938 apostolatus
670 1893 806 1937 apicem,
837 1893 973 1937 cupiens
997 1904 1048 1926 eo-

293 1955 364 1977 rum
385 1943 552 1977 fraudibus
572 1943 711 1983 obviare,
730 1942 785 1986 qui
804 1942 975 1975 viventium
990 1943 1047 1975 be-

292 1992 426 2033 neficia,
454 1993 585 2025 illorum
614 1992 815 2035 praesertim,
837 1992 967 2035 quibus,
994 1998 1049 2025 aut

292 2048 424 2087 propter
444 2041 569 2075 senium
585 2046 640 2074 aut
661 2047 793 2085 propter
812 2041 1045 2081 infirmitatem,

292 2091 480 2124 imminebat
498 2091 578 2123 vitae
599 2090 794 2134 periculum,
819 2090 1047 2133 impetrabant,

292 2145 338 2180 ut,
352 2139 414 2172 illis
428 2139 668 2179 decedentibus,
690 2143 854 2181 tamquam
872 2138 1049 2181 collitigan-

292 2195 339 2222 tes
354 2189 386 2221 in
406 2189 537 2222 illorum
555 2189 678 2221 iuribus
694 2188 819 2221 facilius
835 2188 1047 2231 subrogaren-

293 2244 365 2278 tur,
395 2249 454 2282 per
484 2239 656 2281 quamdam
678 2237 747 2270 eius
772 2237 1045 2277 constitutionem,

293 2287 376 2320 inter
401 2286 479 2327 alia,
510 2287 610 2320 voluit
636 2291 671 2319 ut
695 2287 847 2330 deinceps
867 2288 993 2326 nullus,
1016 2287 1047 2319 in

294 2337 377 2377 iure,
403 2337 451 2368 vel
480 2336 519 2369 ad
539 2337 607 2375 ius,
637 2336 669 2368 iu
697 2335 855 2369 beneficio
885 2336 1044 2373 defuncti,

294 2386 381 2429 quod
408 2386 462 2418 illo
500 2385 620 2420 vivente
650 2385 682 2417 in
711 2385 838 2418 casibus
864 2384 1048 2429 praemissis

294 2435 342 2467 vel
362 2434 520 2467 similibus
536 2434 726 2479 impetravit,
738 2434 846 2477 aliquo
863 2434 959 2467 modo
975 2435 1048 2467 sub-

295 2490 438 2528 rogetur,
461 2494 497 2516 ac
518 2483 701 2526 subrogatio
721 2489 752 2517 et
770 2484 871 2527 gratia
886 2484 911 2516 si
927 2484 1045 2524 neutri,

334 2552 343 2578 ¹
372 2551 489 2577 Cherub.
520 2553 751 2577 constitutionibus
775 2555 798 2577 el
834 2553 1047 2577 ordinationibus

295 2597 452 2629 apostolicis,
465 2598 597 2628 quibusvis
613 2598 760 2628 privilegiis
776 2599 800 2622 et
815 2598 1048 2623 consuetudinibus

295 2649 342 2675 per
359 2648 533 2674 quoscumque
548 2643 597 2666 etc.
619 2639 657 2675 (n.
676 2640 728 2675 τ.).

374 2683 450 2717 Bult.
466 2683 543 2715 Rom.
563 2683 617 2714 Vol.
639 2683 682 2714 VI.
930 2683 969 2715 40

1733 230 1797 264 313

1089 295 1111 327 si
1135 294 1212 327 nulli
1235 305 1289 327 seu
1318 305 1415 327 novae
1437 292 1610 338 provisioni
1632 298 1685 325 aut
1709 293 1840 335 perinde

1088 349 1203 389 valere,
1227 348 1331 380 taliter
1358 345 1541 391 impetranti
1567 346 1749 378 nullatenus
1775 346 1839 378 sus-

1088 402 1279 444 sragaretur;
1297 401 1384 444 quod
1405 400 1499 433 ctiam
1520 398 1718 432 strictissime
1734 399 1841 431 obser-

1088 454 1152 487 vari
1174 454 1334 487 mandavit
1358 453 1389 486 in
1416 452 1695 497 impetrationibus
1719 452 1841 484 benefi-

1088 507 1212 539 ciorum
1252 518 1309 551 per
1347 506 1557 550 privationem
1587 510 1616 538 et
1647 504 1841 538 amotionem

1088 571 1123 592 cx
1145 561 1308 603 quibusvis
1329 560 1521 593 criminibus
1536 565 1566 592 et
1581 559 1762 592 excessibus
1778 559 1842 591 sor-

1088 624 1143 645 san
1164 613 1366 657 perpetratis,
1390 613 1482 646 etiam
1506 613 1530 645 si
1551 623 1653 656 usque
1670 612 1708 645 ad
1729 611 1842 644 defini-

1088 668 1180 700 tivam
1193 669 1393 705 sententiam,
1410 679 1492 710 quae
1513 673 1618 700 tamen
1638 667 1669 699 in
1687 677 1753 699 rem
1779 677 1843 699 nou

1088 717 1277 749 transivisset
1314 717 1506 756 iudicatam,
1534 727 1722 760 processum
1748 716 1840 749 soret.

1132 767 1146 809 ξ
1167 766 1196 798 l.
1220 767 1263 799 Ac
1293 777 1350 810 per
1376 766 1453 798 alias
1483 766 1727 798 constitutiones
1756 776 1841 803 suas,
1884 782 1907 802 52
1932 787 1969 808 „es
1989 781 2041 801 ΑΜ,

1087 826 1143 848 seu
1164 815 1379 848 Cancellariae
1401 815 1602 858 Apostolicz‘w,
1630 815 1769 857 regulas,
1792 826 1842 846 vo-
1867 817 2042 865 ff*¹¹¹‘¹[¹¹¹¹¹l¹⁰·¹ifn⁵-

1088 864 1158 903 luit,
1182 865 1287 897 statuit
1310 870 1338 896 et
1355 864 1509 896 ordinarit
1533 864 1618 906 quod
1644 863 1842 906 quicumque
1857 850 2042 906 {ffiruintelibcne-

1088 913 1281 946 beneficium
1310 912 1583 949 ecclesiasticum,
1615 918 1690 945 tunc
1712 924 1770 956 per
1789 911 2042 962 311-Ἷζζῇυηζᾞςῗῗ

1088 974 1165 994 num
1205 963 1388 995 immediate
1426 962 1673 1005 praecedentem
1709 962 1843 1006 pacifice
1857 956 1879 995 ‘sn
1899 950 2042 1000 exprimi-eia

1088 1022 1269 1055 possessum
1287 1018 1314 1044 et
1326 1012 1508 1054 quodcerto
1519 1011 1614 1043 modo
1625 1021 1737 1043 vacare
1750 1022 1842 1054 prae-
1857 1005 1974 1057 ssggfu,„¹¹³⁰
2000 1005 2041 1023 '¹³‘

1088 1061 1243 1099 tenderet,
1259 1072 1295 1093 ex
1314 1066 1392 1093 tunc
1408 1061 1559 1103 deinceps
1573 1060 1770 1104 impetraret,
1789 1071 1844 1093 no-

1088 1121 1182 1148 men,
1205 1110 1341 1151 gradum
1367 1114 1397 1142 et
1429 1110 1627 1142 nobilitatem
1654 1110 1845 1152 possessoris

1088 1159 1231 1192 eiusdem
1254 1159 1277 1197 1,
1300 1171 1336 1192 ex
1363 1170 1427 1202 qua
1452 1160 1537 1192 clare
1565 1164 1709 1191 constare
1739 1164 1846 1203 posset

1087 1208 1174 1250 quod
1194 1208 1321 1240 nullum
1344 1208 1402 1252 ipsi
1433 1207 1609 1251 possessori
1630 1207 1661 1239 in
1683 1207 1767 1240 dicto
1788 1207 1843 1240 be-

1088 1255 1203 1288 neficio
1220 1256 1268 1289 ius
1285 1261 1495 1300 competeret,
1515 1267 1687 1289 causarum
1703 1255 1720 1279 2
1735 1256 1767 1288 in
1784 1257 1844 1288 hu-

1088 1305 1226 1338 iusmodi
1252 1305 1477 1349 impetratione
1503 1305 1683 1349 exprimere
1709 1309 1739 1337 et
1763 1305 1846 1337 infra

1087 1365 1140 1387 sex
1162 1365 1287 1387 menses
1316 1355 1422 1398 ipsum
1452 1364 1669 1397 possessorem
1697 1353 1736 1386 ad
1762 1353 1845 1386 iudi-

1088 1404 1174 1437 cium
1195 1405 1319 1437 evocari
1340 1405 1457 1443 facere,
1485 1414 1681 1446 causamque
1702 1414 1739 1435 ex
1759 1413 1846 1436 nunc

1088 1454 1239 1497 desuper,
1263 1453 1344 1486 infra
1365 1463 1485 1485 annum
1499 1479 1506 1492 ,
1529 1463 1630 1495 usque
1655 1453 1694 1485 ad
1716 1458 1845 1486 senten-

1087 1503 1162 1535 tiam
1184 1503 1391 1542 definitivam,
1410 1502 1562 1535 inclusive
1583 1502 1736 1546 prosequi
1752 1502 1846 1535 debe-

1088 1558 1135 1585 ret
1151 1558 1181 1585 et
1196 1558 1374 1591 teneretur,
1392 1551 1535 1595 alioquin
1551 1551 1734 1595 impetratio
1750 1563 1844 1596 prae-

1088 1602 1171 1634 dicta
1193 1607 1223 1634 et,
1241 1612 1467 1645 quaecumque
1487 1601 1561 1633 inde
1589 1605 1697 1633 secuta
1724 1602 1846 1635 nullius

1088 1651 1259 1683 existerent
1279 1650 1449 1689 firmitatis,
1468 1655 1498 1683 et
1514 1649 1597 1682 idem
1616 1650 1791 1693 impetrans
1807 1651 1845 1683 de

1088 1700 1213 1732 damnis
1242 1704 1272 1732 et
1291 1699 1444 1732 interesse
1472 1709 1691 1743 possessorem
1716 1700 1844 1743 praedi-

1088 1755 1175 1782 ctum
1197 1754 1368 1794 propterea
1389 1748 1648 1791 contingentibus
1673 1748 1701 1781 ei
1722 1749 1844 1782 satisfa—

1089 1803 1185 1831 ceret.
1218 1799 1255 1831 Et
1283 1798 1308 1831 si
1334 1808 1550 1842 possessorem
1580 1797 1686 1841 ipsum
1714 1798 1843 1838 iniuste,

1090 1847 1198 1880 frivole
1214 1852 1242 1880 et
1255 1847 1395 1879 indebite
1413 1848 1598 1879 molestasse
1616 1852 1764 1890 repertus
1779 1848 1845 1880 exi-

1090 1902 1197 1936 steret,
1220 1896 1454 1940 quinquaginta
1466 1896 1605 1928 florenos
1629 1895 1699 1928 auri
1721 1897 1845 1940 persol-

1088 1956 1160 1978 vere
1181 1945 1333 1979 Gamerae
1349 1945 1540 1989 Apostolica}
1562 1950 1641 1977 esset
1662 1945 1843 1985 adstrictus,

1089 2005 1147 2027 nec
1169 1995 1256 2027 aliud
1272 2006 1369 2038 quam
1387 1994 1580 2038 praemissae
1591 1994 1764 2027 vacationis
1779 2005 1846 2027 mo-

1090 2044 1160 2083 dus,
1183 2045 1278 2076 etiam
1299 2055 1358 2088 per
1377 2043 1484 2076 literas
1505 2043 1529 2075 si
1550 2043 1667 2082 neutri,
1691 2048 1746 2076 aut
1769 2043 1846 2076 sub-

1090 2093 1263 2135 rogationis
1292 2094 1340 2125 vel
1365 2092 1461 2132 alias,
1493 2092 1552 2125 sibi
1584 2093 1689 2135 quoad
1718 2093 1780 2125 hoc
1813 2098 1848 2125 ut

1090 2142 1283 2175 beneficium
1312 2141 1499 2174 huiusmodi
1525 2152 1561 2174 ea
1593 2142 1660 2174 vice
1693 2142 1845 2186 consequi

1089 2194 1135 2225 vel
1157 2193 1302 2225 obtinere
1322 2193 1452 2229 valeret,
1471 2191 1716 2234 quomodolibet
1730 2192 1845 2224 suffra-

1089 2248 1230 2285 garetur,
1254 2241 1398 2284 illudque
1424 2240 1609 2272 nullatenus
1630 2240 1757 2273 inantea
1782 2240 1845 2272 liti-

1089 2290 1214 2333 giosum
1236 2294 1407 2333 propterea
1429 2294 1625 2322 censeretur.

1133 2340 1148 2382 ξ
1173 2339 1202 2371 2.
1226 2339 1263 2371 Et
1283 2339 1335 2371 cui
1356 2339 1418 2371 fide
1434 2339 1607 2381 dignorum
1624 2338 1778 2371 relatione
1800 2338 1845 2370 in-
1904 2354 2044 2375 mmmmm„

1090 2389 1194 2421 notuit
1208 2389 1307 2432 quod,
1324 2388 1508 2421 huiusmodi
1530 2389 1704 2428 voluntate,
1728 2394 1844 2421 statuto
1860 2386 2043 2438 Jjffl'm'fffe‘ffl‘

1090 2443 1119 2470 et
1135 2437 1336 2470 ordinatione
1347 2447 1411 2469 non
1421 2437 1630 2475 obstantibus,
1641 2437 1743 2475 multi,
1760 2448 1843 2470 cteca
1859 2431 1905 2470 σξη
1941 2424 2043 2476 ιαηιφὲῗοῖ

1090 2487 1263 2531 cupiditate
1285 2486 1383 2527 ducti,
1397 2487 1435 2519 ad
1454 2486 1610 2519 beneficia
1630 2486 1843 2519 ecclesiastica
1858 2482 2045 2534 {iiiianiicd⁰ii‡

1857 240 1906 267 An.
1924 239 1952 265 C.
1972 238 2034 266 t5ts1

1128 2556 1136 2579 ¹
1157 2553 1186 2580 P.
1204 2552 1277 2579 Mau.
1294 2552 1367 2579 addit
1386 2556 1409 2578 el
1426 2556 1489 2585 quot
1505 2555 1582 2579 annis
1599 2555 1666 2579 illud
1685 2555 1738 2584 ipse
1752 2561 1842 2584 posse-

1089 2600 1176 2629 disset,
1200 2606 1230 2623 ac
1254 2599 1430 2630 specificatam
1447 2601 1471 2623 et
1497 2600 1716 2629 determinatam,
1739 2605 1772 2622 ea:
1792 2605 1844 2629 qua

1090 2647 1138 2669 etc.
1156 2642 1195 2678 (n.
1212 2642 1262 2679 T.).
1301 2643 1449 2676 2Causam,
1467 2641 1583 2670 Cherub.
1601 2646 1627 2669 et
1644 2641 1718 2669 Matt.
1732 2643 1770 2678 (R.
1787 2641 1838 2678 τ.).
