2227 3001
203 268 251 295 An.
271 268 299 296 C.
315 270 381 299 ¹525

446 265 487 299 80

398 339 474 362 nere
494 328 592 362 libere
622 335 652 362 et
679 330 763 363 licite
789 330 921 367 valeant,
948 328 1143 371 dispensare:

396 393 589 427 omnemque
619 382 822 416 inhabilitatis
842 386 870 413 ct
899 381 1046 413 infamiae
1077 393 1143 414 ma-

395 436 500 469 culam
531 436 592 470 sive
626 442 731 469 notam
762 447 797 468 ex
826 435 871 468 eis
903 435 1141 478 provenientem

394 489 542 527 abole1·e;
571 501 606 523 ac
632 490 675 523 eis
706 490 827 522 fructus
852 499 910 531 per
929 499 983 521 eos
1004 488 1141 522 indebite

392 549 570 587 perceptos,
594 543 686 576 etiam
708 542 829 575 ratione
850 541 1030 574 omissionis
1050 542 1141 574 liora-

392 607 462 629 rum
493 596 720 630 canonicarum
751 600 780 627 et
808 594 987 628 divinorum
1017 596 1138 629 officio-

391 661 475 685 rum,
503 650 662 682 remittere
689 648 802 692 possit;
834 648 990 692 liceatque
1019 649 1137 683 eisdem

390 703 649 736 christifidelibus
667 701 898 736 Eueliaristiam
915 708 945 735 ct
959 703 1018 736 alia
1035 705 1137 737 eecle-

388 755 513 789 siastica
532 762 740 796 sacramenta,
764 757 802 790 ab
823 757 934 789 eodem
957 758 1136 791 constssore

388 810 434 842 vel
455 810 516 842 alio
538 810 700 843 sacerdote
735 809 872 842 cuiusvis
887 809 1022 851 Ordinis,
1042 811 1135 844 etiam

388 863 646 903 Mendieantium,
665 863 816 906 regulari,
831 875 889 908 per
904 875 957 897 cos
973 864 1132 908 eligendo,

386 928 593 962 quocumque
614 923 768 961 tempore,
792 923 1016 961 praeterquam
1034 919 1065 951 in
1081 920 1135 952 Pa-

386 971 493 1005 schate
532 971 804 1012 Resurrectionis‚
840 977 867 1004 et
902 971 969 1004 sine
998 972 1134 1006 alicuius

385 1024 595 1068 praeiudicio,
619 1025 778 1069 recipere3
810 1035 844 1057 ac
875 1024 1017 1068 ipsorum
1039 1027 1133 1059 dece·

385 1077 529 1111 dentium
545 1069 691 1122 corpora,
707 1078 801 1111 etiam
814 1083 958 1122 tempore
974 1079 1133 1112 interdicti

385 1130 571 1164 auctoritate
610 1131 770 1165 ordinaria
807 1131 954 1175 appositi,
982 1132 1132 1165 ccclesia-

383 1183 479 1218 sticae
494 1185 574 1218 tradi
590 1185 710 1229 possint
727 1174 909 1229 sepulturae
922 1185 988 1218 sine
1000 1197 1130 1230 pompa;

384 1249 420 1271 ac
436 1249 675 1282 quamcumque
687 1239 854 1272 ecclesiam
871 1239 917 1271 vel
938 1240 1129 1282 cappellam,

384 1303 441 1335 per
468 1302 522 1325 eos
547 1291 737 1334 eligendam,
769 1293 879 1325 devote
899 1291 1064 1333 visitando,
1087 1299 1132 1327 tot

383 1352 410 1378 et
446 1345 565 1379 similes
602 1345 814 1388 indulgentias
851 1356 887 1378 ac
925 1351 1130 1389 peecatorum

382 1399 584 1435 remissiones
617 1404 868 1443 consequantur,
906 1410 984 1442 quas
1019 1410 1129 1432 conse-

381 1458 558 1497 querentur
577 1453 614 1494 si,
637 1453 770 1495 singulis
790 1452 902 1485 diebus
927 1453 1131 1496 quadragesi-

381 1506 537 1547 malibus,
569 1506 709 1549 singulas
738 1505 839 1538 dictae
868 1505 961 1539 Urbis
990 1511 1019 1538 et
1044 1511 1130 1538 extra

380 1571 450 1592 eam
483 1560 651 1597 ecclesias,
688 1570 769 1603 quac
803 1570 821 1593 a
855 1557 1128 1598 christifidelibus,

380 1619 511 1657 propter
543 1614 693 1647 stationes
727 1612 829 1653 Urbis,
865 1612 980 1644 visitari
1014 1613 1127 1651 solent,

380 1668 589 1712 personaliter
608 1667 794 1700 visitassent.
810 1667 895 1698 ,ficut
909 1666 1027 1698 eisdem
1049 1676 1129 1708 qua-

379 1722 642 1764 dragesimalibus
662 1727 690 1754 et
711 1720 779 1753 aliis
798 1719 998 1763 temporibus
1023 1719 1129 1762 prohi-

379 1775 461 1815 bitis,
480 1776 556 1816 ovis,
574 1776 700 1819 butyro,
712 1785 803 1807 caseo
820 1779 847 1806 et
864 1773 933 1805 aliis
948 1772 1126 1814 lacticiniis,

378 1828 527 1862 carnibus
536 1840 620 1869 vero,
631 1829 669 1861 de
678 1828 845 1870 utriusque
858 1825 972 1859 medici
981 1826 1127 1867 consilio,

377 1882 444 1923 uti,
475 1883 535 1916 frui
556 1889 586 1916 et
605 1882 687 1916 vesci
716 1882 814 1916 libere
844 1886 874 1914 et
903 1881 1022 1924 absque
1051 1893 1128 1913 con-

376 1931 527 1965 scientiae
566 1933 718 1976 scrupulo
762 1930 882 1974 possint
922 1935 949 1962 et
988 1931 1126 1971 valeant3

377 1980 501 2024 ipsique
530 1981 713 2024 collegium,
744 1985 774 2012 et
799 1979 916 2023 quibus
940 1979 1022 2011 vices
1057 1990 1129 2012 suas

376 2029 409 2062 in
429 2040 544 2073 genere
562 2031 607 2063 rel
623 2030 653 2062 in
682 2029 787 2073 speeie
812 2028 955 2060 duxerint
985 2028 1128 2061 commit-

376 2079 499 2118 tendas,
515 2079 632 2122 possint
646 2088 803 2111 summam
818 2076 1051 2121 pecuniariam,
1069 2087 1128 2119 pro

377 2128 571 2170 praemissis,
594 2128 768 2167 declarare,
791 2131 897 2158 taxare
918 2130 945 2158 et
976 2125 1126 2165 limitare3

377 2186 413 2209 ac
434 2176 614 2209 facultatem
632 2175 768 2219 eligendi
786 2175 1001 2208 consessorem
1014 2174 1127 2207 buius-

377 2225 464 2258 modi
484 2236 541 2269 per
561 2236 672 2258 eorum
704 2229 846 2268 patentes
866 2223 984 2259 literas,
1016 2233 1127 2254 eorum

378 2274 481 2317 sigillo
502 2274 663 2317 sigillatas,
687 2273 781 2305 etiam
806 2273 925 2315 alisque
955 2271 1128 2303 insertione

378 2323 593 2366 praesentium
607 2322 783 2359 literarum,
799 2320 984 2353 ccumedere.
1000 2320 1128 2352 Necnon

378 2371 540 2404 nobilibus
560 2376 589 2403 et
610 2370 799 2414 presbyteris
823 2380 858 2401 ac
891 2368 1052 2411 graduatis
1080 2368 1128 2401 in-

379 2421 510 2463 dulgere
526 2425 560 2452 ut
579 2419 717 2451 babeant
740 2419 838 2450 altare
858 2417 1015 2461 portatile,
1033 2428 1130 2460 super

377 2480 456 2513 quo,
478 2480 552 2502 eum
572 2468 685 2501 debitis
705 2465 879 2499 reverentia
894 2471 925 2497 et
940 2466 1074 2505 bonore,
1098 2465 1129 2497 iu

378 2518 457 2552 locis
483 2518 522 2551 ad
547 2518 608 2551 hoc
629 2515 879 2559 congruentibus
912 2520 941 2546 et
974 2514 1126 2555 honestis,

379 2567 473 2601 etiam
491 2578 555 2600 non
571 2566 668 2600 sacris
684 2570 714 2598 et
731 2563 945 2598 ecclesiastico
962 2562 1128 2596 interdicto

379 2616 543 2651 ordinaria
563 2615 750 2649 auctoritate
770 2612 964 2656 interpositis
988 2611 1015 2652 1,
1033 2612 1127 2646 dum-

416 2677 428 2704 1
446 2676 545 2704 Forsan
565 2672 702 2710 legendum
718 2673 856 2706 suppositis
872 2671 908 2707 (a.
931 2669 980 2707 T.).

1144 2343 1153 2712 ι

995 277 1173 300 [immulsit
1199 277 1348 302 ROMANUI

1190 329 1283 361 modo
1300 341 1428 363 causam
1445 341 1508 364 non
1526 331 1669 364 dederint
1690 332 1872 365 huiusmodi
1891 333 1935 365 in-

1187 381 1332 422 terdicto,
1354 383 1447 416 ctiam
1474 390 1643 428 antequam
1672 385 1834 418 illucescat
1853 387 1931 427 dies,

1185 433 1269 467 circa
1304 441 1408 469 tamen
1442 437 1588 470 diurnam
1618 439 1735 477 lucem,
1773 439 1803 471 in
1827 445 1934 473 suaet

1184 498 1316 521 suorum
1342 489 1545 523 familiarium
1566 492 1814 525 domesticorum
1842 504 1933 537 prae-

1183 541 1294 581 sentia,
1323 543 1434 576 missas
1463 548 1490 576 et
1520 544 1581 577 alia
1610 545 1713 578 divina
1742 545 1844 579 officia
1874 558 1932 590 per

1182 594 1313 637 seipsos,
1337 596 1390 639 qui
1412 596 1585 640 presbyteri
1607 603 1691 639 sunt,
1710 604 1764 631 aut
1781 610 1837 639 pro
1854 604 1932 632 tem-

1182 659 1258 691 pore
1288 654 1394 689 eruut,
1422 650 1602 691 celebrare,
1625 662 1680 684 seu
1708 663 1764 694 per
1783 652 1861 685 alios
1880 664 1929 685 sa-

1180 703 1324 735 cerdotes
1345 703 1500 735 celebrari
1520 704 1637 744 facere,
1660 716 1695 738 ac
1717 710 1860 749 tempore
1881 705 1929 739 in-

1180 756 1302 789 terdicti
1322 757 1505 789 huiusmodi
1528 757 1639 790 divinis
1659 759 1809 792 interesse
1829 759 1928 793 libere

1179 810 1309 852 possint,
1345 811 1532 844 auctoritate
1566 812 1739 854 apostolica
1773 813 1924 856 praefata,

1177 868 1286 896 tenore
1297 864 1524 907 praesentium,
1536 864 1695 898 licentiam
1705 870 1735 898 et
1743 866 1925 899 facultatem

1177 917 1396 950 concedinms.

1219 972 1233 1014 ,ξ
1262 972 1309 1005 19.
1325 972 1506 1005 Mandantes
1524 972 1677 1005 universis
1692 978 1722 1006 et
1737 973 1869 1016 singulis
1880 975 1924 1008 lo-

1175 1036 1287 1058 corum
1305 1025 1485 1065 ordinariis,
1498 1026 1664 1058 abbatibus
1679 1031 1709 1058 et
1723 1026 1804 1067 aliis,
1819 1027 1924 1061 cuius-

1174 1089 1313 1121 cumque
1333 1078 1504 1119 dignitatis,
1522 1084 1633 1118 status,
1655 1079 1785 1121 gradus,
1804 1080 1924 1115 ordinis

1174 1136 1204 1164 et
1224 1131 1473 1175 prieeminentiae
1493 1132 1635 1172 existant,
1658 1132 1716 1165 sub
1737 1143 1922 1167 excommu-

1174 1184 1341 1218 nicationis
1365 1187 1445 1218 latae
1469 1185 1642 1218 sententiae
1669 1197 1705 1218 ac
1730 1186 1921 1229 quingento-

1174 1249 1244 1270 rum
1265 1239 1455 1272 ducatorum
1476 1239 1557 1279 anri,
1586 1239 1721 1272 fabricae
1741 1241 1922 1283 praedictae

1173 1291 1451 1334 applicandorum,
1475 1293 1585 1336 poenis
1606 1292 1674 1336 ipso
1703 1294 1783 1326 sacto
1810 1293 1920 1328 incur-

1172 1344 1290 1385 rendis,
1313 1356 1352 1378 ne
1379 1345 1629 1390 publicationem
1656 1351 1686 1378 et
1710 1347 1920 1390 praedicatio-

1173 1409 1245 1430 nem
1279 1400 1465 1432 earumdem
1499 1400 1728 1443 praesentium,
1755 1400 1786 1433 in
1807 1412 1919 1434 corum

1172 1451 1349 1485 civitatibus
1369 1457 1398 1484 et
1418 1452 1627 1491 dioecesibus,
1656 1453 1708 1485 ubi
1733 1458 1764 1485 et
1791 1455 1919 1497 quando

1171 1516 1207 1538 ac
1228 1504 1374 1548 quotiens
1394 1516 1475 1548 opus
1491 1505 1582 1537 suerit
1604 1505 1792 1543 faciendam,
1820 1506 1919 1550 impe-

1171 1558 1252 1595 dire2
1268 1569 1344 1591 neve
1357 1558 1489 1602 aliquid,
1503 1563 1665 1601 praetextu
1682 1559 1917 1602 publicationis,

1173 1617 1291 1655 petere,
1318 1617 1372 1644 aut
1400 1611 1493 1643 etiam
1524 1622 1541 1643 a
1570 1615 1681 1654 sponte
1711 1612 1919 1646 offerentibus

1172 1665 1326 1709 res-ipswe,
1357 1670 1412 1697 aut
1441 1664 1471 1696 in
1501 1664 1684 1708 praemissis
1710 1670 1740 1697 ct
1765 1665 1850 1699 circa
1883 1677 1920 1700 ea

1171 1718 1311 1762 aliquam
1341 1718 1485 1750 fraudem
1507 1718 1554 1749 vel
1574 1717 1684 1749 dolum
1705 1717 1917 1759 committere;

1171 1782 1229 1804 nec
1262 1771 1332 1803 illos
1365 1781 1446 1814 quos
1465 1770 1600 1809 absolvi,
1637 1776 1667 1803 et
1699 1782 1772 1803 curn
1802 1772 1919 1814 quibus

1171 1824 1358 1868 dispensari,
1390 1823 1495 1866 vigore
1526 1824 1755 1867 praesentium,
1785 1825 1824 1858 ab
1845 1826 1921 1869 ipsis

1171 1877 1305 1920 collegio
1320 1877 1367 1910 vel
1385 1877 1574 1920 deputandis
1594 1881 1649 1909 aut
1676 1877 1920 1920 subdelegandis

1170 1931 1208 1964 ab
1229 1931 1273 1963 cis
1298 1930 1476 1972 contigerit,
1499 1929 1609 1973 quovis
1633 1929 1728 1962 modo
1751 1930 1919 1964 molestare

1170 1985 1216 2017 vel
1233 1983 1399 2027 impedire,
1418 1988 1472 2015 aut
1489 1993 1607 2026 poenas
1621 1982 1743 2026 aliquas
1755 1993 1813 2026 pro
1829 1994 1918 2024 casu,

1170 2038 1201 2070 in
1222 2048 1297 2081 quo,
1318 2042 1352 2070 ut
1366 2038 1557 2081 praefertur,
1575 2036 1793 2079 dispensatum
1811 2037 1918 2076 suerit,

1170 2103 1207 2123 ex
1248 2096 1364 2123 statuto
1399 2090 1445 2122 rel
1480 2088 1711 2122 consuetudine
1749 2100 1805 2121 scu
1843 2089 1921 2123 alias

1171 2144 1307 2187 exigere,
1327 2154 1383 2187 per
1403 2155 1434 2176 se
1450 2143 1497 2175 vel
1520 2142 1619 2175 alium
1640 2142 1796 2183 seualios,
1809 2143 1920 2186 quovis

1172 2199 1266 2231 modo
1287 2198 1424 2231 audeant
1443 2197 1490 2229 vel
1510 2201 1729 2239 praesumant,
1752 2207 1788 2228 ac
1809 2196 1920 2229 decer-

1171 2258 1281 2286 nentes
1302 2250 1597 2289 confessionalibus,
1610 2260 1667 2292 per
1679 2250 1837 2293 praefatos
1857 2250 1921 2282 col-

1172 2306 1289 2349 legium
1324 2309 1351 2337 et
1373 2302 1572 2347 deputandos
1591 2303 1639 2335 vel
1666 2302 1920 2345 subdelegandos

1170 2360 1209 2392 ab
1237 2359 1281 2391 eis
1302 2368 1360 2401 pro
1388 2362 1532 2399 tempore
1558 2356 1729 2397 concessis,
1757 2360 1920 2389 eteorum

1170 2413 1273 2456 sigillo
1293 2412 1455 2445 dumtaxat
1470 2409 1613 2449 munitis,
1632 2409 1807 2453 plenariam
1824 2408 1918 2442 fidem

1171 2461 1315 2495 adbiberi
1336 2460 1463 2493 debere.

1214 2512 1228 2554 ξ
1252 2510 1305 2543 ΞΟ.
1340 2509 1408 2542 Non
1446 2508 1644 2541 obstantibus
1672 2506 1854 2551 praemissis
1883 2518 1919 2541 ac

1171 2557 1449 2593 constitutionibus
1469 2562 1499 2589 et
1517 2555 1773 2589 ordinationibus
1797 2560 1920 2599 aposto-

1170 2609 1250 2648 licis,
1273 2617 1397 2640 necnon
1418 2605 1580 2650 quibusvis
1599 2605 1668 2639 aliis
1692 2604 1918 2650 applicationi-

1169 2658 1229 2692 bus
1243 2662 1274 2691 et
1288 2655 1548 2690 concessionibus
1563 2654 1722 2689 dictorum
1738 2655 1917 2698 legatorum

1953 279 2002 303 An.
2019 276 2048 304 C.
2069 277 2137 305 1525

1966 982 2064 1006 inhibitio
2085 986 2124 1007 ad-

1939 1019 2014 1036 versus
2036 1018 2124 1038 contra-

1939 1047 2059 1069 venientes.

1946 2516 2056 2538 clausulae
2079 2517 2118 2538 de-

1933 2550 2063 2574 rogatoriam
