2227 3001
244 260 294 288 An.
311 260 339 287 C.
360 261 426 288 1550

276 1773 418 1794 Cant-ellariae

234 1808 282 1825 sunt
300 1806 418 1830 resignabi-

235 1836 266 1856 les
277 1840 297 1856 et
313 1837 418 1857 vas-altiles

235 1868 263 1887 uti
287 1868 327 1887 alia
351 1868 418 1888 unit-1¹·

235 1897 329 1919 Romane
345 1899 418 1924 Curiaw

486 250 549 285 5⁹20

440 316 506 352 das.
530 317 693 361 perpetuis
714 316 827 349 suturis
854 316 1052 359 temporibus
1073 316 1189 349 validas
1210 318 1212 327 ¹

440 375 469 403 et
493 371 639 404 efficaces
664 370 808 410 existere,
837 374 867 402 et
895 370 933 402 ad
954 369 1079 410 omnia,
1106 381 1188 413 quae

439 435 498 468 per
518 435 572 457 eos
591 424 660 457 fieri
680 434 778 467 super
800 422 983 467 praemissis
1011 423 1188 467 contigerit,

439 478 605 511 Cameram
626 478 727 521 ipsam
748 475 879 509 omnino
898 477 1001 509 teneri
1017 483 1045 509 et
1066 476 1188 520 obliga-

439 538 502 564 tam
523 542 608 571 esse:
631 541 689 564 nec
710 540 864 573 personas
883 530 983 574 ipsas,
1005 530 1123 574 quibus
1145 532 1189 564 of-

439 585 510 617 ticia
530 584 715 617 huiusmodi
737 583 909 627 emptionis
927 583 1032 625 titulo,
1049 595 1107 628 per
1122 585 1190 618 the·
1211 618 1212 624 ¹

439 638 617 671 saurarium
648 648 704 670 seu
732 638 971 671 commissarios
996 637 1083 682 ipsos
1111 649 1188 672 con-

437 692 606 729 cedentur,
642 702 701 735 per
732 692 871 735 legatos,
892 691 1101 736 vicelegatOS,
1129 703 1189 736 gu-

438 746 641 786 bernatores,
671 750 844 790 potestates
877 751 907 779 et
935 746 1013 779 alios
1037 745 1189 779 officiales

437 799 594 842 praefatos
624 809 682 842 pro
711 804 856 843 tempore
877 799 1057 835 existentes.
1078 799 1189 843 quovis

436 851 543 892 modo,
565 851 684 885 directe
703 853 752 885 vel
772 852 940 891 indirecte,
963 852 1074 896 quovis
1093 863 1190 897 quae-

435 906 493 939 sito
514 906 622 939 colore
641 906 689 939 vel
710 906 852 948 ingenio,
870 906 1009 950 desuper
1024 907 1188 939 molestari

435 971 491 993 seu
507 959 656 1002 impediri
668 969 892 1003 posse‚neque
913 960 1041 993 debere.
1074 960 1136 993 Sed
1163 960 1188 993 si

436 1014 520 1058 ipsos
537 1013 677 1058 desuper
695 1013 858 1047 molestari
874 1018 930 1046 aut
945 1013 1095 1058 impediri
1112 1025 1187 1047 con-

434 1066 551 1110 tigerit,
573 1066 739 1100 Cameram
755 1066 857 1111 ipsam
873 1067 913 1100 ad
928 1067 1000 1100 illos
1015 1067 1187 1101 defenden-

435 1121 511 1154 dum
542 1125 570 1153 et
600 1120 877 1154 manutenendum
910 1120 1042 1154 omnino
1071 1122 1184 1156 teneri.

434 1175 550 1218 Sicque
574 1185 633 1218 per
657 1184 880 1218 quoscumque
899 1174 1024 1207 iudices
1049 1180 1078 1208 et
1098 1186 1187 1208 com-

435 1228 608 1269 missarios,
622 1228 717 1261 etiam
729 1227 831 1261 dictae
847 1228 1010 1262 Romanae
1026 1228 1187 1263 Ecclesiae

434 1282 612 1316 cardinales
636 1287 666 1315 et
686 1293 857 1315 causarum
876 1282 986 1315 Palatii
1012 1282 1187 1326 Apostoliei

433 1337 614 1377 auditores,
643 1336 767 1369 sublata
795 1336 841 1369 eis
861 1341 890 1369 et
915 1347 1027 1369 eorum
1056 1336 1188 1370 cuilibet

433 1391 543 1435 quavis
576 1391 669 1424 aliter
696 1390 859 1423 iudicandi
891 1401 928 1423 ac
957 1389 1186 1434 interpretandi

434 1445 582 1478 facultate
603 1450 631 1478 et
658 1445 859 1485 auctoritate,
882 1444 1018 1477 iudicari
1043 1450 1073 1477 et
1089 1445 1187 1478 inter-

433 1499 551 1543 pretari
564 1498 693 1539 debere;
707 1509 743 1531 ac
757 1509 793 1531 ex
803 1508 889 1531 nunc
901 1497 1027 1531 irritum
1041 1503 1069 1530 et
1079 1497 1185 1539 inane,

433 1553 457 1585 si
479 1563 571 1585 secus
587 1563 684 1596 super
705 1552 755 1584 his
776 1563 793 1585 a
809 1562 985 1596 quoquam.
1002 1551 1112 1595 quavis
1128 1563 1187 1585 au-
1209 1588 1210 1605 ἱ

433 1606 576 1640 ctoritate
593 1606 732 1640 scienter
749 1607 797 1639 vel
818 1606 1004 1649 ignoranter
1019 1605 1187 1650 contigerit

433 1660 593 1693 attentari.

477 1714 492 1757 ἓ
511 1713 541 1747 3.
565 1714 721 1747 Volumus
741 1720 848 1747 autem
869 1714 955 1757 quod
986 1713 1187 1756 singulorum

434 1767 673 1812 praedictorum
694 1767 890 1809 officiorum,
908 1767 1037 1812 quando
1057 1778 1116 1812 per
1135 1768 1188 1800 illa

434 1821 642 1855 retinentium
667 1822 898 1865 resignationes
918 1826 971 1854 aut
993 1821 1099 1854 obitus
1132 1833 1188 1855 seu

434 1886 675 1920 quamcumque
695 1876 790 1909 aliam
803 1875 1023 1909 dimissionem
1035 1876 1083 1908 vel
1095 1876 1189 1909 amis-

434 1924 555 1957 sionem
596 1935 707 1958 vacare
742 1924 930 1967 contigerit,
972 1924 1211 1971 expeditiones¹

435 1975 510 2008 siant
531 1985 589 2019 per
609 1974 896 2019 supplicationem,
927 1974 959 2007 in
988 1973 1138 2007 omnibus
1160 1980 1187 2007 et

435 2035 492 2067 per
524 2024 653 2065 omnia,
680 2029 777 2068 prout
802 2023 864 2056 alia
893 2023 998 2056 officia
1026 2023 1212 2061 Romanae}

1210 2077 1212 2087 ‘
1232 2071 1523 2113 gubernatoribus,
1548 2071 1776 2115 potestatibus,
1800 2071 1986 2104 locatenen-

434 2073 547 2107 Curiae
567 2073 721 2107 vacabilia
745 2073 961 2117 expediuntur
986 2078 1015 2105 et
1045 2072 1188 2116 expediri

435 2122 527 2155 solita
560 2128 643 2156 sunt.
680 2123 836 2166 Quodque
864 2121 1051 2155 huiusmodi
1085 2122 1189 2155 officia
1211 2150 1212 2164 ἦ

1211 2168 1212 2174 ’
1232 2170 1406 2207 nitatibus;
1429 2170 1482 2203 sed
1500 2176 1603 2203 totum
1624 2170 1654 2202 id
1668 2195 1676 2207 ,
1699 2170 1784 2212 quod
1806 2169 1985 2202 secundum

1210 2224 1212 2230 ‘
1231 2225 1317 2252 taxas
1337 2220 1555 2263 int‘rascriptas
1570 2218 1798 2259 lucrabuntur,
1818 2218 1857 2251 sit
1872 2228 1985 2251 eorum

1210 2267 1212 2294 ἶ
1232 2269 1384 2302 liberum.

436 2171 555 2214 possint
570 2172 661 2205 vendi
679 2183 737 2216 per
752 2171 857 2215 ipsum
875 2171 1114 2205 thesaurarium
1130 2182 1189 2215 pro

435 2231 472 2252 eo
495 2220 618 2253 meliori
640 2220 741 2264 pretio
762 2220 849 2264 quod
869 2221 1041 2264 reperitur,
1064 2220 1189 2253 literas-

435 2280 497 2313 que
514 2275 655 2313 patentes
671 2270 810 2315 desuper
821 2270 974 2314 expediri,
991 2276 1021 2303 et
1032 2281 1090 2314 per
1105 2281 1190 2303 mor-

436 2324 498 2350 tem
519 2319 572 2351 illa
588 2319 800 2352 obtinentium
816 2325 938 2360 vacent,
955 2319 1015 2352 nisi
1032 2319 1121 2363 prius
1136 2319 1190 2352 hic

436 2368 465 2399 iu
487 2369 570 2400 alma
599 2368 683 2401 Urbe
710 2374 817 2401 nostra
847 2374 901 2401 aut
926 2374 1013 2402 extra
1043 2379 1124 2407 eam,
1151 2369 1190 2402 ad

437 2418 535 2450 instar
546 2416 684 2450 aliorum
700 2417 881 2450 officiorum
898 2417 1099 2458 vacabilium,
1117 2429 1189 2451 ven·
1211 2425 1212 2432 ¹

436 2466 500 2498 dita
520 2471 576 2498 aut
600 2475 688 2498 cessa
707 2465 845 2506 suerint,
875 2477 958 2509 quae
992 2467 1190 2501 venditiones
1211 2459 1212 2470 ³

438 2525 493 2547 seu
519 2514 677 2548 cessiones
706 2515 847 2558 expediri
868 2515 1004 2549 debeant
1028 2526 1117 2549 more
1138 2526 1189 2548 so-

436 2563 491 2596 lito
501 2574 560 2608 per
570 2563 822 2608 supplicationes
833 2564 1027 2598 exhibendas
1038 2576 1096 2609 pro
1111 2571 1190 2599 tem-

435 2623 514 2658 pore
533 2613 678 2647 existenti
704 2618 813 2647 nostro
833 2619 864 2646 et
883 2624 1106 2648 successorum
1130 2625 1188 2648 no-

436 2667 575 2697 strorum
595 2662 814 2696 Romanorum
835 2662 1028 2696 Pontificum
1049 2663 1186 2698 datario.

1036 261 1213 285 mmmmm
1237 260 1388 285 Romnum

2003 265 2050 291 Au.
2070 266 2097 292 C.
2119 266 2186 294 1:156

1275 317 1289 359 ξ
1309 316 1339 349 4,
1359 316 1393 348 Et
1411 315 1543 359 iusuper
1557 316 1744 351 huiusmodi
1761 317 1873 351 officiis
1889 318 1984 352 liceat
2053 326 2076 347 Et
2094 329 2185 355 desuper

2013 359 2132 384 eripiuntur
2148 366 2186 386 pe—

1211 370 1378 421 3accipere
1407 369 1579 414 pecuniam
1610 371 1642 404 in
1667 372 1864 413 societatem,
1886 378 1985 417 prout
1999 364 2074 409 {unane
2100 391 2126 410 aa
2149 396 2185 412 so-

1231 423 1391 467 aceipitur
1419 435 1516 468 super
1545 424 1614 458 aliis
1641 425 1754 459 officiis
1774 426 1982 468 vacabilibus,
2000 421 2107 441 ⁰³‘¹³‘¹''”¹·

1216 483 1352 521 >servata
1369 482 1474 511 tamen
1491 478 1593 511 forma
1610 479 1838 515 moderationis
1854 491 1912 525 per
1928 491 1986 514 nos

1235 531 1347 564 ultimo
1367 531 1479 564 sactae.

1275 585 1290 627 ξ
1310 585 1339 618 5.
1363 585 1401 617 Et
1419 584 1507 628 quod
1531 585 1652 618 nemini
1678 586 1925 630 provincialium
1945 587 1985 620 li-
2040 595 2186 619 Provinciam

1232 643 1301 671 ceat
1316 648 1423 671 emere
1435 638 1540 671 officia
1555 639 1772 673 notariatuum
1784 641 1984 683 generalium
2001 633 2088 680 ffinfs
2098 632 2186 655 mm*

1232 691 1318 724 illius
1351 691 1550 734 provinciae,
1587 703 1670 735 quae
1704 693 1838 736 intelligi
1871 694 1987 727 debeat

1231 744 1336 777 omnis
1356 755 1392 777 ea
1413 745 1515 788 regio,
1538 756 1620 789 quae
1645 757 1704 790 per
1723 757 1824 780 unum
1843 747 1985 790 legatum

1231 809 1287 831 seu
1307 797 1540 841 gubernatores
1560 799 1627 842 regi
1643 804 1690 832 est
1710 799 1812 833 solita.
1827 800 1896 834 Alia
1910 811 1985 834 vero

1231 851 1334 885 officia
1355 852 1561 896 particularia
1582 853 1757 894 civitatum,
1780 859 1939 886 terrarum
1956 859 1987 888 et

1231 907 1378 938 locorum
1399 917 1416 938 a
1436 906 1549 949 quovis
1569 906 1632 939 emi
1652 906 1787 950 possint,
1805 907 1983 941 dummodo

1231 959 1301 992 talis
1321 965 1448 1003 emptor
1462 969 1528 992 non
1548 959 1586 992 sit
1606 959 1692 992 illius
1708 960 1858 1001 civitatis,
1879 966 1986 995 terrae

1231 1024 1287 1046 seu
1307 1013 1382 1054 loci,
1409 1013 1544 1058 eiusque
1569 1013 1723 1046 territorii
1748 1019 1778 1047 et
1805 1014 1981 1049 districtus.

1274 1068 1338 1112 ξ6.
1371 1068 1408 1101 Et
1436 1067 1570 1113 insuper
1596 1068 1655 1112 ipsi
1683 1068 1800 1101 notarii
1829 1074 1981 1111 utantur,

1231 1121 1395 1166 potiantur
1414 1127 1444 1154 et
1463 1121 1625 1164 gaudeant
1648 1121 1799 1155 omnibus
1827 1122 1983 1156 immuni·
1997 1115 2185 1172 fjgdssfflrfflgffg

1230 1174 1359 1212 tatibus,
1377 1174 1648 1219 exemptionibus,
1667 1175 1908 1219 praerogativiS,
1925 1176 1983 1210 ho·
1997 1176 2185 1203 Cu‘ifflssfflfflffl

1230 1228 1363 1262 neribus
1378 1234 1408 1261 et
1423 1228 1610 1273 privilegiis,
1624 1228 1743 1272 quibus
1758 1229 1875 1262 notarii
1891 1229 1985 1264 dictae

1229 1282 1344 1315 Curiae
1365 1286 1513 1321 utuntur,
1531 1282 1702 1325 potiuntur
1722 1286 1752 1314 et
1771 1282 1926 1325 gaudent,
1947 1294 1985 1317 ac

1230 1336 1254 1368 si
1275 1336 1307 1368 in
1328 1336 1411 1368 dicta
1432 1336 1512 1368 urbe
1528 1335 1716 1368 residerent.
1740 1335 1850 1379 Sitque
1870 1346 1985 1370 eorum

1230 1389 1325 1421 iudex
1345 1389 1488 1422 eiusdem
1504 1387 1656 1422 Gamerae
1672 1388 1800 1421 auditor
1815 1388 1984 1432 generalis,

1230 1448 1361 1487 excepto
1382 1443 1414 1475 in
1434 1442 1532 1476 rebus
1547 1442 1586 1475 ab
1604 1453 1715 1475 corum
1733 1443 1846 1476 officiis
1865 1443 1985 1487 depen-

1230 1497 1391 1530 dentibus.

1274 1551 1288 1593 ξ
1309 1551 1338 1584 7.
1357 1550 1485 1595 Ipsique
1501 1549 1618 1584 notarii
1638 1550 1778 1583 habeant
1797 1550 1984 1584 facultatem

1229 1615 1456 1648 quaecumque
1467 1615 1555 1637 arma
1571 1604 1703 1648 gerendi
1721 1614 1779 1648 per
1793 1609 1897 1637 totum
1913 1604 1985 1638 Sta-

1230 1664 1297 1691 tum
1319 1658 1592 1694 Ecclesiasticum,
1610 1664 1639 1691 ct
1661 1658 1767 1702 quoad
1785 1658 1986 1702 praeceden-

1231 1712 1306 1745 tiam
1341 1723 1415 1745 cum
1446 1712 1516 1745 aliis
1550 1712 1613 1745 loci
1646 1711 1795 1753 notariis,
1827 1723 1865 1745 ac
1889 1712 1985 1746 etiarn

1231 1766 1340 1809 quoad
1361 1765 1581 1799 immunitates
1601 1771 1630 1799 et
1664 1765 1896 1810 exemptiones,
1918 1777 1985 1800 ser-

1230 1824 1322 1852 retur
1347 1819 1377 1853 id
1415 1820 1502 1864 quod
1538 1819 1656 1853 servari
1678 1824 1889 1853 consueverat
1911 1825 1986 1854 ante

1230 1874 1445 1907 venditionem
1471 1874 1658 1907 huiusmodi
1678 1873 1872 1907 officiorum.

1276 1924 1290 1967 ξ
1309 1922 1339 1956 8.
1363 1924 1427 1956 Nec
1448 1924 1507 1967 ipsi
1537 1923 1654 1956 notarii
1674 1928 1704 1956 et
1725 1922 1909 1956 cancellarii
1937 1928 1985 1957 te·
2016 1929 2081 1950 Lucra
2091 1935 2136 1965 epm
2153 1935 2187 1955 eu-

1232 1978 1370 2006 neantur
1394 1983 1498 2017 neque
1519 1973 1582 2005 sint
1601 1972 1731 2015 obligati
1756 1973 1848 2005 lucra
1872 1982 1986 2005 eorum
2001 1960 2185 2020 ssssffissssffifmn

1232 2022 1427 2066 participare
1439 2033 1495 2056 seu
1511 2021 1652 2055 dividere
1672 2031 1747 2054 cum
1768 2021 1846 2065 ipsis
1860 2021 1984 2064 legatis,

2058 1083 2184 1105 Cancettarii

2022 1561 2086 1582 Arma
2101 1565 2186 1588 gestare

2001 1593 2099 1621 possini;

1234 2121 1317 2153 tibus
1337 2126 1389 2153 aut
1411 2121 1482 2154 aliis
1501 2120 1724 2164 superioribus
1749 2119 1812 2152 sive
1838 2129 1986 2153 commu-

1276 2318 1291 2361 ,ξ
1311 2318 1342 2351 9.
1365 2318 1402 2351 Et
1422 2329 1438 2351 e
1459 2323 1570 2351 contra
1595 2317 1690 2360 legati
1711 2327 1768 2350 seu
1787 2317 1985 2358 gubernato-

1232 2378 1282 2400 res
1302 2372 1357 2400 aut
1376 2367 1430 2400 alii
1451 2367 1684 2411 praedictinon
1704 2371 1887 2407 teneantur,
1901 2377 1985 2410 prae-

1232 2422 1281 2450 ter
1300 2417 1495 2450 voluntatem
1517 2427 1630 2450 eorum
1645 2443 1652 2456 ‚
1678 2415 1797 2449 vietum
1822 2421 1985 2460 praestare

1232 2465 1431 2499 cancellariis
1456 2470 1483 2498 et
1510 2465 1642 2498 notariis
1668 2464 1756 2509 ipsiS,
1783 2465 1839 2498 sed
1857 2469 1983 2498 tantum

1233 2515 1445 2548 habitationes
1461 2515 1506 2547 eis
1521 2515 1589 2548 dari
1610 2514 1718 2548 solitas
1737 2513 1937 2558 consignent.

1276 2565 1290 2608 ξ
1310 2564 1362 2598 10.
1387 2564 1534 2608 Sigillum
1555 2569 1662 2597 tamen
1683 2562 1859 2607 excipitur,
1891 2562 1984 2597 cuius
2051 2579 2145 2605 sigillum
2162 2584 2183 2602 ει

1231 2614 1487 2648 emolumentum
1509 2613 1547 2647 sit
1568 2613 1754 2658 superioris.
1783 2613 1820 2647 Et
1844 2614 1983 2667 secreta-²
1998 2611 2184 2666 ἓξζζῇᾞξζὼξῑ*

2029 2329 2184 2352 Habitancum

2001 2362 2026 2383 ab
2042 2363 2074 2383 eis
2086 2362 2183 2383 habeant,

1209 2665 1213 2716 'l
1231 2663 1297 2696 riae
1318 2663 1555 2707 provinciarum
1578 2663 1636 2697 sint
1658 2667 1846 2697 reservatae..
