2227 3001
27 274 78 303 An.
94 274 125 302 C.
144 274 211 302 ¹525

226 327 351 367 dentes,
395 327 521 371 aliaque
554 328 793 372 quamplurima
834 329 972 362 nefanda

223 390 370 413 excessus
390 385 417 412 et
440 380 585 420 crimina,
614 381 724 414 eodem
747 381 972 414 diaboloinsti-

224 439 328 475 gante‚
352 433 586 466 committentes
611 439 638 466 et
668 440 906 477 perpetrantes,
940 435 971 467 in

221 485 401 518 animarum
439 497 571 519 suarum
610 487 790 529 periculum
805 514 813 528 ,
849 487 971 521 divinae

219 537 387 571 Maiestatis
423 539 576 571 offensam
607 539 891 584 perniciosumque
921 552 972 574 ex-

220 592 365 634 emplum
386 596 416 624 et
436 592 623 625 scandalum
644 592 872 636 plurimorum.

262 645 276 687 g
297 644 327 677 Ξ.
355 644 471 677 Contra
492 655 571 688 quas
597 656 671 678 cum
693 645 797 678 dictus
817 646 971 689 Georgius

49 702 308 737 Aliqutsefflistunc,
331 703 363 730 nt
384 698 564 737 asserebat,
601 697 633 730 in
659 698 750 730 dictis
783 698 863 731 locis
896 710 970 732 suae

21 734 164 761 ‘’⁵⁸⁹⁰‘'‘b‘n'’
220 749 419 794 inquisitioni
440 750 611 794 deputatis,
635 757 729 794 prout
760 752 861 795 ipsius
876 752 971 785 Geor-

217 803 259 846 gii
281 803 485 837 incumbebat
504 803 623 844 officio,
646 804 713 848 ipse
730 804 884 848 Georgius
899 816 971 848 pro-

220 856 384 896 cessisset,
420 857 569 889 nonnulli
598 863 723 897 autem,
761 863 823 890 tam
862 858 970 891 clerici

219 920 315 952 quam
341 909 413 942 laici
434 909 563 943 illarum
591 910 743 954 partium,
779 917 970 954 quaerentes

217 962 290 1006 plus
328 974 439 1006 sapere
477 974 574 1006 quam
608 969 732 1007 oportet
752 991 758 1005 ,
794 964 970 1008 praemissa

217 1015 332 1049 delicta
357 1016 395 1048 ad
417 1016 558 1049 eiusdem
594 1016 720 1059 Georgii
755 1016 970 1061 inquisitionis

218 1068 360 1102 officium
371 1079 434 1102 non
443 1069 603 1112 pertinere
619 1074 740 1103 temere
752 1076 931 1104 asserentes
940 1076 967 1104 et

218 1127 471 1165 praesumentes,
499 1122 529 1155 in
552 1123 672 1166 populo
693 1134 819 1157 errores
838 1129 867 1157 et
883 1135 970 1157 scan-

220 1175 291 1207 dala
310 1174 558 1215 seminaverunt,
581 1176 690 1219 sicque
707 1177 856 1209 eumdem
874 1178 969 1211 Geor-

218 1228 308 1271 gium
329 1227 361 1260 in
380 1229 500 1272 populo
521 1229 667 1261 odiosum
689 1230 836 1270 reddere,
855 1231 969 1264 etdicti

219 1280 345 1325 Georgii
366 1281 507 1314 officium
528 1281 683 1325 impedire
701 1282 805 1315 conati
825 1284 966 1323 suerunt,

218 1339 315 1378 prout
334 1333 428 1367 etiam
458 1340 535 1367 tunc
556 1335 784 1379 impediebant,
807 1336 846 1368 ita
868 1337 965 1380 quod,

217 1392 350 1431 propter
359 1387 545 1431 praemissa,
557 1399 711 1432 personae
734 1389 915 1432 praedictae
930 1390 969 1421 ad

217 1440 331 1473 delicta
364 1440 551 1474 huiusmodi
584 1441 798 1485 perpetranda
826 1442 969 1486 qnotidie

217 1493 464 1533 inducebantur,
492 1493 523 1526 in
544 1505 608 1527 non
630 1495 791 1528 modicum
814 1496 887 1528 fidei
912 1496 968 1529 ol·-

217 1546 403 1587 brobrium,
429 1547 609 1580 animarum
634 1548 815 1591 periculum
838 1554 866 1581 et
883 1560 970 1581 scan-

219 1600 327 1633 dalum
348 1600 578 1644 plurimorum.

263 1652 327 1695 {3-
363 1653 472 1686 Dictus
505 1654 733 1697 praedecessor
763 1655 872 1689 volens
904 1657 969 1700 <ne

34 1715 100 1752 inaug
114 1722 165 1752 T‘ss0
188 1715 205 1736 n
221 1705 436 1750 inquisitionis
469 1706 565 1739 officii
596 1708 739 1741 executio
771 1710 970 1751 quomodoli-

22 1750 270 1805 „f'gffg'ssff‘f-,ffnbet
292 1759 519 1801 retardaretur,
543 1766 573 1793 et
593 1761 680 1794 labes
700 1762 879 1795 haereticae
896 1774 969 1806 pra—

23 1809 184 1831 ⁸'²'²⁰⁵⁶¹¹⁵⁵⁵¹
219 1811 322 1845 vitatis
349 1813 443 1856 longe
477 1824 596 1846 venena
623 1814 835 1859 diffunderet)
866 1817 969 1860 provi-

220 1865 307 1905 dere,
330 1865 414 1899 dicto
435 1866 570 1910 Georgio
592 1878 649 1910 per
669 1868 822 1911 quasdam
843 1880 916 1902 suas
938 1870 969 1902 in

218 1918 323 1951 forma
341 1919 445 1952 brevis
461 1919 567 1953 literas
591 1921 749 1954 commisit
766 1927 795 1954 et
811 1922 970 1956 mandarit

219 1976 377 2014 quatenus
396 1972 428 2006 in
448 1973 527 2006 locis
548 1973 691 2007 eiusdem
717 1974 843 2018 Georgii
869 1976 971 2020 inqui-

219 2024 326 2058 sitioni
346 2025 506 2069 deputatis
525 2027 563 2060 de
584 2027 765 2061 excessibus
784 2028 970 2062 huiusmodi

220 2088 425 2122 cognoscere,
442 2085 470 2112 et
492 2086 602 2113 contra
623 2092 844 2125 quascumque
864 2094 971 2126 perso-

220 2142 297 2171 nas,
333 2131 567 2176 cuiuscumque
601 2133 792 2167 conditionis
824 2140 854 2168 et
889 2147 971 2179 pra]-

221 2184 413 2218 eminentiae
433 2185 554 2227 forent,
585 2186 802 2230 inquisitionis
827 2189 969 2221 officium

221 2248 370 2271 exercere
390 2243 421 2271 et
448 2239 581 2283 exequi3
617 2240 766 2283 ipsasque
799 2252 967 2286 personas,

221 2301 300 2334 quas
325 2291 357 2324 in
381 2292 563 2335 praemissis
597 2294 773 2338 culpabiles
798 2295 967 2339 reperiret,

220 2355 285 2378 una
305 2355 378 2377 cum
399 2346 545 2378 locorum
567 2347 804 2380 ordinariorum
827 2348 967 2390 vicariis,

221 2404 379 2442 quatenus
406 2398 579 2432 voluissent
613 2400 779 2441 interesse,
807 2401 891 2434 iuxta
923 2402 970 2435 di-

222 2456 346 2484 ctarum
381 2462 591 2495 personarum
619 2454 786 2495 demerita,
810 2455 971 2498 corrigere

222 2504 251 2533 et
284 2500 399 2543 punire
437 2501 586 2541 deberet,
628 2503 804 2536 secundum
838 2505 971 2537 modum

223 2554 332 2582 contra
361 2550 440 2583 alios
464 2550 641 2584 haereticos
671 2563 687 2584 a
712 2552 781 2586 iure
815 2559 843 2587 et
873 2555 972 2587 sacris

223 2598 400 2631 canonibus
420 2603 587 2639 statutum,
609 2601 858 2635 contradictores
874 2613 971 2646 quos-

223 2655 361 2689 cumque
383 2657 441 2690 pcr
461 2657 629 2679 censuram
661 2649 907 2683 ecelesiasticam
942 2656 971 2684 et

273 2704 276 2706 '
300 2698 374 2728 Bwl.
395 2698 471 2729 Rom.
495 2699 547 2729 t'ol.
575 2699 615 2730 VI.
717 2702 720 2705 '
833 2703 852 2734 4
920 2698 929 2705 ⁴
945 2699 973 2707 ''⁴“

843 276 1019 301 HADRIANUS
1043 278 1072 301 Vl
1098 277 1145 301 1¹1³.

1680 270 1722 305 ⁶25
1778 279 1828 307 Aa.
1849 278 1880 306 c.
1896 277 1963 306 ¹525

1011 328 1072 361 alia
1098 328 1176 362 iuris
1196 333 1378 372 opportuna
1400 329 1541 363 remedia
1560 341 1765 374 compescen-

1011 381 1064 413 do.
1088 381 1148 413 Eos
1165 392 1238 415 vero
1256 383 1311 425 qui
1327 383 1358 414 in
1379 382 1563 425 praemissis
1579 384 1762 425 consilinm,

1011 434 1165 467 auxilium
1191 435 1238 467 rel
1260 436 1398 468 favorem
1421 441 1638 479 praestarent,
1671 449 1764 480 prae-

1012 488 1094 519 fatus
1124 487 1354 531 praedecessor
1386 494 1494 521 noster
1522 489 1640 522 eisdem
1661 490 1765 524 indul-

1011 539 1126 581 gentiis
1148 539 1193 571 uti
1224 545 1253 573 et
1282 540 1422 583 gaudere
1452 541 1608 582 decrevit,
1647 543 1764 586 quibus

1012 591 1225 635 crucesignati
1259 599 1371 626 contra
1397 593 1476 627 alios
1499 594 1695 635 haereticos,
1727 607 1763 629 ex

1011 644 1135 677 indulto
1155 646 1330 688 apostolico
1351 646 1396 680 eis
1413 657 1578 687 concesso,
1600 652 1677 681 tunc
1689 659 1764 691 gau-

1011 697 1128 730 debant
1148 702 1175 731 et
1202 699 1394 740 utebantur,
1427 706 1523 743 prout
1556 700 1589 733 in
1617 700 1709 735 dictis
1728 701 1763 734 li-

1011 750 1087 783 teris
1107 750 1234 793 plenius
1259 751 1415 785 contineri
1441 752 1569 786 dicitur.

1055 803 1119 846 gli.
1142 803 1180 835 Et
1199 804 1279 836 sicut
1308 806 1420 838 eadem
1445 806 1599 850 expositio
1626 807 1761 842 subiun-
1787 831 1957 854 „icmodopoffi

1011 856 1120 899 gebat,
1144 867 1208 888 non
1229 857 1333 889 solum
1356 858 1469 892 delicta
1490 864 1520 892 ct
1550 859 1684 893 crimina
1704 862 1828 894 liu-“¹⁰¹1
1847 865 1900 884 “¹³¹³
1931 865 1955 884 ’Μ

1010 909 1147 942 iusmodi
1169 915 1280 942 contra
1300 910 1394 943 fidem
1418 912 1606 945 catholicam
1624 918 1651 947 et
1679 896 1957 953 011Γί-Σῖυςῖιιῖιηεῖῗιιὲίιὲ

1011 962 1145 995 stianam
1179 961 1367 1005 religionem
1394 964 1452 997 sub
1474 964 1691 1000 iurisdictione
1713 967 1761 1000 in-
1772 957 1878 982 ⁶⁰¹⁰⁰¹¹⁵³'

1010 1014 1189 1059 quisitionis
1214 1015 1438 1049 Cremonensis
1467 1018 1713 1053 committuntur
1733 1025 1763 1054 et

1011 1073 1248 1113 perpetrantur,
1286 1069 1339 1101 sed
1370 1070 1521 1102 omnibus
1541 1070 1610 1103 aliis
1630 1072 1709 1106 locis
1733 1080 1763 1106 ct,

1011 1121 1227 1161 dioecesibus,
1268 1121 1327 1154 snb
1366 1121 1584 1157 iurisdictione
1623 1125 1761 1159 aliorum

1010 1170 1234 1213 inquisitorum
1257 1169 1332 1202 dicti
1356 1170 1482 1204 Ordinis
1507 1173 1763 1215 congregationis

1010 1222 1230 1262 Lombardiae,
1254 1222 1285 1255 in
1307 1223 1374 1256 dies
1390 1229 1617 1268 perpetrantur
1633 1231 1661 1258 et
1678 1238 1762 1259 eom-

1010 1278 1192 1310 mittuntur.
1228 1277 1263 1308 Et
1295 1287 1368 1309 cum
1395 1277 1505 1310 eadem
1530 1276 1591 1310 sint
1625 1278 1759 1319 delicta,

1010 1331 1119 1363 eadem
1143 1330 1286 1373 profecto
1308 1329 1487 1373 provisione
1508 1335 1539 1364 et
1556 1322 1760 1375 castigatione

1010 1382 1054 1415 eis
1074 1388 1115 1415 es!
1145 1383 1332 1416 earumdem
1362 1383 1529 1416 literarum
1554 1389 1664 1418 tenore
1685 1396 1759 1429 pro-

1010 1436 1192 1468 videndum.
1216 1436 1319 1475 Quare
1340 1441 1386 1476 tu,
1410 1436 1489 1469 sicut
1511 1438 1636 1478 asseris,
1664 1437 1695 1470 in
1716 1439 1759 1471 ci-

1011 1490 1101 1521 vitate
1131 1488 1289 1529 Comensi,
1324 1488 1380 1522 ubi
1401 1489 1502 1523 dictae
1522 1490 1683 1534 pravitatis
1716 1492 1762 1525 in-

1011 1541 1145 1585 quisitor
1165 1542 1269 1575 existis
1287 1569 1294 1583 ,
1326 1547 1388 1574 tam
1411 1547 1465 1575 tuo
1494 1554 1589 1587 quam
1616 1544 1760 1577 omnium

1010 1594 1148 1627 aliorum
1169 1594 1329 1628 dictorum
1349 1594 1474 1628 Ordinis
1496 1601 1523 1629 et
1545 1598 1762 1640 congregatio-

1012 1648 1058 1680 nis
1078 1648 1257 1681 haereticae
1273 1648 1436 1692 praxitatis
1451 1648 1676 1692 inquisitorum
1694 1650 1761 1683 ubi-

1010 1701 1085 1734 libet
1115 1700 1358 1734 consistentium
1388 1707 1417 1734 et
1445 1702 1672 1745 deputatorum
1702 1714 1760 1737 no-

1011 1754 1162 1795 minibus,
1181 1754 1281 1787 fecisti
1299 1754 1390 1787 nobis
1406 1754 1570 1788 humiliter
1587 1756 1759 1800 supplicari

1011 1814 1042 1840 ut
1064 1808 1171 1841 literas
1199 1807 1377 1851 praedictas
1402 1809 1439 1840 ad
1467 1819 1521 1840 vos
1541 1809 1710 1842 extendere
1731 1815 1758 1842 c!

1010 1860 1185 1905 ampliare,
1225 1860 1366 1904 aliasque
1406 1861 1544 1904 desuper
1579 1868 1761 1906 opportune

1011 1913 1218 1957 dignaremur
1238 1914 1417 1957 providere.

1055 1968 1069 2011 ξ
1089 1968 1118 2001 5.
1147 1967 1209 2000 Nos
1220 1966 1327 2009 igitur,
1349 1967 1535 2000 huiusmodi
1556 1969 1761 2013 supplicatio-
1800 1989 1843 2012 nnc
1858 1992 1913 2012 ,dem
1933 1998 1958 2013 0,

1010 2020 1104 2053 nibus
1129 2019 1284 2060 inclinati,
1313 2020 1421 2053 literas
1453 2021 1651 2064 praedictas,
1687 2033 1760 2055 cum
1773 2025 1960 2076 ssgssssffiffllusjj·

1011 2074 1160 2107 omnibus
1193 2073 1225 2105 in
1259 2074 1304 2107 eis
1333 2074 1491 2107 contentis
1527 2074 1698 2116 clausulis,
1730 2075 1762 2108 in
1952 2071 1956 2076 ’

1011 2127 1160 2160 omnibus
1189 2133 1219 2160 ct
1251 2137 1308 2170 per
1328 2127 1446 2167 omnia,
1474 2133 1569 2172 prout
1591 2127 1622 2160 in
1643 2129 1763 2163 eisdem

1011 2180 1110 2213 literis
1137 2180 1335 2220 continetur,
1370 2180 1410 2212 ad
1430 2186 1459 2213 te
1487 2186 1515 2213 et
1536 2181 1614 2214 alios
1637 2181 1763 2214 Ordinis

1012 2238 1040 2266 et
1061 2233 1316 2277 congregationis
1337 2233 1522 2266 huiusmodi
1544 2234 1759 2278 inquisitores,

1010 2292 1074 2319 tani
1111 2287 1140 2319 in
1174 2286 1429 2330 praesentiarum
1455 2286 1638 2331 deputatos,
1666 2299 1761 2331 quam

1011 2339 1043 2372 in
1065 2340 1210 2372 suun-um
1234 2340 1397 2384 perpetuis
1423 2340 1540 2373 suturis
1565 2341 1762 2384 temporibus

1011 2393 1222 2437 deputandos,
1245 2404 1282 2426 ac
1302 2393 1327 2426 si
1347 2393 1403 2426 tibi
1424 2399 1453 2426 ct
1473 2394 1603 2439 cuilibet
1628 2394 1761 2437 inquisi-

1011 2452 1118 2479 torum
1139 2446 1356 2488 dirigcrentur
1388 2451 1415 2479 ct
1446 2447 1585 2480 directae
1613 2447 1759 2487 fuissent,

1011 2499 1185 2543 apostolica
1221 2500 1408 2532 :uictoritate
1423 2527 1430 2540 ,
1466 2506 1576 2533 tenore
1615 2511 1762 2543 praesen-

1013 2553 1092 2585 tium
1117 2552 1332 2592 extendimus,
1354 2553 1502 2596 ipsasque
1523 2553 1629 2585 literas
1650 2552 1704 2585 tibi
1732 2558 1761 2584 et

1012 2606 1085 2645 illis,
1109 2611 1141 2637 ut
1163 2605 1390 2649 praemittitur,
1422 2606 1539 2639 eisdem
1574 2605 1762 2639 auctoritate

1013 2661 1041 2688 et
1057 2659 1167 2690 tenore
1189 2654 1407 2695 concedimus.
