2227 3001
210 267 258 294 An.
276 269 304 296 C.
327 268 392 295 tatro‘

452 262 515 297 356

1002 271 1181 295 BULLARIUM
1206 271 1310 295 ROMAN
1315 272 1355 296 ΕΜ

407 325 575 358 sitantibus
599 326 646 358 vel
666 324 949 361 benefacientibus,
977 335 1155 367 eorumque
1200 324 1298 364 dulta,
1322 325 1558 367 exemptiones,
1581 323 1798 356 immunitates
1823 329 1852 356 et
1873 324 1949 357 alias

407 378 718 411 administratoribus
742 383 772 409 et
798 377 994 420 guardianis,
1022 378 1155 411 rectori-

406 432 477 471 bus,
496 432 681 465 oeconomis
692 431 908 473 generalibus,
927 430 996 463 aliis
1012 431 1157 474 personis

406 484 543 517 similem
565 495 675 517 euram
702 484 732 515 in
754 483 799 515 eis
818 483 1030 523 sumentibus,
1053 494 1088 516 ac
1111 483 1156 515 iu-

406 537 492 569 daeis
512 542 539 568 et
568 536 743 575 conversis,
766 547 802 568 ac
826 536 1085 579 quibuscumque
1106 547 1156 569 eo-

407 600 490 627 rum,
513 589 607 621 etiam
636 600 692 632 per
718 600 775 621 nos
800 594 828 621 ct
854 599 1075 632 quoseuuupie
1093 589 1155 622 llo-

407 653 518 675 mauos
543 642 713 675 Pontifices
739 642 1001 686 praedecessores
1032 649 1156 675 nostros

407 701 434 728 et
448 706 662 735 successores,
677 706 713 728 ae
731 695 845 729 Sedent
863 696 1006 729 eamdem
1026 708 1156 729 eonces-

406 749 447 780 sis
468 755 494 781 et
518 749 733 781 concedendis
753 752 854 792 (quae
875 750 982 782 onmia
999 756 1026 782 et
1048 750 1156 782 literas

405 802 544 845 desuper
559 802 720 835 confectas
736 803 846 835 haberi
862 804 1011 835 volmuus
1026 814 1084 847 pro
1105 815 1156 837 ex-

406 856 546 898 pressis),
559 861 586 888 et
603 856 720 899 ‹piibus
735 856 807 895 illae,
821 857 865 888 illi
882 862 909 889 et
930 857 983 889 illa
1005 863 1151 895 utuntur,

405 909 608 952 potiunturet
626 909 776 952 gaudent,
791 921 827 942 ae
845 910 903 947 uti,
918 910 1012 953 potiri
1034 916 1064 942 et
1079 921 1155 953 gau-

404 962 478 994 dere
502 968 653 1005 poterunt
679 963 919 1006 quomodolibet
941 963 973 995 in
994 963 1151 1003 futurum,

403 1015 740 1048 arcllieoufraternitas
769 1016 919 1059 illiusque
960 1016 1152 1057 confratres,

403 1070 633 1102 monasterium
644 1070 907 1108 construemlum,
923 1071 1090 1114 hospitale,
1103 1082 1152 1104 ec.-

402 1122 515 1162 clesia,
553 1123 747 1167 illorumque
781 1123 1072 1165 administratores,
1106 1136 1152 1158 re-

401 1181 517 1216 ctores,
540 1177 724 1217 familiares,
748 1178 897 1218 ministri,
929 1179 1097 1211 oeconomi
1123 1184 1150 1212 et

400 1229 481 1262 aliae
503 1241 658 1274 personae
690 1232 825 1265 similem
855 1243 965 1264 curam
993 1233 1070 1265 inibi
1098 1245 1150 1265 su-

401 1289 522 1315 mentes
537 1289 565 1316 et
583 1284 636 1316 illa
652 1284 813 1317 visitantes
832 1296 869 1318 ae
885 1285 930 1318 eis
950 1285 1151 1318 benefacien-

399 1342 462 1376 tes,
493 1347 529 1368 ex
558 1348 642 1369 uuuc
673 1343 701 1369 et
729 1338 760 1369 in
786 1343 979 1381 perpetuum
1000 1344 1147 1375 utuntur.

397 1389 566 1432 potiuntur
586 1397 614 1423 et
635 1391 787 1432 gaudent,
810 1392 868 1431 uti,
897 1392 991 1435 potiri
1017 1399 1044 1425 et
1071 1404 1148 1435 gau-

397 1443 472 1475 dere
494 1443 593 1476 libere.
614 1449 643 1476 et
664 1444 750 1477 licite
766 1445 886 1477 valeant
906 1446 937 1477 in
954 1446 1104 1478 omnibus
1120 1451 1146 1477 et

396 1507 455 1539 per
474 1497 599 1535 omnia,
623 1498 756 1541 perinde
783 1510 818 1531 ae
847 1499 871 1530 si
899 1500 1094 1532 monasterio
1120 1505 1146 1531 et

397 1549 544 1592 hospitali
562 1562 597 1584 ac
615 1551 768 1584 ecclesiae
785 1557 812 1583 et
831 1552 1147 1595 confratribusprae-

396 1602 500 1642 dietis,
520 1604 716 1648 illorumque
733 1605 926 1645 rectoribus,
945 1606 1147 1639 administra-

396 1656 532 1697 toribus,
555 1659 840 1699 gubcrnatoribus,
862 1660 1059 1697 oeconomis,
1083 1672 1147 1692 ser—

394 1709 561 1747 vitoribus,
581 1712 811 1749 familiaribus,
835 1713 988 1745 ministris
1016 1718 1043 1745 et
1072 1725 1145 1746 con-

392 1763 490 1795 versis
506 1775 541 1796 ac
558 1765 628 1797 aliis
645 1764 802 1808 pemsttmis,
820 1776 856 1797 ae
877 1765 929 1797 illa
946 1766 1146 1798 visitantibus

392 1821 420 1848 et
437 1817 713 1851 benetacientilms
728 1829 786 1862 pro
804 1824 948 1862 tempore
965 1820 1146 1862 specialiter

391 1875 419 1902 et
442 1881 590 1914 expresse
618 1882 769 1904 concessa
798 1871 931 1904 fuissent
958 1878 986 1905 et
1014 1872 1044 1905 in
1062 1873 1144 1906 futu-

392 1934 463 1955 rum
490 1925 756 1957 concederentm·.
793 1925 923 1957 Necnon
951 1926 1143 1969 presbyteris

391 1977 574 2019 praedietis,
597 1978 652 2020 qui
674 1979 706 2010 in
727 1979 922 2011 monasterio
949 1990 1004 2011 seu
1033 1980 1142 2024 liospi-

389 2031 443 2062 tali
479 2037 530 2064 aut
567 2032 701 2065 ecelesia
736 2032 908 2076 praedietis
935 2044 1141 2077 quocumque

390 2084 463 2116 anni
487 2090 629 2128 tempore
647 2086 889 2127 celebraverint,
903 2092 930 2119 et
950 2098 1008 2131 pro
1024 2087 1141 2130 quibus

391 2137 484 2170 iidem
503 2139 1008 2183 presbyteriinibicelebraverint
1026 2146 1053 2173 et
1072 2152 1140 2174 ora-

388 2190 507 2229 verint,
537 2192 662 2224 easdem
700 2193 915 2235 indulgentias
935 2199 962 2226 et
990 2200 1138 2237 peetirato—

389 2254 460 2276 rum
484 2245 704 2282 remissiones,
734 2258 817 2290 quae
843 2248 1082 2281 celebrantibus
1108 2249 1137 2281 iu

388 2297 478 2330 Scala
499 2298 576 2330 Cteli
598 2307 798 2343 num-upata,
824 2302 1008 2334 monasterii
1028 2302 1136 2335 Trium

387 2351 533 2384 Fontimu
556 2358 642 2385 extra
665 2366 773 2387 muros
798 2355 901 2395 Urbis,
920 2355 1137 2388 Cistercicusis

385 2404 521 2445 Ordinis,
531 2412 583 2437 aut
597 2405 627 2438 in
637 2406 787 2450 t‘lappella
798 2407 828 2439 in
838 2408 1136 2452 PraesepeDomini,

384 2458 443 2491 sita
459 2459 489 2490 in
508 2460 643 2492 ecclesia
659 2460 692 2492 B.
712 2461 826 2493 'Mariae
843 2462 968 2494 Maioris
983 2463 1021 2495 de
1038 2463 1134 2503 Urbe,

383 2519 419 2541 ae
440 2509 620 2549 animabus,
634 2520 691 2552 pro
707 2509 824 2552 quibus
838 2510 914 2542 inibi
932 2511 1027 2544 iidem
1044 2523 1133 2555 pres—

382 2557 483 2601 byteri
505 2558 733 2591 celebraverint
761 2564 788 2590 et
817 2559 991 2599 oraverint,
1014 2561 1133 2592 eisdem

382 2606 571 2639 auctoritate
600 2612 628 2639 et
657 2612 767 2640 tenore
795 2608 1002 2640 concedimus
1030 2615 1057 2641 et
1084 2609 1132 2641 iu-

381 2654 562 2697 dulgemus:
577 2666 612 2688 ae
635 2655 860 2699 indulgentias,
880 2657 1058 2701 privilegia,
1083 2659 1130 2690 iu-

901 2710 915 2723 3

1200 377 1422 410 concessiones
1449 388 1484 410 ao
1509 377 1712 411 remissiones
1739 378 1946 417 huiusmodi,

1200 430 1237 461 ad
1259 430 1341 469 illos,
1365 430 1435 462 illas
1454 435 1484 462 et
1500 430 1553 463 illa
1570 431 1770 464 extendimus
1786 436 1814 464 et
1833 442 1948 475 proro-

1198 493 1310 524 gamus
1330 494 1366 515 ac
1383 483 1585 527 ampliamus.
1605 485 1638 516 Et
1658 485 1744 527 quod
1760 485 1893 517 loannes
1912 496 1948 517 ae

1199 547 1256 579 pro
1269 542 1413 580 tempore
1430 537 1631 580 praepositus
1651 543 1679 570 et
1696 538 1946 577 adn‘iiuistrator,

1199 594 1315 629 rector,
1338 590 1553 631 gubernator,
1576 601 1791 631 oeconomus,
1816 591 1947 624 servito-

1200 654 1261 680 res,
1280 643 1464 681 familiares,
1479 643 1616 676 ministri
1627 649 1654 676 et
1669 645 1811 677 conversi
1822 656 1858 677 ae
1868 645 1948 677 aliae

1199 707 1355 739 personae
1372 698 1533 741 praefatae
1562 697 1795 740 indulgentias,
1817 699 1946 741 gratias,

1198 749 1374 793 privilegia,
1393 750 1528 790 indulta,
1547 751 1776 793 exemptiones,
1799 751 1949 783 immuni-

1198 808 1295 843 tates,
1324 803 1487 836 libertates
1514 809 1541 836 et
1570 803 1647 836 alias
1675 804 1899 837 concessiones
1919 810 1945 837 et

1198 857 1402 890 remissiones
1424 857 1609 890 huiusmodi
1629 868 1663 889 ac
1685 858 1752 890 dies
1772 863 1801 890 et
1821 858 1898 891 festa
1916 858 1947 890 in

1197 910 1314 953 quibus
1341 922 1376 943 ae
1404 922 1516 944 causas
1536 917 1669 955 lssn‘opter
1688 923 1768 954 quas
1796 912 1849 944 illa
1870 923 1947 945 con-

1196 965 1285 1007 sequi
1321 965 1457 997 debeant
1490 965 1528 997 ad
1562 976 1675 998 eorum
1708 965 1946 1009 beneplacitum

1196 1017 1361 1059 publicare
1371 1018 1486 1051 facere.
1499 1018 1629 1050 Necnon
1639 1019 1857 1063 eleemosynas
1877 1030 1946 1052 mo-

1196 1070 1335 1103 nasterio
1350 1076 1378 1104 et
1403 1071 1553 1115 hospitali
1571 1083 1607 1104 ae
1626 1071 1785 1104 conversis
1797 1082 1852 1104 seu
1869 1072 1947 1104 alias

1195 1125 1417 1157 concedendas
1432 1125 1588 1169 recipere,
1602 1131 1631 1158 et
1647 1125 1684 1157 ad
1700 1125 1770 1157 illas
1786 1125 1946 1169 recipien-

1195 1177 1250 1209 das
1271 1184 1298 1210 et
1320 1179 1530 1221 quaerendas,
1543 1189 1579 1211 ae
1597 1178 1812 1221 indulgentias
1832 1179 1945 1212 liuius-

1194 1230 1279 1262 modi
1310 1232 1520 1274 publicandas
1545 1243 1603 1276 per
1631 1232 1749 1264 dictam
1777 1232 1895 1266 Urbem
1916 1239 1944 1266 et

1193 1283 1267 1315 alibi
1289 1284 1417 1316 eosdem
1435 1285 1638 1329 presbyteros
1658 1296 1714 1318 seu
1735 1285 1871 1318 elericos
1892 1291 1944 1318 aut

1193 1337 1272 1369 aliosv
1306 1344 1493 1380 quaestores
1526 1349 1581 1371 seu
1611 1349 1834 1382 quascumque
1868 1339 1946 1371 alias

1193 1402 1358 1433 personas,
1382 1392 1521 1424 cuiusvis
1542 1393 1669 1425 licentia
1691 1393 1823 1425 minime
1839 1393 1946 1436 requi-

1193 1444 1270 1481 sita,
1294 1445 1449 1489 deputare
1470 1451 1497 1478 et
1521 1446 1657 1478 mittere.
1683 1446 1716 1478 Et
1740 1447 1873 1479 loannes
1893 1458 1942 1487 ae,

1192 1508 1229 1529 eo
1257 1497 1317 1530 vita
1344 1499 1465 1539 functo,
1494 1510 1553 1542 pro
1574 1505 1719 1542 tempore
1741 1499 1944 1543 praepositus

1192 1551 1377 1595 praedictus
1392 1563 1618 1595 quaecumque
1636 1558 1752 1585 statuta
1768 1559 1795 1585 et
1813 1553 1943 1586 ordina-

1193 1604 1294 1637 tiones
1314 1605 1399 1638 licita
1421 1611 1448 1638 et
1471 1606 1604 1639 honesta
1625 1612 1751 1646 tamen,
1770 1612 1833 1639 tam
1858 1606 1943 1639 eirca

1191 1659 1333 1701 regimen
1355 1665 1381 1692 et
1404 1660 1614 1704 tranquillum
1637 1665 1752 1693 statmn
1781 1666 1941 1693 monaste-

1190 1713 1240 1751 rii,
1253 1714 1432 1758 hospitalis,
1443 1715 1653 1753 coilfratrum,
1666 1715 1939 1759 presln‘terorum,

1188 1767 1378 1800 aulaeorum
1392 1796 1398 1809 ,
1417 1768 1632 1800 hebraeorum
1646 1773 1674 1800 et
1692 1779 1920 1801 conversorum
1932 1795 1939 1807 ,

1188 1831 1223 1852 ac
1252 1821 1431 1853 divInorum
1459 1821 1728 1859 celebrationem,
1759 1832 1856 1864 quam
1877 1833 1938 1854 nu-

1187 1884 1313 1906 merum
1335 1880 1365 1906 et
1393 1875 1574 1917 qualitates,
1597 1880 1715 1907 aetates
1735 1875 1940 1918 cappellano-

1186 1938 1276 1965 rum,
1302 1930 1499 1961 confratrum
1521 1940 1557 1962 ae.
1577 1929 1808 1967 ministrorum,
1835 1934 1863 1961 et
1885 1930 1937 1962 ha-

1184 1980 1287 2013 bitum
1314 1981 1503 2014 iudaeorum
1532 1993 1567 2014 ae
1589 1992 1816 2014 conversorum
1843 1993 1936 2026 prae-

1184 2034 1358 2074 dictorum,
1381 2046 1559 2078 eorumque
1580 2046 1744 2078 personas,
1772 2040 1799 2067 et
1822 2046 1935 2068 mona-

1184 2088 1270 2120 sterii
1284 2095 1310 2121 et
1324 2089 1736 2132 hospitalispraedictorum
1747 2095 1935 2122 ornamenta

1183 2153 1219 2174 ac.
1240 2142 1323 2175 bona
1344 2142 1474 2175 mobilia
1496 2148 1522 2175 et
1542 2142 1728 2181 immobilia,
1756 2152 1935 2186 eorumque

1182 2195 1475 2229 administrationes
1490 2202 1516 2229 et
1536 2196 1597 2229 alia
1608 2196 1783 2240 praemissa
1799 2207 1933 2229 concer-

1181 2249 1289 2281 nentia
1311 2250 1449 2282 eondere
1470 2256 1500 2282 et.
1519 2250 1666 2290 alterare,
1693 2255 1818 2283 mutare
1839 2262 1874 2284 ac
1895 2251 1932 2283 de

1181 2312 1262 2335 novo
1283 2303 1390 2342 edere,
1413 2313 1506 2346 quae,
1531 2308 1698 2347 postquam
1718 2303 1863 2343 condita,
1885 2304 1932 2336 al—

1181 2361 1298 2396 terata,
1322 2361 1442 2388 mutata
1467 2361 1492 2388 et
1528 2357 1701 2389 reformata
1725 2356 1862 2397 fuerint,
1894 2367 1931 2389 eo

1181 2409 1249 2451 ipso
1261 2409 1435 2452 apostolica
1451 2410 1641 2442 auct-oritate
1657 2409 1845 2442 confirmata
1869 2410 1928 2442 sint

1179 2468 1204 2495 et
1224 2474 1291 2496 esse
1307 2468 1510 2502 censeantur,
1526 2474 1561 2496 ae
1578 2474 1800 2507 quascumque
1810 2473 1930 2506 poenas

1178 2513 1209 2545 in
1231 2513 1505 2546 contravenientes
1525 2525 1699 2557 apponere.

1220 2562 1234 2602 ,ξ
1255 2562 1284 2594 o.
1308 2562 1351 2594 Ac
1367 2562 1501 2605 quilibet
1517 2563 1688 2603 confrater,
1707 2563 1852 2596 minister
1871 2574 1925 2596 seu

1176 2610 1327 2642 officiales
1337 2615 1364 2642 et
1382 2621 1536 2654 personae
1549 2611 1922 2650 areliiconfraternitatis,

1177 2658 1358 2691 umuasterii
1380 2665 1405 2690 et
1430 2659 1595 2702 hospitalis
1610 2659 1795 2693 huiusmodi
1812 2670 1926 2704 quem-

1963 267 2014 295 Αη.
2032 268 2060 295 C.
2080 268 2145 296 15115

1970 2572 2069 2594 Pei-sonis
2091 2579 2127 2594 ar-

1945 2603 2127 2625 chiconfrnterni-

1941 2634 1996 2659 tatis,
2013 2634 2124 2661 hospitali·

1940 2668 1959 2685 et
1990 2667 2126 2694 monasterii.
