2227 3001
87 261 135 288 An.
152 259 182 288 C.
203 261 268 290 15110

85 912 206 934 Huiusmodi
220 917 269 939 pro-

85 946 208 966 hibitionem
232 949 270 963 ex-

85 977 183 998 tenderat
223 981 269 995 mox

85 1008 163 1029 Paulus
191 1006 219 1027 ΠΙ
243 1007 269 1026 ad

86 1043 221 1066 quacumque
234 1037 270 1057 hc<

85 1069 184 1098 spitalia,
207 1069 270 1091 Ordi-

85 1107 139 1127 nes,
164 1101 211 1121 loca
235 1101 270 1127 pia

85 1135 122 1153 etc.
133 1148 139 1157 ,
154 1132 234 1152 fabrica
247 1131 268 1152 S.

85 1163 142 1185 Petri
166 1164 192 1183 de
213 1161 268 1183 Urbe

84 1197 185 1221 excepta,
201 1194 270 1214 eccle-

84 1227 161 1246 siarum
187 1225 270 1252 praela-

85 1258 111 1277 lis
133 1257 181 1277 data
200 1256 268 1276 tacui-

84 1291 128 1309 tate
168 1288 268 1315 puniendi

83 1319 268 1346 poeniscanonicis

85 1350 241 1371 inobedientes.

131 2366 179 2387 Cum
202 2366 277 2387 inobe-

92 2398 175 2419 dientes
210 2397 277 2418 adhuc

91 2430 156 2456 aliqui
202 2435 278 2457 super-

93 2462 142 2487 sint,

933 258 1051 283 PAULUS
1073 258 1107 282 111
1127 259 1173 282 PP.

284 318 480 358 quaestores,
502 311 607 354 vigore
637 310 876 355 prixilegiorum
904 312 1031 356 praedi-

285 373 410 401 ctorum
422 365 621 405 constitutos
632 370 844 405 revocaverat,
857 375 893 398 ac
904 375 954 398 om
960 375 1032 398 nem

285 421 467 455 facultatem
487 419 625 463 desuper
644 429 838 459 concessam,
859 419 898 451 ab
923 419 1032 462 hospi-

285 474 400 508 talibus
438 478 468 506 et
499 472 569 505 aliis
602 471 773 516 praedictis
811 477 972 505 amoverat
1004 478 1033 505 et

284 527 504 566 abdicaverat;
535 538 570 559 ac
596 531 659 559 tam
680 531 827 570 quaestas
857 526 1034 569 praedictas

284 581 406 621 facere,
436 578 651 623 indulgentias
680 585 710 612 et
739 579 816 612 alias
843 579 959 622 gratias
990 579 1034 612 eis

284 644 450 668 concessas
465 633 643 678 publicare,
662 633 838 666 confratres
854 632 1033 666 describere

283 700 321 722 ac
340 687 584 721 confessionalia
604 687 793 728 concedere,
817 697 914 730 quam
939 687 1033 719 etiam

284 743 316 776 in
335 741 461 775 casibus
481 741 769 774 matrimonialibus
788 740 956 785 prohibitis
976 741 1035 774 dis-

284 807 418 842 pensare
434 795 656 838 prohibuerat.

328 851 343 894 ἓ
363 850 393 883 2.
411 850 538 894 Nosque
558 849 748 890 successive,
771 859 857 887 cum,
881 859 947 882 non
967 848 1034 882 sine

284 903 383 938 animi
417 904 517 937 nostri
556 903 774 947 displicentia,
800 902 1035 947 accepissemus

285 958 371 1004 quod
379 958 525 991 nonnulli
536 957 756 1001 hospitalium,
766 955 1034 989 monasteriorum

285 1018 316 1045 et
340 1011 478 1045 aliorum
498 1011 736 1056 praedictorum
757 1021 793 1043 ac
814 1010 908 1042 etiam
929 1010 1035 1043 Sancti

285 1065 401 1106 Helmi,
413 1065 519 1099 Sancti
536 1064 636 1105 Bovis,
651 1063 758 1097 Sancti
773 1063 939 1104 Bernardi,
959 1063 1035 1097 San-

286 1120 327 1153 cti
347 1118 515 1158 Leonardi,
533 1124 564 1151 et
578 1119 712 1152 Sanctae
731 1117 883 1157 Marthae,
902 1117 1035 1150 Sanctae

285 1173 472 1207 Catharinae
487 1171 600 1205 Montis
615 1171 720 1215 Synai‚
739 1170 846 1204 Sancti
861 1170 934 1210 Viti,
956 1171 1035 1204 San-

286 1232 354 1260 ctae
379 1226 494 1259 Mariae
521 1225 559 1258 de
580 1225 610 1258 la
629 1223 791 1257 Heremita
812 1234 868 1257 seu
896 1224 1035 1257 aliorum

285 1281 432 1314 locorum
449 1284 637 1322 quaestores
651 1284 681 1311 et
698 1277 935 1311 commissarios
950 1289 1036 1322 quae-

285 1340 348 1368 stas
374 1333 553 1378 praedictas
582 1333 706 1372 facere,
729 1336 759 1364 et
783 1331 844 1364 alia
873 1331 1036 1376 praedicta

285 1397 434 1421 exercere
472 1397 536 1420 non
571 1385 801 1420 erubescebant
821 1412 828 1426 ‚
868 1396 927 1429 per
959 1385 1037 1419 alias

284 1447 409 1476 nostras
433 1440 465 1473 in
494 1441 597 1473 forma
623 1438 727 1472 brevis
750 1439 858 1472 literas
887 1439 1037 1472 omnibus

285 1501 316 1530 et
341 1494 475 1539 singulis
494 1495 641 1527 locorum
658 1492 839 1533 ordinariis,
858 1498 891 1526 ut
913 1493 971 1525 sub
988 1504 1038 1526 ex-

286 1548 588 1584 communicationis
615 1553 645 1580 et
676 1546 757 1587 aliis,
780 1547 818 1579 de
843 1546 960 1589 quibus
993 1547 1037 1580 eis

286 1603 460 1643 videretur,
484 1601 607 1646 poenis,
626 1600 886 1644 quibuscumque
903 1606 966 1633 tam
982 1600 1038 1633 ho-

288 1657 450 1701 spitalium
465 1661 495 1689 et
508 1654 778 1689 monasteriorum
786 1665 822 1687 ac
831 1654 1037 1698 Redemptio-

289 1711 337 1745 nis
346 1711 544 1756 captivorum
558 1716 586 1743 et
599 1709 736 1742 aliorum
746 1714 930 1742 sanctorum
944 1714 972 1741 et
983 1719 1038 1741 no-

290 1765 414 1799 minum
435 1764 673 1809 praedictorum
694 1761 932 1803 commissariis,
954 1773 1038 1795 nun-

289 1819 346 1853 ciis
366 1824 396 1852 et
415 1817 639 1862 quaestoribus
667 1816 842 1861 praemissa
861 1815 931 1849 fieri
954 1816 1038 1849 inhi-

288 1873 412 1913 berent,
435 1878 464 1905 et
486 1877 595 1905 contra
615 1871 690 1904 talia
714 1869 875 1915 prohibita
891 1880 1038 1903 exercere

290 1931 531 1971 praesumentes
550 1926 589 1958 ad
618 1924 869 1958 declarationem
890 1923 1039 1957 incursus

289 1980 447 2014 dictarum
460 1990 639 2025 poenarum
656 1978 880 2022 procederent,
893 1984 1039 2022 quaesto-

288 2034 377 2069 ribus
403 2034 542 2067 fabricae
561 2033 709 2067 basilicae
733 2031 891 2075 Principis
910 2038 1039 2076 aposto-

289 2089 395 2122 lorum
405 2088 443 2121 de
455 2087 538 2121 Urbe
549 2098 566 2120 a
576 2086 722 2132 personis
733 2087 835 2119 Deum
851 2085 1040 2119 timentibus

289 2141 450 2187 deputatis
470 2141 633 2174 dumtaxat
653 2140 803 2185 exceptis,
831 2139 1039 2173 mandavera-

290 2206 373 2235 mus,
395 2200 493 2240 prout
517 2195 549 2228 in
574 2194 707 2237 singulis
731 2193 831 2227 literis
851 2193 1039 2237 praedeces·

290 2249 371 2283 soris
380 2254 411 2283 et
419 2248 535 2282 nostris
545 2247 716 2292 praedictis
731 2247 826 2281 latius
842 2247 1037 2280 continetur.

334 2303 349 2347 g
364 2303 395 2337 3.
408 2303 455 2336 Ad
470 2308 611 2336 nostram
627 2302 770 2347 pervenit
786 2300 932 2335 notitiam
954 2300 1040 2345 quod

291 2357 439 2391 nonnulli
459 2362 644 2400 quaestores
668 2361 699 2389 et
723 2354 954 2395 commissarii,
976 2360 1040 2388 tam

292 2411 464 2456 praedictis
484 2420 581 2453 quam
607 2409 676 2443 aliis
703 2410 811 2443 forsan
835 2408 1038 2447 nominibus,

290 2465 398 2509 vigore
419 2463 658 2508 privilegiorum
679 2463 917 2507 praedictorum
935 2468 963 2495 et
980 2463 1042 2495 for-

292 2525 348 2548 san
377 2513 528 2553 aliorum,
551 2513 645 2546 etiam
665 2523 683 2545 a
706 2513 809 2553 nobis,
837 2512 910 2545 licet
931 2517 1042 2545 contra

294 2569 434 2598 mentem
450 2568 605 2603 nostram,
617 2567 852 2603 emanatorum,
867 2567 931 2594 tam
948 2572 1042 2605 quae-

293 2618 356 2647 stas
379 2613 484 2646 facere
505 2622 601 2656 quam
622 2611 837 2655 indulgentias
862 2610 1039 2655 publicare,

294 2662 490 2708 etalia,quae
502 2661 546 2695 eis
555 2671 705 2696 concessa
712 2661 808 2695 fuisse
814 2660 1039 2706 praetendunt,

371 2715 447 2748 Ball.
464 2714 541 2747 Rom.
563 2715 618 2747 Vol.
643 2714 686 2746 VI.
887 2713 925 2744 36

1715 249 1772 283 ⁶281

1075 322 1235 352 exercere,
1248 321 1283 344 ac
1295 310 1432 345 diversas
1443 310 1654 355 pecuniarum
1667 321 1820 352 summas,

1074 376 1125 399 res
1145 371 1173 398 et
1194 366 1279 399 bona
1308 365 1433 409 exigere
1462 369 1492 398 et
1511 364 1610 408 aliqui
1630 365 1737 398 forsan
1764 366 1822 398 sibi

1075 419 1151 464 ipsis
1170 419 1381 464 appropriare
1402 429 1466 451 non
1487 418 1688 452 destiterunt.

1119 473 1133 516 ἓ
1157 472 1188 505 4.
1211 473 1284 513 Nos,
1307 472 1473 513 scandalis,
1486 483 1567 516 quae
1584 482 1621 505 ex
1641 472 1824 517 praemissis
1838 483 1968 510 Quaestuatas
1984 488 2023 510 pe-

1075 526 1241 569 provenire
1250 531 1387 570 possent,
1396 536 1577 566 occurrere,
1587 526 1661 559 etde
1668 526 1823 570 pecuniis,
1839 516 2023 573 ξξζζξξῑ-,ἰῗξςῖἶῖ

1075 579 1170 612 rebus
1191 584 1218 611 et
1239 579 1332 612 bonis
1347 580 1502 612 hactenus
1522 579 1650 620 exactis,
1669 590 1751 623 quae
1768 580 1823 613 ho·
1839 577 1962 631 ZP'ffifibJ‘
1983 577 2023 598 ⁰⁹

1075 633 1261 676 spitalibus,
1290 633 1490 666 monasteriis
1519 638 1550 666 et
1578 633 1647 666 aliis
1670 633 1750 667 locis
1778 617 2023 668 fa-‹iffliieeoiiiiirlf-

1076 687 1226 719 cultatem
1255 686 1467 730 quaestuandi
1496 691 1525 719 et
1559 686 1620 719 alia
1649 687 1825 730 praemissa
1840 674 2024 732 iisihcjpiffssissss

1076 740 1243 773 exercendi
1271 751 1327 773 seu
1358 751 1507 773 exercere
1537 740 1672 773 faciendi
1706 737 1942 788 haberefssff,orum
1960 737 2025 763 *9⁹¹¹*

1076 793 1378 838 praetendentibus,
1406 794 1510 827 adhuc
1531 794 1736 838 incorporata
1760 806 1824 829 non
1877 784 1882 794 '

1076 852 1165 887 sunt,
1192 847 1387 890 gravissimis
1414 848 1579 891 expensis,
1603 848 1697 881 etiam
1718 850 1824 893 quoti-

1076 901 1187 941 dianis,
1198 902 1299 934 dictae
1315 901 1466 941 fabricae,
1480 913 1576 944 quam
1588 913 1693 946 nuper
1705 914 1762 947 per
1776 915 1825 937 ve-

1076 955 1235 988 nerabiles
1249 955 1362 988 fratres
1375 954 1592 996 Franciscum,
1608 957 1804 991 Aleriensem
1816 985 1823 999 ,

1077 1014 1107 1042 et
1126 1009 1324 1053 Philippum,
1347 1009 1443 1052 Burgi
1464 1010 1570 1043 Sancti
1591 1010 1738 1054 Sepulcri
1762 1011 1827 1056 epi-

1076 1073 1202 1106 scopos,
1221 1068 1251 1095 et
1272 1063 1425 1096 dilectum
1444 1062 1547 1096 filium
1569 1063 1764 1107 Raphaelem
1788 1065 1827 1099 de

1077 1116 1250 1157 Casalibus,
1263 1115 1365 1149 dictae
1384 1116 1523 1149 fabricae
1533 1118 1711 1160 praefectos
1725 1124 1754 1151 et
1771 1119 1826 1152 de-

1077 1176 1203 1215 putatos
1224 1170 1352 1213 aggredi
1364 1170 1499 1204 fecimus
1516 1171 1661 1211 et,dante
1677 1172 1823 1213 Domino,

1078 1224 1241 1268 prosequi,
1260 1230 1290 1258 et
1314 1224 1353 1257 ad
1374 1224 1470 1258 finem
1488 1225 1665 1269 perducere
1693 1226 1830 1260 intendi-

1078 1290 1161 1319 mus,
1172 1278 1339 1323 providere
1349 1279 1502 1320 volentes,
1514 1285 1603 1312 motu
1612 1280 1744 1323 proprio
1755 1286 1782 1313 et
1792 1292 1829 1314 ex

1078 1338 1163 1366 certa
1180 1332 1310 1365 scientia
1325 1344 1362 1366 ac
1382 1333 1420 1365 de
1440 1332 1635 1377 apostolicae
1664 1334 1830 1378 potestatis

1078 1386 1290 1430 plenitudine,
1302 1386 1560 1430 singulasliteras
1572 1388 1830 1431 praedecessoris

1079 1445 1109 1473 et
1141 1445 1265 1473 nostras
1299 1440 1477 1484 praedictas
1496 1467 1502 1481 ‚
1539 1440 1668 1474 illarum
1702 1446 1830 1476 tenores

1078 1494 1300 1538 praesentibus
1317 1505 1375 1538 pro
1392 1494 1588 1528 sufficienter
1604 1496 1760 1540 expressis
1776 1497 1831 1530 ha-

1078 1548 1200 1588 bentes,
1218 1548 1334 1580 harum
1355 1547 1436 1580 serie
1452 1548 1691 1590 confirmantes,
1710 1561 1829 1595 appro-

1078 1602 1190 1634 bantes
1209 1607 1240 1634 et
1260 1601 1445 1634 innovantes
1459 1628 1466 1641 ‚
1494 1601 1594 1635 firmis
1613 1608 1721 1636 tamen
1746 1615 1829 1637 sem-

1079 1666 1137 1699 per
1165 1660 1195 1688 et
1224 1654 1340 1688 illaesis
1367 1655 1609 1688 remanentibus
1629 1656 1780 1691 omnibus
1800 1663 1831 1691 et

1080 1709 1213 1752 singulis
1229 1708 1399 1752 privilegiis
1420 1709 1522 1742 dictae
1542 1710 1682 1743 fabricae
1699 1716 1729 1744 et
1744 1711 1830 1745 illius

1080 1763 1214 1807 collegio
1241 1768 1271 1796 et
1296 1763 1454 1807 deputatis
1478 1764 1634 1798 hactenus
1655 1766 1827 1807 concessis,

1080 1828 1192 1851 omnes
1216 1821 1246 1850 et
1265 1817 1406 1860 singulas
1427 1827 1640 1860 pecumarum
1666 1829 1828 1859 summas,

1080 1882 1131 1904 res
1161 1876 1191 1904 et
1222 1870 1307 1903 bona
1344 1881 1381 1903 ex
1411 1871 1570 1914 quaesfis,
1597 1871 1829 1917 eleemosynis,

1081 1924 1286 1967 indulgentiis
1315 1929 1345 1957 et
1378 1924 1447 1957 aliis
1481 1925 1651 1968 praedictis
1677 1925 1832 1960 hactenus
1866 1941 1869 1943 “

1081 1979 1259 2024 proventis,
1295 1984 1326 2012 et
1358 1989 1457 2022 penes
1499 1984 1563 2011 tam
1597 1979 1804 2024 hospitalium
1822 2007 1829 2022 ‚

1082 2033 1360 2073 monasteriorum,
1372 2033 1614 2077 Redemptionis
1622 2034 1831 2078 captivorum,

1082 2087 1187 2121 Sancti
1214 2086 1319 2120 Helmi
1344 2097 1399 2120 seu
1420 2086 1616 2128 Adhelelmi,
1640 2088 1744 2122 Sancti
1771 2089 1831 2122 Bo-

1080 2141 1125 2174 vis
1142 2168 1149 2181 ,
1186 2140 1292 2174 Sancti
1325 2139 1478 2173 Bernardi
1491 2166 1498 2180 ,
1534 2140 1641 2174 Sancti
1661 2141 1830 2183 Leonardi,

1082 2199 1112 2227 et
1145 2194 1279 2227 Sanctae
1312 2193 1462 2231 Marthae,
1485 2193 1619 2227 Sanctae
1643 2194 1832 2228 Catharinae

1081 2248 1194 2281 Montis
1209 2247 1315 2292 Synai,
1334 2247 1440 2281 Sancti
1456 2247 1531 2289 Viti,
1559 2248 1693 2282 Sanctae
1717 2249 1832 2283 Mariae

1082 2302 1121 2335 de
1144 2302 1174 2335 la
1198 2301 1359 2334 Heremita
1379 2301 1618 2346 praedictorum
1639 2314 1735 2346 quam
1756 2303 1832 2338 alio-

1083 2366 1155 2389 rum
1180 2366 1464 2399 quorumcumque
1497 2356 1704 2400 hospitalium
1724 2384 1731 2397 ,
1765 2368 1833 2390 mo-

1083 2409 1309 2449 nasteriorum,
1333 2409 1540 2442 ecclesiarum
1558 2415 1586 2443 et
1602 2410 1749 2443 locorum
1766 2410 1833 2454 pio-

1083 2474 1168 2503 rum,
1186 2473 1393 2507 quocumque
1409 2462 1538 2496 nomine
1555 2468 1829 2507 nuncupatorum,

1084 2518 1282 2556 quaestores,
1301 2512 1550 2553 commissarios,
1568 2512 1716 2552 nuncios,
1736 2512 1831 2544 mini-

1084 2568 1177 2603 stros,
1195 2562 1424 2602 thesaurarios,
1443 2561 1653 2606 depositarios
1677 2561 1738 2594 sive
1754 2561 1832 2595 alias

1084 2622 1252 2658 personas,
1280 2612 1350 2646 loca
1364 2639 1371 2653 ,
1395 2611 1528 2655 collegia
1548 2617 1579 2645 et
1597 2611 1829 2654 universitates,

1085 2662 1319 2708 cuiuscumque
1333 2661 1463 2706 gradus,
1482 2660 1671 2696 conditionis
1686 2666 1714 2695 et
1731 2661 1832 2706 digni-

1838 257 1885 284 An.
1904 256 1934 284 C.
1953 256 2021 284 45ὴο
