<?xml version="1.0" encoding="UTF-8"?>
<!DOCTYPE html PUBLIC "-//W3C//DTD XHTML 1.0 Transitional//EN"
    "http://www.w3.org/TR/xhtml1/DTD/xhtml1-transitional.dtd">
<html xmlns="http://www.w3.org/1999/xhtml" xml:lang="en" lang="en">
 <head>
  <title>
</title>
<meta http-equiv="Content-Type" content="text/html;charset=utf-8" />
  <meta name='ocr-system' content='tesseract 3.04.00' />
  <meta name='ocr-capabilities' content='ocr_page ocr_carea ocr_par ocr_line ocrx_word'/>
</head>
<body>
  <div class='ocr_page' id='page_1' title='image "./bullarumdiplomat06cath/bullarumdiplomat06cath_0600.png"; bbox 0 0 2227 3001; ppageno 0'>
   <div class='ocr_carea' id='block_1_1' title="bbox 213 274 397 304">
    <p class='ocr_par' dir='ltr' id='par_1_1' title="bbox 213 274 397 304">
     <span class='ocr_line' id='line_1_1' title="bbox 213 274 397 304; baseline 0.011 -3"><span class='ocrx_word' id='word_1_1' title='bbox 213 274 262 302; x_wconf 80' lang='lat' dir='ltr'>An.</span> <span class='ocrx_word' id='word_1_2' title='bbox 279 275 308 304; x_wconf 85' lang='lat' dir='ltr'>C.</span> <span class='ocrx_word' id='word_1_3' title='bbox 329 276 397 303; x_wconf 69' lang='lat'>¹558</span> 
     </span>
    </p>
   </div>
   <div class='ocr_carea' id='block_1_2' title="bbox 208 818 393 875">
    <p class='ocr_par' dir='ltr' id='par_1_2' title="bbox 208 818 393 875">
     <span class='ocr_line' id='line_1_2' title="bbox 223 818 393 839; baseline -0.006 0"><span class='ocrx_word' id='word_1_4' title='bbox 223 818 338 839; x_wconf 74' lang='lat' dir='ltr'>Contrariis</span> <span class='ocrx_word' id='word_1_5' title='bbox 354 818 393 838; x_wconf 83' lang='lat' dir='ltr'>de-</span> 
     </span>
     <span class='ocr_line' id='line_1_3' title="bbox 208 852 275 875; baseline 0 -5"><span class='ocrx_word' id='word_1_6' title='bbox 208 852 275 875; x_wconf 71' lang='lat' dir='ltr'>rogat.</span> 
     </span>
    </p>
   </div>
   <div class='ocr_carea' id='block_1_3' title="bbox 204 2449 388 2508">
    <p class='ocr_par' dir='ltr' id='par_1_3' title="bbox 204 2449 388 2508">
     <span class='ocr_line' id='line_1_4' title="bbox 222 2449 388 2472; baseline 0.006 -2"><span class='ocrx_word' id='word_1_7' title='bbox 222 2449 388 2472; x_wconf 73' lang='lat' dir='ltr'>Publicauonem</span> 
     </span>
     <span class='ocr_line' id='line_1_5' title="bbox 204 2482 322 2508; baseline 0 -6"><span class='ocrx_word' id='word_1_8' title='bbox 204 2482 322 2508; x_wconf 61' lang='lat' dir='ltr'>:ommium</span> 
     </span>
    </p>
   </div>
   <div class='ocr_carea' id='block_1_4' title="bbox 405 265 1165 1552">
    <p class='ocr_par' dir='ltr' id='par_1_4' title="bbox 409 265 1165 748">
     <span class='ocr_line' id='line_1_6' title="bbox 461 265 524 301; baseline 0 0"><span class='ocrx_word' id='word_1_9' title='bbox 461 265 524 301; x_wconf 65' lang='lat'>548</span> 
     </span>
     <span class='ocr_line' id='line_1_7' title="bbox 412 327 1163 375; baseline -0.005 -11"><span class='ocrx_word' id='word_1_10' title='bbox 412 329 597 375; x_wconf 82' lang='lat' dir='ltr'>sumpserit,</span> <span class='ocrx_word' id='word_1_11' title='bbox 615 329 850 373; x_wconf 83' lang='lat' dir='ltr'>cuiuscumque</span> <span class='ocrx_word' id='word_1_12' title='bbox 867 327 1028 372; x_wconf 80' lang='lat' dir='ltr'>dignitatis</span> <span class='ocrx_word' id='word_1_13' title='bbox 1043 327 1163 368; x_wconf 85' lang='lat' dir='ltr'>existat,</span> 
     </span>
     <span class='ocr_line' id='line_1_8' title="bbox 411 381 1163 424; baseline -0.007 -6"><span class='ocrx_word' id='word_1_14' title='bbox 411 385 505 418; x_wconf 86' lang='lat' dir='ltr'>etiam</span> <span class='ocrx_word' id='word_1_15' title='bbox 538 384 562 417; x_wconf 91' lang='lat' dir='ltr'>si</span> <span class='ocrx_word' id='word_1_16' title='bbox 590 384 804 417; x_wconf 76' lang='lat' dir='ltr'>cardinalatus</span> <span class='ocrx_word' id='word_1_17' title='bbox 835 384 958 415; x_wconf 89' lang='lat' dir='ltr'>bonore</span> <span class='ocrx_word' id='word_1_18' title='bbox 991 387 1046 415; x_wconf 88' lang='lat' dir='ltr'>aut</span> <span class='ocrx_word' id='word_1_19' title='bbox 1077 381 1163 424; x_wconf 76' lang='lat' dir='ltr'>regia</span> 
     </span>
     <span class='ocr_line' id='line_1_9' title="bbox 409 434 1162 481; baseline -0.005 -10"><span class='ocrx_word' id='word_1_20' title='bbox 409 439 456 471; x_wconf 75' lang='lat' dir='ltr'>rel</span> <span class='ocrx_word' id='word_1_21' title='bbox 477 438 635 481; x_wconf 87' lang='lat' dir='ltr'>imperiali</span> <span class='ocrx_word' id='word_1_22' title='bbox 657 436 900 480; x_wconf 54' lang='lat' dir='ltr'>praeminentia</span> <span class='ocrx_word' id='word_1_23' title='bbox 925 441 955 468; x_wconf 92' lang='lat' dir='ltr'>et</span> <span class='ocrx_word' id='word_1_24' title='bbox 975 434 1162 468; x_wconf 73' lang='lat' dir='ltr'>excellentia</span> 
     </span>
     <span class='ocr_line' id='line_1_10' title="bbox 409 487 1165 535; baseline -0.007 -11"><span class='ocrx_word' id='word_1_25' title='bbox 409 492 618 535; x_wconf 66' lang='lat' dir='ltr'>praefulgeat,</span> <span class='ocrx_word' id='word_1_26' title='bbox 638 490 706 533; x_wconf 89' lang='lat' dir='ltr'>ipso</span> <span class='ocrx_word' id='word_1_27' title='bbox 723 490 791 521; x_wconf 86' lang='lat' dir='ltr'>iure</span> <span class='ocrx_word' id='word_1_28' title='bbox 809 494 839 521; x_wconf 86' lang='lat' dir='ltr'>et</span> <span class='ocrx_word' id='word_1_29' title='bbox 855 490 936 521; x_wconf 83' lang='lat' dir='ltr'>sacto</span> <span class='ocrx_word' id='word_1_30' title='bbox 953 487 1165 521; x_wconf 70' lang='lat' dir='ltr'>‘anathematis</span> 
     </span>
     <span class='ocr_line' id='line_1_11' title="bbox 411 543 1160 588; baseline -0.005 -10"><span class='ocrx_word' id='word_1_31' title='bbox 411 556 566 578; x_wconf 85' lang='lat' dir='ltr'>mucrone</span> <span class='ocrx_word' id='word_1_32' title='bbox 600 554 773 588; x_wconf 80' lang='lat' dir='ltr'>percussus</span> <span class='ocrx_word' id='word_1_33' title='bbox 802 543 851 583; x_wconf 88' lang='lat' dir='ltr'>sit,</span> <span class='ocrx_word' id='word_1_34' title='bbox 877 548 908 575; x_wconf 79' lang='lat' dir='ltr'>et</span> <span class='ocrx_word' id='word_1_35' title='bbox 928 548 1038 575; x_wconf 85' lang='lat' dir='ltr'>contra</span> <span class='ocrx_word' id='word_1_36' title='bbox 1061 553 1134 575; x_wconf 84' lang='lat' dir='ltr'>eum</span> <span class='ocrx_word' id='word_1_37' title='bbox 1154 569 1160 578; x_wconf 77' lang='lat'>,</span> 
     </span>
     <span class='ocr_line' id='line_1_12' title="bbox 410 595 1163 642; baseline -0.005 -11"><span class='ocrx_word' id='word_1_38' title='bbox 410 604 572 642; x_wconf 83' lang='lat' dir='ltr'>tamquam</span> <span class='ocrx_word' id='word_1_39' title='bbox 597 608 669 629; x_wconf 78' lang='lat' dir='ltr'>vere</span> <span class='ocrx_word' id='word_1_40' title='bbox 696 596 935 629; x_wconf 80' lang='lat' dir='ltr'>schismaticum</span> <span class='ocrx_word' id='word_1_41' title='bbox 970 601 998 628; x_wconf 89' lang='lat' dir='ltr'>et</span> <span class='ocrx_word' id='word_1_42' title='bbox 1026 595 1163 628; x_wconf 83' lang='lat' dir='ltr'>baereti-</span> 
     </span>
     <span class='ocr_line' id='line_1_13' title="bbox 410 648 1160 694; baseline -0.005 -10"><span class='ocrx_word' id='word_1_43' title='bbox 410 662 496 690; x_wconf 71' lang='lat' dir='ltr'>cum,</span> <span class='ocrx_word' id='word_1_44' title='bbox 518 650 649 694; x_wconf 76' lang='lat' dir='ltr'>inquiri,</span> <span class='ocrx_word' id='word_1_45' title='bbox 687 655 714 683; x_wconf 92' lang='lat' dir='ltr'>et</span> <span class='ocrx_word' id='word_1_46' title='bbox 740 656 903 693; x_wconf 84' lang='lat' dir='ltr'>tamquam</span> <span class='ocrx_word' id='word_1_47' title='bbox 939 649 1010 681; x_wconf 87' lang='lat' dir='ltr'>talis</span> <span class='ocrx_word' id='word_1_48' title='bbox 1040 648 1160 692; x_wconf 78' lang='lat' dir='ltr'>puniri,</span> 
     </span>
     <span class='ocr_line' id='line_1_14' title="bbox 410 703 1020 748; baseline -0.007 -10"><span class='ocrx_word' id='word_1_49' title='bbox 410 705 541 748; x_wconf 85' lang='lat' dir='ltr'>eiusque.</span> <span class='ocrx_word' id='word_1_50' title='bbox 563 703 719 736; x_wconf 82' lang='lat' dir='ltr'>memoria</span> <span class='ocrx_word' id='word_1_51' title='bbox 744 703 889 736; x_wconf 87' lang='lat' dir='ltr'>damnari</span> <span class='ocrx_word' id='word_1_52' title='bbox 912 703 1020 746; x_wconf 82' lang='lat' dir='ltr'>possit.</span> 
     </span>
    </p>

    <p class='ocr_par' dir='ltr' id='par_1_5' title="bbox 405 756 1163 1552">
     <span class='ocr_line' id='line_1_15' title="bbox 453 756 1163 801; baseline -0.006 -10"><span class='ocrx_word' id='word_1_53' title='bbox 453 759 467 801; x_wconf 64' lang='grc' dir='ltr'>ξ</span> <span class='ocrx_word' id='word_1_54' title='bbox 494 758 524 791; x_wconf 72' lang='lat'>6.</span> <span class='ocrx_word' id='word_1_55' title='bbox 555 758 623 790; x_wconf 81' lang='lat' dir='ltr'>Non</span> <span class='ocrx_word' id='word_1_56' title='bbox 651 757 851 790; x_wconf 83' lang='lat' dir='ltr'>obstantibus</span> <span class='ocrx_word' id='word_1_57' title='bbox 881 756 1163 789; x_wconf 85' lang='lat' dir='ltr'>constitutionibus</span> 
     </span>
     <span class='ocr_line' id='line_1_16' title="bbox 408 810 1162 854; baseline -0.004 -9"><span class='ocrx_word' id='word_1_58' title='bbox 408 817 438 845; x_wconf 90' lang='lat' dir='ltr'>et</span> <span class='ocrx_word' id='word_1_59' title='bbox 458 811 714 844; x_wconf 70' lang='lat' dir='ltr'>ordinationibus</span> <span class='ocrx_word' id='word_1_60' title='bbox 740 810 924 854; x_wconf 85' lang='lat' dir='ltr'>apostolicis</span> <span class='ocrx_word' id='word_1_61' title='bbox 950 820 1075 842; x_wconf 90' lang='lat' dir='ltr'>necnon</span> <span class='ocrx_word' id='word_1_62' title='bbox 1105 821 1162 842; x_wconf 83' lang='lat' dir='ltr'>eu-</span> 
     </span>
     <span class='ocr_line' id='line_1_17' title="bbox 408 860 1161 907; baseline -0.004 -9"><span class='ocrx_word' id='word_1_63' title='bbox 408 865 503 898; x_wconf 71' lang='lat' dir='ltr'>iusris</span> <span class='ocrx_word' id='word_1_64' title='bbox 542 860 700 898; x_wconf 71' lang='lat' dir='ltr'>conclavis</span> <span class='ocrx_word' id='word_1_65' title='bbox 738 864 906 907; x_wconf 84' lang='lat' dir='ltr'>capitulis,</span> <span class='ocrx_word' id='word_1_66' title='bbox 938 863 1033 896; x_wconf 88' lang='lat' dir='ltr'>etiam</span> <span class='ocrx_word' id='word_1_67' title='bbox 1075 864 1161 896; x_wconf 86' lang='lat' dir='ltr'>iura-</span> 
     </span>
     <span class='ocr_line' id='line_1_18' title="bbox 408 917 1161 961; baseline -0.004 -9"><span class='ocrx_word' id='word_1_68' title='bbox 408 924 528 959; x_wconf 84' lang='lat' dir='ltr'>mento,</span> <span class='ocrx_word' id='word_1_69' title='bbox 551 918 796 952; x_wconf 85' lang='lat' dir='ltr'>confirmatione</span> <span class='ocrx_word' id='word_1_70' title='bbox 827 917 1001 961; x_wconf 83' lang='lat' dir='ltr'>apostolica</span> <span class='ocrx_word' id='word_1_71' title='bbox 1017 918 1064 950; x_wconf 67' lang='lat' dir='ltr'>rel</span> <span class='ocrx_word' id='word_1_72' title='bbox 1081 928 1161 960; x_wconf 89' lang='lat' dir='ltr'>qua-</span> 
     </span>
     <span class='ocr_line' id='line_1_19' title="bbox 405 971 1162 1014; baseline -0.003 -9"><span class='ocrx_word' id='word_1_73' title='bbox 405 972 451 1005; x_wconf 81' lang='lat' dir='ltr'>vis</span> <span class='ocrx_word' id='word_1_74' title='bbox 491 973 642 1005; x_wconf 85' lang='lat' dir='ltr'>firmitate</span> <span class='ocrx_word' id='word_1_75' title='bbox 679 972 740 1004; x_wconf 85' lang='lat' dir='ltr'>alia</span> <span class='ocrx_word' id='word_1_76' title='bbox 778 971 955 1009; x_wconf 78' lang='lat' dir='ltr'>roboratis,</span> <span class='ocrx_word' id='word_1_77' title='bbox 990 971 1162 1014; x_wconf 66' lang='lat' dir='ltr'>privilegiis</span> 
     </span>
     <span class='ocr_line' id='line_1_20' title="bbox 408 1024 1161 1070; baseline -0.005 -11"><span class='ocrx_word' id='word_1_78' title='bbox 408 1037 549 1070; x_wconf 88' lang='lat' dir='ltr'>quoque,</span> <span class='ocrx_word' id='word_1_79' title='bbox 568 1025 701 1058; x_wconf 88' lang='lat' dir='ltr'>indultis</span> <span class='ocrx_word' id='word_1_80' title='bbox 721 1031 748 1058; x_wconf 90' lang='lat' dir='ltr'>et</span> <span class='ocrx_word' id='word_1_81' title='bbox 770 1025 870 1057; x_wconf 86' lang='lat' dir='ltr'>literis</span> <span class='ocrx_word' id='word_1_82' title='bbox 891 1024 1086 1068; x_wconf 79' lang='lat' dir='ltr'>apostolicis,</span> <span class='ocrx_word' id='word_1_83' title='bbox 1102 1025 1161 1057; x_wconf 87' lang='lat' dir='ltr'>sub</span> 
     </span>
     <span class='ocr_line' id='line_1_21' title="bbox 406 1078 1161 1123; baseline -0.001 -11"><span class='ocrx_word' id='word_1_84' title='bbox 406 1080 667 1123; x_wconf 77' lang='lat' dir='ltr'>quibuscumque</span> <span class='ocrx_word' id='word_1_85' title='bbox 702 1079 869 1112; x_wconf 75' lang='lat' dir='ltr'>tenoribus</span> <span class='ocrx_word' id='word_1_86' title='bbox 903 1084 933 1111; x_wconf 85' lang='lat' dir='ltr'>et</span> <span class='ocrx_word' id='word_1_87' title='bbox 966 1078 1092 1117; x_wconf 87' lang='lat' dir='ltr'>formis,</span> <span class='ocrx_word' id='word_1_88' title='bbox 1125 1090 1161 1111; x_wconf 83' lang='lat' dir='ltr'>ae</span> 
     </span>
     <span class='ocr_line' id='line_1_22' title="bbox 407 1132 1162 1177; baseline -0.001 -11"><span class='ocrx_word' id='word_1_89' title='bbox 407 1144 480 1166; x_wconf 89' lang='lat' dir='ltr'>cum</span> <span class='ocrx_word' id='word_1_90' title='bbox 501 1133 676 1177; x_wconf 73' lang='lat' dir='ltr'>quibusvis,</span> <span class='ocrx_word' id='word_1_91' title='bbox 698 1133 792 1166; x_wconf 85' lang='lat' dir='ltr'>etiam</span> <span class='ocrx_word' id='word_1_92' title='bbox 809 1132 1086 1173; x_wconf 62' lang='lat' dir='ltr'>derogatoriaruin</span> <span class='ocrx_word' id='word_1_93' title='bbox 1109 1132 1162 1165; x_wconf 82' lang='lat' dir='ltr'>sle—</span> 
     </span>
     <span class='ocr_line' id='line_1_23' title="bbox 405 1185 1160 1230; baseline -0.001 -11"><span class='ocrx_word' id='word_1_94' title='bbox 405 1188 574 1229; x_wconf 75' lang='lat' dir='ltr'>rogatoriis</span> <span class='ocrx_word' id='word_1_95' title='bbox 611 1187 745 1230; x_wconf 82' lang='lat' dir='ltr'>aliisque</span> <span class='ocrx_word' id='word_1_96' title='bbox 782 1185 1017 1219; x_wconf 84' lang='lat' dir='ltr'>elticacioribus</span> <span class='ocrx_word' id='word_1_97' title='bbox 1053 1190 1083 1218; x_wconf 80' lang='lat' dir='ltr'>et</span> <span class='ocrx_word' id='word_1_98' title='bbox 1112 1186 1160 1218; x_wconf 81' lang='lat' dir='ltr'>in-</span> 
     </span>
     <span class='ocr_line' id='line_1_24' title="bbox 406 1240 1159 1279; baseline -0.001 -6"><span class='ocrx_word' id='word_1_99' title='bbox 406 1240 516 1279; x_wconf 86' lang='lat' dir='ltr'>solitis,</span> <span class='ocrx_word' id='word_1_100' title='bbox 553 1241 715 1279; x_wconf 81' lang='lat' dir='ltr'>clausulis,</span> <span class='ocrx_word' id='word_1_101' title='bbox 752 1251 878 1273; x_wconf 86' lang='lat' dir='ltr'>necnon</span> <span class='ocrx_word' id='word_1_102' title='bbox 909 1240 1108 1272; x_wconf 86' lang='lat' dir='ltr'>irritantibus</span> <span class='ocrx_word' id='word_1_103' title='bbox 1131 1246 1159 1272; x_wconf 86' lang='lat' dir='ltr'>et</span> 
     </span>
     <span class='ocr_line' id='line_1_25' title="bbox 405 1293 1162 1337; baseline -0.003 -10"><span class='ocrx_word' id='word_1_104' title='bbox 405 1294 475 1327; x_wconf 87' lang='lat' dir='ltr'>aliis</span> <span class='ocrx_word' id='word_1_105' title='bbox 490 1294 637 1334; x_wconf 85' lang='lat' dir='ltr'>decretis,</span> <span class='ocrx_word' id='word_1_106' title='bbox 655 1294 820 1337; x_wconf 68' lang='lat' dir='ltr'>quibusvis</span> <span class='ocrx_word' id='word_1_107' title='bbox 837 1293 983 1337; x_wconf 86' lang='lat' dir='ltr'>personis</span> <span class='ocrx_word' id='word_1_108' title='bbox 995 1293 1054 1326; x_wconf 76' lang='lat' dir='ltr'>sub</span> <span class='ocrx_word' id='word_1_109' title='bbox 1070 1304 1162 1337; x_wconf 86' lang='lat' dir='ltr'>prae-</span> 
     </span>
     <span class='ocr_line' id='line_1_26' title="bbox 405 1348 1160 1391; baseline -0.001 -11"><span class='ocrx_word' id='word_1_110' title='bbox 405 1348 547 1381; x_wconf 80' lang='lat' dir='ltr'>sentibus</span> <span class='ocrx_word' id='word_1_111' title='bbox 573 1348 832 1391; x_wconf 84' lang='lat' dir='ltr'>comprehensis,</span> <span class='ocrx_word' id='word_1_112' title='bbox 860 1359 917 1391; x_wconf 90' lang='lat' dir='ltr'>per</span> <span class='ocrx_word' id='word_1_113' title='bbox 936 1358 1160 1391; x_wconf 71' lang='lat' dir='ltr'>quoscuimlue</span> 
     </span>
     <span class='ocr_line' id='line_1_27' title="bbox 405 1392 1161 1444; baseline -0.003 -9"><span class='ocrx_word' id='word_1_114' title='bbox 405 1402 566 1435; x_wconf 82' lang='lat' dir='ltr'>Romanos</span> <span class='ocrx_word' id='word_1_115' title='bbox 576 1401 746 1435; x_wconf 85' lang='lat' dir='ltr'>Pontitiees</span> <span class='ocrx_word' id='word_1_116' title='bbox 758 1392 1020 1444; x_wconf 78' lang='lat' dir='ltr'>praedecessores</span> <span class='ocrx_word' id='word_1_117' title='bbox 1035 1405 1161 1433; x_wconf 83' lang='lat' dir='ltr'>nostros</span> 
     </span>
     <span class='ocr_line' id='line_1_28' title="bbox 405 1454 1159 1498; baseline -0.003 -10"><span class='ocrx_word' id='word_1_118' title='bbox 405 1466 442 1488; x_wconf 88' lang='lat' dir='ltr'>ac</span> <span class='ocrx_word' id='word_1_119' title='bbox 461 1466 520 1488; x_wconf 84' lang='lat' dir='ltr'>nos</span> <span class='ocrx_word' id='word_1_120' title='bbox 536 1461 562 1488; x_wconf 90' lang='lat' dir='ltr'>et</span> <span class='ocrx_word' id='word_1_121' title='bbox 585 1456 698 1488; x_wconf 71' lang='lat' dir='ltr'>Sedent</span> <span class='ocrx_word' id='word_1_122' title='bbox 716 1455 942 1498; x_wconf 75' lang='lat' dir='ltr'>Apostolicam,</span> <span class='ocrx_word' id='word_1_123' title='bbox 959 1454 1052 1487; x_wconf 82' lang='lat' dir='ltr'>etiam</span> <span class='ocrx_word' id='word_1_124' title='bbox 1070 1459 1159 1487; x_wconf 87' lang='lat' dir='ltr'>motu</span> 
     </span>
     <span class='ocr_line' id='line_1_29' title="bbox 406 1507 1161 1552; baseline 0 -11"><span class='ocrx_word' id='word_1_125' title='bbox 406 1508 538 1552; x_wconf 85' lang='lat' dir='ltr'>proprio</span> <span class='ocrx_word' id='word_1_126' title='bbox 559 1515 589 1541; x_wconf 85' lang='lat' dir='ltr'>et</span> <span class='ocrx_word' id='word_1_127' title='bbox 610 1520 644 1541; x_wconf 85' lang='lat' dir='ltr'>ex</span> <span class='ocrx_word' id='word_1_128' title='bbox 664 1515 749 1541; x_wconf 85' lang='lat' dir='ltr'>certa</span> <span class='ocrx_word' id='word_1_129' title='bbox 767 1508 909 1548; x_wconf 82' lang='lat' dir='ltr'>scientia,</span> <span class='ocrx_word' id='word_1_130' title='bbox 933 1519 969 1540; x_wconf 83' lang='lat' dir='ltr'>ac</span> <span class='ocrx_word' id='word_1_131' title='bbox 991 1507 1085 1541; x_wconf 88' lang='lat' dir='ltr'>simili</span> <span class='ocrx_word' id='word_1_132' title='bbox 1107 1519 1161 1551; x_wconf 88' lang='lat' dir='ltr'>po-</span> 
     </span>
    </p>
   </div>
   <div class='ocr_carea' id='block_1_5' title="bbox 405 1557 1188 1601">
    <p class='ocr_par' dir='ltr' id='par_1_6' title="bbox 405 1557 1188 1601">
     <span class='ocr_line' id='line_1_30' title="bbox 405 1557 1188 1601; baseline -0.003 -10"><span class='ocrx_word' id='word_1_133' title='bbox 405 1558 524 1591; x_wconf 80' lang='lat' dir='ltr'>testatis</span> <span class='ocrx_word' id='word_1_134' title='bbox 556 1558 774 1601; x_wconf 86' lang='lat' dir='ltr'>plenitudine,</span> <span class='ocrx_word' id='word_1_135' title='bbox 806 1563 861 1590; x_wconf 86' lang='lat' dir='ltr'>aut</span> <span class='ocrx_word' id='word_1_136' title='bbox 896 1557 1188 1590; x_wconf 51' lang='lat' dir='ltr'>consistorialiter*</span> 
     </span>
    </p>
   </div>
   <div class='ocr_carea' id='block_1_6' title="bbox 401 1606 1160 2584">
    <p class='ocr_par' dir='ltr' id='par_1_7' title="bbox 401 1606 1160 2387">
     <span class='ocr_line' id='line_1_31' title="bbox 405 1606 1155 1651; baseline -0.003 -11"><span class='ocrx_word' id='word_1_137' title='bbox 405 1618 460 1640; x_wconf 83' lang='lat' dir='ltr'>seu</span> <span class='ocrx_word' id='word_1_138' title='bbox 471 1607 547 1640; x_wconf 85' lang='lat' dir='ltr'>alias</span> <span class='ocrx_word' id='word_1_139' title='bbox 559 1607 799 1651; x_wconf 73' lang='lat' dir='ltr'>quomodolibet</span> <span class='ocrx_word' id='word_1_140' title='bbox 817 1607 977 1640; x_wconf 75' lang='lat' dir='ltr'>concessis</span> <span class='ocrx_word' id='word_1_141' title='bbox 990 1613 1019 1639; x_wconf 83' lang='lat' dir='ltr'>et</span> <span class='ocrx_word' id='word_1_142' title='bbox 1034 1606 1128 1639; x_wconf 86' lang='lat' dir='ltr'>etiam</span> <span class='ocrx_word' id='word_1_143' title='bbox 1148 1606 1155 1633; x_wconf 82' lang='lat' dir='ltr'>l</span> 
     </span>
     <span class='ocr_line' id='line_1_32' title="bbox 404 1655 1159 1701; baseline -0.003 -12"><span class='ocrx_word' id='word_1_144' title='bbox 404 1656 441 1694; x_wconf 84' lang='lat' dir='ltr'>si,</span> <span class='ocrx_word' id='word_1_145' title='bbox 464 1667 523 1701; x_wconf 87' lang='lat' dir='ltr'>pro</span> <span class='ocrx_word' id='word_1_146' title='bbox 545 1656 673 1689; x_wconf 91' lang='lat' dir='ltr'>illorum</span> <span class='ocrx_word' id='word_1_147' title='bbox 696 1655 865 1689; x_wconf 81' lang='lat' dir='ltr'>sufficienti</span> <span class='ocrx_word' id='word_1_148' title='bbox 882 1655 1102 1698; x_wconf 68' lang='lat' dir='ltr'>derogatione,</span> <span class='ocrx_word' id='word_1_149' title='bbox 1121 1656 1159 1687; x_wconf 67' lang='lat' dir='ltr'>tle</span> 
     </span>
     <span class='ocr_line' id='line_1_33' title="bbox 405 1704 1157 1749; baseline -0.003 -11"><span class='ocrx_word' id='word_1_150' title='bbox 405 1706 466 1739; x_wconf 83' lang='lat' dir='ltr'>illis</span> <span class='ocrx_word' id='word_1_151' title='bbox 493 1717 671 1749; x_wconf 85' lang='lat' dir='ltr'>eorumque</span> <span class='ocrx_word' id='word_1_152' title='bbox 698 1705 771 1738; x_wconf 90' lang='lat' dir='ltr'>totis</span> <span class='ocrx_word' id='word_1_153' title='bbox 800 1705 966 1738; x_wconf 76' lang='lat' dir='ltr'>tenorilms</span> <span class='ocrx_word' id='word_1_154' title='bbox 993 1704 1157 1748; x_wconf 81' lang='lat' dir='ltr'>specialis,</span> 
     </span>
     <span class='ocr_line' id='line_1_34' title="bbox 404 1754 1159 1797; baseline 0.001 -11"><span class='ocrx_word' id='word_1_155' title='bbox 404 1754 571 1797; x_wconf 75' lang='lat' dir='ltr'>specifica,</span> <span class='ocrx_word' id='word_1_156' title='bbox 604 1765 753 1797; x_wconf 80' lang='lat' dir='ltr'>expressa</span> <span class='ocrx_word' id='word_1_157' title='bbox 788 1759 818 1787; x_wconf 90' lang='lat' dir='ltr'>et</span> <span class='ocrx_word' id='word_1_158' title='bbox 851 1754 1015 1786; x_wconf 75' lang='lat' dir='ltr'>individua</span> <span class='ocrx_word' id='word_1_159' title='bbox 1046 1766 1083 1787; x_wconf 82' lang='lat' dir='ltr'>ae</span> <span class='ocrx_word' id='word_1_160' title='bbox 1122 1754 1159 1787; x_wconf 84' lang='lat' dir='ltr'>de</span> 
     </span>
     <span class='ocr_line' id='line_1_35' title="bbox 402 1803 1160 1847; baseline 0.001 -12"><span class='ocrx_word' id='word_1_161' title='bbox 402 1803 497 1836; x_wconf 80' lang='lat' dir='ltr'>verbo</span> <span class='ocrx_word' id='word_1_162' title='bbox 518 1804 556 1835; x_wconf 85' lang='lat' dir='ltr'>ad</span> <span class='ocrx_word' id='word_1_163' title='bbox 573 1803 719 1842; x_wconf 70' lang='lat' dir='ltr'>verbum,</span> <span class='ocrx_word' id='word_1_164' title='bbox 742 1814 806 1836; x_wconf 87' lang='lat' dir='ltr'>non</span> <span class='ocrx_word' id='word_1_165' title='bbox 828 1809 935 1836; x_wconf 85' lang='lat' dir='ltr'>autem</span> <span class='ocrx_word' id='word_1_166' title='bbox 959 1815 1015 1847; x_wconf 91' lang='lat' dir='ltr'>per</span> <span class='ocrx_word' id='word_1_167' title='bbox 1035 1805 1160 1836; x_wconf 88' lang='lat' dir='ltr'>clausu-</span> 
     </span>
     <span class='ocr_line' id='line_1_36' title="bbox 401 1852 1158 1896; baseline 0.003 -13"><span class='ocrx_word' id='word_1_168' title='bbox 401 1852 446 1884; x_wconf 85' lang='lat' dir='ltr'>las</span> <span class='ocrx_word' id='word_1_169' title='bbox 474 1853 639 1895; x_wconf 74' lang='lat' dir='ltr'>generales</span> <span class='ocrx_word' id='word_1_170' title='bbox 669 1852 752 1885; x_wconf 89' lang='lat' dir='ltr'>idem</span> <span class='ocrx_word' id='word_1_171' title='bbox 784 1852 1007 1896; x_wconf 84' lang='lat' dir='ltr'>importantes,</span> <span class='ocrx_word' id='word_1_172' title='bbox 1039 1853 1158 1885; x_wconf 87' lang='lat' dir='ltr'>mentio</span> 
     </span>
     <span class='ocr_line' id='line_1_37' title="bbox 401 1901 1157 1945; baseline 0.001 -12"><span class='ocrx_word' id='word_1_173' title='bbox 401 1912 457 1933; x_wconf 84' lang='lat' dir='ltr'>sen</span> <span class='ocrx_word' id='word_1_174' title='bbox 491 1901 620 1945; x_wconf 68' lang='lat' dir='ltr'>quaeris</span> <span class='ocrx_word' id='word_1_175' title='bbox 646 1901 707 1934; x_wconf 90' lang='lat' dir='ltr'>alia</span> <span class='ocrx_word' id='word_1_176' title='bbox 736 1902 898 1944; x_wconf 73' lang='lat' dir='ltr'>expressio</span> <span class='ocrx_word' id='word_1_177' title='bbox 919 1902 1080 1942; x_wconf 82' lang='lat' dir='ltr'>habenda,</span> <span class='ocrx_word' id='word_1_178' title='bbox 1104 1907 1157 1934; x_wconf 87' lang='lat' dir='ltr'>aut</span> 
     </span>
     <span class='ocr_line' id='line_1_38' title="bbox 401 1950 1155 1994; baseline 0.001 -12"><span class='ocrx_word' id='word_1_179' title='bbox 401 1950 507 1994; x_wconf 88' lang='lat' dir='ltr'>aliqua</span> <span class='ocrx_word' id='word_1_180' title='bbox 542 1950 698 1993; x_wconf 71' lang='lat' dir='ltr'>exspiisita</span> <span class='ocrx_word' id='word_1_181' title='bbox 737 1951 839 1983; x_wconf 81' lang='lat' dir='ltr'>forma</span> <span class='ocrx_word' id='word_1_182' title='bbox 874 1952 1029 1983; x_wconf 75' lang='lat' dir='ltr'>servanda</span> <span class='ocrx_word' id='word_1_183' title='bbox 1063 1956 1155 1991; x_wconf 82' lang='lat' dir='ltr'>esset,</span> 
     </span>
     <span class='ocr_line' id='line_1_39' title="bbox 402 1999 1159 2039; baseline 0.001 -8"><span class='ocrx_word' id='word_1_184' title='bbox 402 2004 529 2032; x_wconf 82' lang='lat' dir='ltr'>tenores</span> <span class='ocrx_word' id='word_1_185' title='bbox 545 1999 742 2039; x_wconf 80' lang='lat' dir='ltr'>huiusmodi,</span> <span class='ocrx_word' id='word_1_186' title='bbox 764 2011 799 2032; x_wconf 80' lang='lat' dir='ltr'>ae</span> <span class='ocrx_word' id='word_1_187' title='bbox 820 1999 844 2032; x_wconf 89' lang='lat' dir='ltr'>si</span> <span class='ocrx_word' id='word_1_188' title='bbox 866 2000 903 2033; x_wconf 86' lang='lat' dir='ltr'>de</span> <span class='ocrx_word' id='word_1_189' title='bbox 924 2000 1020 2033; x_wconf 78' lang='lat' dir='ltr'>verbo</span> <span class='ocrx_word' id='word_1_190' title='bbox 1038 2000 1076 2032; x_wconf 89' lang='lat' dir='ltr'>ad</span> <span class='ocrx_word' id='word_1_191' title='bbox 1093 2011 1159 2033; x_wconf 72' lang='lat' dir='ltr'>ver-</span> 
     </span>
     <span class='ocr_line' id='line_1_40' title="bbox 401 2047 1157 2092; baseline 0.001 -12"><span class='ocrx_word' id='word_1_192' title='bbox 401 2047 491 2087; x_wconf 88' lang='lat' dir='ltr'>bum,</span> <span class='ocrx_word' id='word_1_193' title='bbox 518 2048 596 2081; x_wconf 86' lang='lat' dir='ltr'>nibil</span> <span class='ocrx_word' id='word_1_194' title='bbox 634 2049 761 2092; x_wconf 88' lang='lat' dir='ltr'>penitus</span> <span class='ocrx_word' id='word_1_195' title='bbox 790 2049 908 2081; x_wconf 73' lang='lat' dir='ltr'>omisso</span> <span class='ocrx_word' id='word_1_196' title='bbox 940 2054 970 2081; x_wconf 86' lang='lat' dir='ltr'>et</span> <span class='ocrx_word' id='word_1_197' title='bbox 1003 2050 1106 2082; x_wconf 85' lang='lat' dir='ltr'>forma</span> <span class='ocrx_word' id='word_1_198' title='bbox 1127 2049 1157 2081; x_wconf 93' lang='lat' dir='ltr'>in</span> 
     </span>
     <span class='ocr_line' id='line_1_41' title="bbox 403 2097 1159 2142; baseline 0.003 -13"><span class='ocrx_word' id='word_1_199' title='bbox 403 2097 464 2130; x_wconf 91' lang='lat' dir='ltr'>illis</span> <span class='ocrx_word' id='word_1_200' title='bbox 484 2099 596 2130; x_wconf 85' lang='lat' dir='ltr'>tradita</span> <span class='ocrx_word' id='word_1_201' title='bbox 613 2098 790 2137; x_wconf 82' lang='lat' dir='ltr'>observata,</span> <span class='ocrx_word' id='word_1_202' title='bbox 809 2098 918 2131; x_wconf 80' lang='lat' dir='ltr'>inserti</span> <span class='ocrx_word' id='word_1_203' title='bbox 940 2099 1055 2138; x_wconf 81' lang='lat' dir='ltr'>forent,</span> <span class='ocrx_word' id='word_1_204' title='bbox 1068 2110 1159 2142; x_wconf 83' lang='lat' dir='ltr'>prae-</span> 
     </span>
     <span class='ocr_line' id='line_1_42' title="bbox 403 2146 1158 2189; baseline 0.001 -11"><span class='ocrx_word' id='word_1_205' title='bbox 403 2146 546 2179; x_wconf 87' lang='lat' dir='ltr'>sentibus</span> <span class='ocrx_word' id='word_1_206' title='bbox 561 2158 619 2189; x_wconf 88' lang='lat' dir='ltr'>pro</span> <span class='ocrx_word' id='word_1_207' title='bbox 639 2146 795 2189; x_wconf 74' lang='lat' dir='ltr'>expressis</span> <span class='ocrx_word' id='word_1_208' title='bbox 812 2148 978 2185; x_wconf 80' lang='lat' dir='ltr'>babentes,</span> <span class='ocrx_word' id='word_1_209' title='bbox 1000 2147 1061 2180; x_wconf 92' lang='lat' dir='ltr'>illis</span> <span class='ocrx_word' id='word_1_210' title='bbox 1082 2147 1158 2180; x_wconf 83' lang='lat' dir='ltr'>alias</span> 
     </span>
     <span class='ocr_line' id='line_1_43' title="bbox 403 2194 1159 2238; baseline 0.003 -11"><span class='ocrx_word' id='word_1_211' title='bbox 403 2194 435 2227; x_wconf 92' lang='lat' dir='ltr'>in</span> <span class='ocrx_word' id='word_1_212' title='bbox 451 2206 508 2227; x_wconf 88' lang='lat' dir='ltr'>sua</span> <span class='ocrx_word' id='word_1_213' title='bbox 524 2196 638 2228; x_wconf 73' lang='lat' dir='ltr'>robore</span> <span class='ocrx_word' id='word_1_214' title='bbox 658 2197 889 2238; x_wconf 75' lang='lat' dir='ltr'>permansuris,</span> <span class='ocrx_word' id='word_1_215' title='bbox 906 2197 966 2230; x_wconf 85' lang='lat' dir='ltr'>hac</span> <span class='ocrx_word' id='word_1_216' title='bbox 982 2197 1049 2229; x_wconf 69' lang='lat' dir='ltr'>vice</span> <span class='ocrx_word' id='word_1_217' title='bbox 1066 2197 1159 2229; x_wconf 88' lang='lat' dir='ltr'>dum-</span> 
     </span>
     <span class='ocr_line' id='line_1_44' title="bbox 402 2245 1159 2289; baseline 0.001 -13"><span class='ocrx_word' id='word_1_218' title='bbox 402 2249 497 2284; x_wconf 87' lang='lat' dir='ltr'>taxat,</span> <span class='ocrx_word' id='word_1_219' title='bbox 529 2245 710 2287; x_wconf 68' lang='lat' dir='ltr'>specialiter</span> <span class='ocrx_word' id='word_1_220' title='bbox 733 2251 760 2278; x_wconf 86' lang='lat' dir='ltr'>el</span> <span class='ocrx_word' id='word_1_221' title='bbox 791 2257 938 2289; x_wconf 82' lang='lat' dir='ltr'>expresse</span> <span class='ocrx_word' id='word_1_222' title='bbox 964 2246 1159 2289; x_wconf 72' lang='lat' dir='ltr'>derogamus</span> 
     </span>
     <span class='ocr_line' id='line_1_45' title="bbox 404 2293 1157 2335; baseline 0.001 -9"><span class='ocrx_word' id='word_1_223' title='bbox 404 2299 434 2326; x_wconf 86' lang='lat' dir='ltr'>et</span> <span class='ocrx_word' id='word_1_224' title='bbox 445 2293 640 2326; x_wconf 78' lang='lat' dir='ltr'>sullicientcr</span> <span class='ocrx_word' id='word_1_225' title='bbox 656 2294 844 2334; x_wconf 57' lang='lat' dir='ltr'>derogatum</span> <span class='ocrx_word' id='word_1_226' title='bbox 862 2306 930 2327; x_wconf 82' lang='lat' dir='ltr'>esse</span> <span class='ocrx_word' id='word_1_227' title='bbox 941 2295 1157 2335; x_wconf 84' lang='lat' dir='ltr'>decernimus,</span> 
     </span>
     <span class='ocr_line' id='line_1_46' title="bbox 404 2343 1066 2387; baseline 0.003 -12"><span class='ocrx_word' id='word_1_228' title='bbox 404 2343 583 2385; x_wconf 85' lang='lat' dir='ltr'>ceterisque</span> <span class='ocrx_word' id='word_1_229' title='bbox 604 2343 773 2375; x_wconf 81' lang='lat' dir='ltr'>contrariis</span> <span class='ocrx_word' id='word_1_230' title='bbox 791 2344 1066 2387; x_wconf 74' lang='lat' dir='ltr'>quibuscumque.</span> 
     </span>
    </p>

    <p class='ocr_par' dir='ltr' id='par_1_8' title="bbox 405 2392 1158 2584">
     <span class='ocr_line' id='line_1_47' title="bbox 447 2392 1158 2435; baseline 0.001 -10"><span class='ocrx_word' id='word_1_231' title='bbox 447 2392 462 2435; x_wconf 60' lang='grc' dir='ltr'><strong>ἓ</strong></span> <span class='ocrx_word' id='word_1_232' title='bbox 488 2392 517 2425; x_wconf 90' lang='lat'>7.</span> <span class='ocrx_word' id='word_1_233' title='bbox 558 2392 596 2424; x_wconf 87' lang='lat' dir='ltr'>Ut</span> <span class='ocrx_word' id='word_1_234' title='bbox 624 2398 730 2424; x_wconf 87' lang='lat' dir='ltr'>autem</span> <span class='ocrx_word' id='word_1_235' title='bbox 762 2399 945 2435; x_wconf 75' lang='lat' dir='ltr'>praesentes</span> <span class='ocrx_word' id='word_1_236' title='bbox 979 2393 1090 2426; x_wconf 87' lang='lat' dir='ltr'>literae</span> <span class='ocrx_word' id='word_1_237' title='bbox 1120 2394 1158 2426; x_wconf 87' lang='lat' dir='ltr'>ad</span> 
     </span>
     <span class='ocr_line' id='line_1_48' title="bbox 405 2440 1158 2484; baseline 0.003 -11"><span class='ocrx_word' id='word_1_238' title='bbox 405 2440 561 2482; x_wconf 90' lang='lat' dir='ltr'>omnium,</span> <span class='ocrx_word' id='word_1_239' title='bbox 578 2452 719 2484; x_wconf 89' lang='lat' dir='ltr'>quorum</span> <span class='ocrx_word' id='word_1_240' title='bbox 736 2441 878 2481; x_wconf 72' lang='lat' dir='ltr'>interest,</span> <span class='ocrx_word' id='word_1_241' title='bbox 897 2442 1041 2475; x_wconf 74' lang='lat' dir='ltr'>notitiam</span> <span class='ocrx_word' id='word_1_242' title='bbox 1060 2443 1158 2475; x_wconf 86' lang='lat' dir='ltr'>dedu-</span> 
     </span>
     <span class='ocr_line' id='line_1_49' title="bbox 405 2490 1156 2533; baseline 0 -10"><span class='ocrx_word' id='word_1_243' title='bbox 405 2495 529 2531; x_wconf 79' lang='lat' dir='ltr'>cantur,</span> <span class='ocrx_word' id='word_1_244' title='bbox 564 2500 622 2522; x_wconf 87' lang='lat' dir='ltr'>nee</span> <span class='ocrx_word' id='word_1_245' title='bbox 657 2490 772 2533; x_wconf 85' lang='lat' dir='ltr'>aliquis</span> <span class='ocrx_word' id='word_1_246' title='bbox 802 2501 913 2523; x_wconf 86' lang='lat' dir='ltr'>earum</span> <span class='ocrx_word' id='word_1_247' title='bbox 944 2491 1156 2533; x_wconf 77' lang='lat' dir='ltr'>ignorantiam</span> 
     </span>
     <span class='ocr_line' id='line_1_50' title="bbox 405 2539 1157 2584; baseline 0 -12"><span class='ocrx_word' id='word_1_248' title='bbox 405 2539 614 2584; x_wconf 75' lang='lat' dir='ltr'>praetendere</span> <span class='ocrx_word' id='word_1_249' title='bbox 640 2539 752 2580; x_wconf 84' lang='lat' dir='ltr'>valeat,</span> <span class='ocrx_word' id='word_1_250' title='bbox 775 2540 922 2572; x_wconf 83' lang='lat' dir='ltr'>volumus</span> <span class='ocrx_word' id='word_1_251' title='bbox 943 2551 996 2573; x_wconf 86' lang='lat' dir='ltr'>eas</span> <span class='ocrx_word' id='word_1_252' title='bbox 1021 2540 1053 2572; x_wconf 92' lang='lat' dir='ltr'>in</span> <span class='ocrx_word' id='word_1_253' title='bbox 1074 2540 1157 2573; x_wconf 85' lang='lat' dir='ltr'>basi-</span> 
     </span>
    </p>
   </div>
   <div class='ocr_carea' id='block_1_7' title="bbox 404 2598 1159 2713">
    <p class='ocr_par' dir='ltr' id='par_1_9' title="bbox 404 2598 1159 2713">
     <span class='ocr_line' id='line_1_51' title="bbox 443 2598 1159 2629; baseline 0 -6"><span class='ocrx_word' id='word_1_254' title='bbox 443 2599 451 2622; x_wconf 88' lang='lat'>1</span> <span class='ocrx_word' id='word_1_255' title='bbox 471 2598 502 2623; x_wconf 81' lang='lat' dir='ltr'>Et</span> <span class='ocrx_word' id='word_1_256' title='bbox 520 2599 599 2623; x_wconf 73' lang='lat' dir='ltr'>etium</span> <span class='ocrx_word' id='word_1_257' title='bbox 616 2599 720 2623; x_wconf 74' lang='lat' dir='ltr'>iteratis</span> <span class='ocrx_word' id='word_1_258' title='bbox 737 2598 834 2623; x_wconf 62' lang='lat' dir='ltr'>‘ric-ibus</span> <span class='ocrx_word' id='word_1_259' title='bbox 859 2600 1015 2629; x_wconf 64' lang='lat' dir='ltr'>«plffolmtis</span> <span class='ocrx_word' id='word_1_260' title='bbox 1038 2602 1062 2623; x_wconf 85' lang='lat' dir='ltr'>et</span> <span class='ocrx_word' id='word_1_261' title='bbox 1082 2601 1159 2624; x_wconf 75' lang='lat' dir='ltr'>inno-</span> 
     </span>
     <span class='ocr_line' id='line_1_52' title="bbox 404 2639 1157 2670; baseline 0.005 -9"><span class='ocrx_word' id='word_1_262' title='bbox 404 2640 482 2667; x_wconf 63' lang='lat' dir='ltr'>vatis,</span> <span class='ocrx_word' id='word_1_263' title='bbox 503 2640 594 2669; x_wconf 68' lang='lat' dir='ltr'>quibus</span> <span class='ocrx_word' id='word_1_264' title='bbox 613 2639 744 2668; x_wconf 65' lang='lat' dir='ltr'>(uiuimus,</span> <span class='ocrx_word' id='word_1_265' title='bbox 763 2639 875 2669; x_wconf 77' lang='lat' dir='ltr'>etiamsi,</span> <span class='ocrx_word' id='word_1_266' title='bbox 893 2646 943 2669; x_wconf 79' lang='lat' dir='ltr'>pro</span> <span class='ocrx_word' id='word_1_267' title='bbox 960 2639 1068 2664; x_wconf 64' lang='lat' dir='ltr'>illorum</span> <span class='ocrx_word' id='word_1_268' title='bbox 1095 2642 1157 2670; x_wconf 60' lang='lat' dir='ltr'>etc.⁷</span> 
     </span>
     <span class='ocr_line' id='line_1_53' title="bbox 405 2677 803 2713; baseline 0 -10"><span class='ocrx_word' id='word_1_269' title='bbox 405 2677 521 2707; x_wconf 74' lang='lat' dir='ltr'>Cherub.</span> <span class='ocrx_word' id='word_1_270' title='bbox 538 2682 564 2705; x_wconf 87' lang='lat' dir='ltr'>et</span> <span class='ocrx_word' id='word_1_271' title='bbox 586 2677 677 2704; x_wconf 60' lang='lat' dir='ltr'>Manu.</span> <span class='ocrx_word' id='word_1_272' title='bbox 696 2678 734 2713; x_wconf 81' lang='lat' dir='ltr'>(n.</span> <span class='ocrx_word' id='word_1_273' title='bbox 751 2677 803 2713; x_wconf 81' lang='lat' dir='ltr'>T.).</span> 
     </span>
    </p>
   </div>
   <div class='ocr_carea' id='block_1_8' title="bbox 1179 812 1185 1883">
    <p class='ocr_par' dir='ltr' id='par_1_10' title="bbox 1179 812 1185 1883">
     <span class='ocr_line' id='line_1_54' title="bbox 1179 812 1185 1883; baseline 0 0"><span class='ocrx_word' id='word_1_274' title='bbox 1179 812 1185 1883; x_wconf 95' lang='lat' dir='ltr'> </span> 
     </span>
    </p>
   </div>
   <div class='ocr_carea' id='block_1_9' title="bbox 1036 271 1388 298">
    <p class='ocr_par' dir='ltr' id='par_1_11' title="bbox 1036 271 1388 298">
     <span class='ocr_line' id='line_1_55' title="bbox 1036 271 1388 298; baseline -0.003 -1"><span class='ocrx_word' id='word_1_275' title='bbox 1036 273 1215 298; x_wconf 78' lang='lat' dir='ltr'><strong>RULLARIUM</strong></span> <span class='ocrx_word' id='word_1_276' title='bbox 1236 271 1388 297; x_wconf 63' lang='grc' dir='ltr'>ΠΟΜᾸΝΠΜ</span> 
     </span>
    </p>
   </div>
   <div class='ocr_carea' id='block_1_10' title="bbox 1202 323 1963 1599">
    <p class='ocr_par' dir='ltr' id='par_1_12' title="bbox 1206 323 1963 786">
     <span class='ocr_line' id='line_1_56' title="bbox 1207 323 1963 369; baseline -0.003 -10"><span class='ocrx_word' id='word_1_277' title='bbox 1207 326 1286 359; x_wconf 81' lang='lat' dir='ltr'>licae</span> <span class='ocrx_word' id='word_1_278' title='bbox 1318 323 1475 369; x_wconf 78' lang='lat' dir='ltr'>Principis</span> <span class='ocrx_word' id='word_1_279' title='bbox 1507 325 1734 369; x_wconf 83' lang='lat' dir='ltr'>Apostolorum</span> <span class='ocrx_word' id='word_1_280' title='bbox 1761 323 1799 358; x_wconf 88' lang='lat' dir='ltr'>de</span> <span class='ocrx_word' id='word_1_281' title='bbox 1820 323 1904 358; x_wconf 83' lang='lat' dir='ltr'>Urbe</span> <span class='ocrx_word' id='word_1_282' title='bbox 1932 330 1963 358; x_wconf 90' lang='lat' dir='ltr'>et</span> 
     </span>
     <span class='ocr_line' id='line_1_57' title="bbox 1206 378 1959 422; baseline -0.001 -11"><span class='ocrx_word' id='word_1_283' title='bbox 1206 379 1425 411; x_wconf 83' lang='lat' dir='ltr'>Cancellariae</span> <span class='ocrx_word' id='word_1_284' title='bbox 1445 378 1674 422; x_wconf 78' lang='lat' dir='ltr'>Apostolioaet</span> <span class='ocrx_word' id='word_1_285' title='bbox 1699 389 1735 412; x_wconf 86' lang='lat' dir='ltr'>ac</span> <span class='ocrx_word' id='word_1_286' title='bbox 1752 378 1818 411; x_wconf 89' lang='lat' dir='ltr'>acie</span> <span class='ocrx_word' id='word_1_287' title='bbox 1849 378 1959 421; x_wconf 86' lang='lat' dir='ltr'>Campi</span> 
     </span>
     <span class='ocr_line' id='line_1_58' title="bbox 1207 432 1958 476; baseline 0 -11"><span class='ocrx_word' id='word_1_288' title='bbox 1207 433 1318 465; x_wconf 80' lang='lat' dir='ltr'>Florae</span> <span class='ocrx_word' id='word_1_289' title='bbox 1341 443 1398 476; x_wconf 87' lang='lat' dir='ltr'>per</span> <span class='ocrx_word' id='word_1_290' title='bbox 1427 432 1552 475; x_wconf 85' lang='lat' dir='ltr'>aliquos</span> <span class='ocrx_word' id='word_1_291' title='bbox 1572 443 1609 465; x_wconf 89' lang='lat' dir='ltr'>ex</span> <span class='ocrx_word' id='word_1_292' title='bbox 1635 432 1823 465; x_wconf 80' lang='lat' dir='ltr'>cursoribus</span> <span class='ocrx_word' id='word_1_293' title='bbox 1843 432 1958 465; x_wconf 88' lang='lat' dir='ltr'>nostris</span> 
     </span>
     <span class='ocr_line' id='line_1_59' title="bbox 1207 485 1960 530; baseline 0 -13"><span class='ocrx_word' id='word_1_294' title='bbox 1207 485 1378 530; x_wconf 78' lang='lat' dir='ltr'>publicari,</span> <span class='ocrx_word' id='word_1_295' title='bbox 1394 496 1572 529; x_wconf 81' lang='lat' dir='ltr'>earumque</span> <span class='ocrx_word' id='word_1_296' title='bbox 1588 486 1714 529; x_wconf 86' lang='lat' dir='ltr'>copiam</span> <span class='ocrx_word' id='word_1_297' title='bbox 1735 485 1813 518; x_wconf 91' lang='lat' dir='ltr'>inibi</span> <span class='ocrx_word' id='word_1_298' title='bbox 1834 486 1960 518; x_wconf 81' lang='lat' dir='ltr'>affixam</span> 
     </span>
     <span class='ocr_line' id='line_1_60' title="bbox 1206 539 1960 582; baseline 0 -11"><span class='ocrx_word' id='word_1_299' title='bbox 1206 539 1334 579; x_wconf 88' lang='lat' dir='ltr'>dimitti,</span> <span class='ocrx_word' id='word_1_300' title='bbox 1367 550 1493 572; x_wconf 82' lang='lat' dir='ltr'>necnon</span> <span class='ocrx_word' id='word_1_301' title='bbox 1525 539 1773 582; x_wconf 85' lang='lat' dir='ltr'>publicationem</span> <span class='ocrx_word' id='word_1_302' title='bbox 1800 545 1830 572; x_wconf 90' lang='lat' dir='ltr'>et</span> <span class='ocrx_word' id='word_1_303' title='bbox 1849 539 1960 572; x_wconf 88' lang='lat' dir='ltr'>dimis-</span> 
     </span>
     <span class='ocr_line' id='line_1_61' title="bbox 1206 593 1958 637; baseline 0.001 -12"><span class='ocrx_word' id='word_1_304' title='bbox 1206 593 1329 625; x_wconf 78' lang='lat' dir='ltr'>sionem</span> <span class='ocrx_word' id='word_1_305' title='bbox 1343 593 1453 637; x_wconf 81' lang='lat' dir='ltr'>ropiae</span> <span class='ocrx_word' id='word_1_306' title='bbox 1470 593 1579 625; x_wconf 83' lang='lat' dir='ltr'>affixae</span> <span class='ocrx_word' id='word_1_307' title='bbox 1596 593 1782 626; x_wconf 86' lang='lat' dir='ltr'>huiusmodi</span> <span class='ocrx_word' id='word_1_308' title='bbox 1797 594 1958 633; x_wconf 78' lang='lat' dir='ltr'>sufficere,</span> 
     </span>
     <span class='ocr_line' id='line_1_62' title="bbox 1206 645 1958 689; baseline 0.001 -12"><span class='ocrx_word' id='word_1_309' title='bbox 1206 651 1234 678; x_wconf 83' lang='lat' dir='ltr'>et</span> <span class='ocrx_word' id='word_1_310' title='bbox 1270 656 1381 678; x_wconf 83' lang='lat' dir='ltr'>omnes</span> <span class='ocrx_word' id='word_1_311' title='bbox 1406 657 1487 689; x_wconf 89' lang='lat' dir='ltr'>quos</span> <span class='ocrx_word' id='word_1_312' title='bbox 1516 646 1647 678; x_wconf 84' lang='lat' dir='ltr'>eaedem</span> <span class='ocrx_word' id='word_1_313' title='bbox 1677 645 1787 678; x_wconf 89' lang='lat' dir='ltr'>literae</span> <span class='ocrx_word' id='word_1_314' title='bbox 1812 651 1958 689; x_wconf 84' lang='lat' dir='ltr'>tangunt,</span> 
     </span>
     <span class='ocr_line' id='line_1_63' title="bbox 1206 699 1962 743; baseline 0.001 -12"><span class='ocrx_word' id='word_1_315' title='bbox 1206 705 1341 739; x_wconf 82' lang='lat' dir='ltr'>arctare,</span> <span class='ocrx_word' id='word_1_316' title='bbox 1364 699 1498 743; x_wconf 77' lang='lat' dir='ltr'>perinde</span> <span class='ocrx_word' id='word_1_317' title='bbox 1519 710 1555 732; x_wconf 88' lang='lat' dir='ltr'>ac</span> <span class='ocrx_word' id='word_1_318' title='bbox 1575 700 1600 732; x_wconf 90' lang='lat' dir='ltr'>si</span> <span class='ocrx_word' id='word_1_319' title='bbox 1621 699 1665 731; x_wconf 81' lang='lat' dir='ltr'>eis</span> <span class='ocrx_word' id='word_1_320' title='bbox 1685 699 1897 743; x_wconf 85' lang='lat' dir='ltr'>personaliter</span> <span class='ocrx_word' id='word_1_321' title='bbox 1917 700 1962 732; x_wconf 92' lang='lat' dir='ltr'>in—</span> 
     </span>
     <span class='ocr_line' id='line_1_64' title="bbox 1206 753 1758 786; baseline 0.002 -1"><span class='ocrx_word' id='word_1_322' title='bbox 1206 753 1335 786; x_wconf 83' lang='lat' dir='ltr'>timatae</span> <span class='ocrx_word' id='word_1_323' title='bbox 1356 759 1386 786; x_wconf 80' lang='lat' dir='ltr'>et</span> <span class='ocrx_word' id='word_1_324' title='bbox 1407 753 1588 786; x_wconf 79' lang='lat' dir='ltr'>notificatae</span> <span class='ocrx_word' id='word_1_325' title='bbox 1614 753 1758 786; x_wconf 87' lang='lat' dir='ltr'>fuissent.</span> 
     </span>
    </p>

    <p class='ocr_par' dir='ltr' id='par_1_13' title="bbox 1203 806 1961 1269">
     <span class='ocr_line' id='line_1_65' title="bbox 1250 806 1961 849; baseline 0.001 -10"><span class='ocrx_word' id='word_1_326' title='bbox 1250 808 1264 849; x_wconf 58' lang='grc' dir='ltr'>ἕ</span> <span class='ocrx_word' id='word_1_327' title='bbox 1284 807 1313 839; x_wconf 78' lang='grc'>8.</span> <span class='ocrx_word' id='word_1_328' title='bbox 1334 806 1417 839; x_wconf 71' lang='lat' dir='ltr'>Nulli</span> <span class='ocrx_word' id='word_1_329' title='bbox 1435 817 1511 849; x_wconf 75' lang='lat' dir='ltr'>ergo</span> <span class='ocrx_word' id='word_1_330' title='bbox 1527 806 1660 847; x_wconf 80' lang='lat' dir='ltr'>omnino</span> <span class='ocrx_word' id='word_1_331' title='bbox 1675 806 1845 839; x_wconf 90' lang='lat' dir='ltr'>hominum</span> <span class='ocrx_word' id='word_1_332' title='bbox 1867 807 1961 840; x_wconf 86' lang='lat' dir='ltr'>liceat</span> 
     </span>
     <span class='ocr_line' id='line_1_66' title="bbox 1206 859 1960 904; baseline 0.003 -13"><span class='ocrx_word' id='word_1_333' title='bbox 1206 860 1288 893; x_wconf 78' lang='lat' dir='ltr'>lianc</span> <span class='ocrx_word' id='word_1_334' title='bbox 1299 859 1447 903; x_wconf 61' lang='lat' dir='ltr'>pagiuam</span> <span class='ocrx_word' id='word_1_335' title='bbox 1464 865 1591 893; x_wconf 86' lang='lat' dir='ltr'>nostrae</span> <span class='ocrx_word' id='word_1_336' title='bbox 1607 859 1859 904; x_wconf 84' lang='lat' dir='ltr'>approbationis,</span> <span class='ocrx_word' id='word_1_337' title='bbox 1871 860 1960 894; x_wconf 89' lang='lat' dir='ltr'>inno-</span> 
     </span>
     <span class='ocr_line' id='line_1_67' title="bbox 1204 912 1959 955; baseline 0.003 -10"><span class='ocrx_word' id='word_1_338' title='bbox 1204 913 1348 953; x_wconf 77' lang='lat' dir='ltr'>vationis,</span> <span class='ocrx_word' id='word_1_339' title='bbox 1358 912 1595 953; x_wconf 85' lang='lat' dir='ltr'>declarationis,</span> <span class='ocrx_word' id='word_1_340' title='bbox 1608 913 1727 953; x_wconf 85' lang='lat' dir='ltr'>statuti,</span> <span class='ocrx_word' id='word_1_341' title='bbox 1738 913 1959 955; x_wconf 86' lang='lat' dir='ltr'>ordinationis,</span> 
     </span>
     <span class='ocr_line' id='line_1_68' title="bbox 1205 967 1959 1010; baseline 0.001 -11"><span class='ocrx_word' id='word_1_342' title='bbox 1205 967 1421 1010; x_wconf 70' lang='lat' dir='ltr'>derogationis</span> <span class='ocrx_word' id='word_1_343' title='bbox 1457 967 1663 1000; x_wconf 85' lang='lat' dir='ltr'>decretorum</span> <span class='ocrx_word' id='word_1_344' title='bbox 1697 972 1727 1000; x_wconf 87' lang='lat' dir='ltr'>et</span> <span class='ocrx_word' id='word_1_345' title='bbox 1758 968 1959 1001; x_wconf 80' lang='lat' dir='ltr'>voluntatum</span> 
     </span>
     <span class='ocr_line' id='line_1_69' title="bbox 1205 1020 1960 1063; baseline 0.003 -11"><span class='ocrx_word' id='word_1_346' title='bbox 1205 1020 1391 1063; x_wconf 72' lang='lat' dir='ltr'>intringere,</span> <span class='ocrx_word' id='word_1_347' title='bbox 1426 1021 1475 1053; x_wconf 83' lang='lat' dir='ltr'>vel</span> <span class='ocrx_word' id='word_1_348' title='bbox 1511 1020 1539 1052; x_wconf 87' lang='lat' dir='ltr'>ei</span> <span class='ocrx_word' id='word_1_349' title='bbox 1574 1032 1656 1053; x_wconf 86' lang='lat' dir='ltr'>ausu</span> <span class='ocrx_word' id='word_1_350' title='bbox 1686 1021 1857 1054; x_wconf 87' lang='lat' dir='ltr'>temerario</span> <span class='ocrx_word' id='word_1_351' title='bbox 1882 1032 1960 1055; x_wconf 90' lang='lat' dir='ltr'>con-</span> 
     </span>
     <span class='ocr_line' id='line_1_70' title="bbox 1204 1074 1961 1118; baseline 0.004 -12"><span class='ocrx_word' id='word_1_352' title='bbox 1204 1075 1312 1107; x_wconf 81' lang='lat' dir='ltr'>traire.</span> <span class='ocrx_word' id='word_1_353' title='bbox 1337 1074 1368 1107; x_wconf 73' lang='lat' dir='ltr'>Si</span> <span class='ocrx_word' id='word_1_354' title='bbox 1389 1074 1462 1117; x_wconf 82' lang='lat' dir='ltr'>quis</span> <span class='ocrx_word' id='word_1_355' title='bbox 1483 1081 1589 1107; x_wconf 88' lang='lat' dir='ltr'>autem</span> <span class='ocrx_word' id='word_1_356' title='bbox 1612 1075 1673 1107; x_wconf 88' lang='lat' dir='ltr'>hoc</span> <span class='ocrx_word' id='word_1_357' title='bbox 1694 1079 1849 1108; x_wconf 83' lang='lat' dir='ltr'>attentare</span> <span class='ocrx_word' id='word_1_358' title='bbox 1871 1086 1961 1118; x_wconf 84' lang='lat' dir='ltr'>prae-</span> 
     </span>
     <span class='ocr_line' id='line_1_71' title="bbox 1204 1128 1961 1173; baseline 0.001 -12"><span class='ocrx_word' id='word_1_359' title='bbox 1204 1128 1375 1172; x_wconf 81' lang='lat' dir='ltr'>sumpserit</span> <span class='ocrx_word' id='word_1_360' title='bbox 1395 1155 1401 1166; x_wconf 74' lang='lat'>,</span> <span class='ocrx_word' id='word_1_361' title='bbox 1442 1128 1697 1171; x_wconf 66' lang='lat' dir='ltr'>indignationem</span> <span class='ocrx_word' id='word_1_362' title='bbox 1731 1128 1961 1173; x_wconf 89' lang='lat' dir='ltr'>omnipotentis</span> 
     </span>
     <span class='ocr_line' id='line_1_72' title="bbox 1203 1182 1959 1226; baseline 0.001 -11"><span class='ocrx_word' id='word_1_363' title='bbox 1203 1182 1257 1215; x_wconf 80' lang='lat' dir='ltr'>Dei</span> <span class='ocrx_word' id='word_1_364' title='bbox 1283 1194 1319 1215; x_wconf 82' lang='lat' dir='ltr'>ae</span> <span class='ocrx_word' id='word_1_365' title='bbox 1348 1183 1517 1215; x_wconf 76' lang='lat' dir='ltr'>beatorum</span> <span class='ocrx_word' id='word_1_366' title='bbox 1549 1182 1632 1215; x_wconf 82' lang='lat' dir='ltr'>Petri</span> <span class='ocrx_word' id='word_1_367' title='bbox 1658 1187 1688 1215; x_wconf 89' lang='lat' dir='ltr'>et</span> <span class='ocrx_word' id='word_1_368' title='bbox 1708 1182 1797 1215; x_wconf 87' lang='lat' dir='ltr'>Pauli</span> <span class='ocrx_word' id='word_1_369' title='bbox 1831 1187 1959 1226; x_wconf 79' lang='lat' dir='ltr'>aposto-</span> 
     </span>
     <span class='ocr_line' id='line_1_73' title="bbox 1204 1235 1839 1269; baseline 0 -1"><span class='ocrx_word' id='word_1_370' title='bbox 1204 1236 1308 1268; x_wconf 87' lang='lat' dir='ltr'>lorum</span> <span class='ocrx_word' id='word_1_371' title='bbox 1330 1236 1399 1269; x_wconf 88' lang='lat' dir='ltr'>eius</span> <span class='ocrx_word' id='word_1_372' title='bbox 1420 1247 1452 1268; x_wconf 88' lang='lat' dir='ltr'>se</span> <span class='ocrx_word' id='word_1_373' title='bbox 1473 1235 1596 1268; x_wconf 81' lang='lat' dir='ltr'>noverit</span> <span class='ocrx_word' id='word_1_374' title='bbox 1616 1235 1839 1268; x_wconf 83' lang='lat' dir='ltr'>incursurum.</span> 
     </span>
    </p>

    <p class='ocr_par' dir='ltr' id='par_1_14' title="bbox 1202 1289 1960 1537">
     <span class='ocr_line' id='line_1_74' title="bbox 1291 1289 1959 1333; baseline 0.001 -11"><span class='ocrx_word' id='word_1_375' title='bbox 1291 1290 1404 1322; x_wconf 88' lang='lat' dir='ltr'>Datum</span> <span class='ocrx_word' id='word_1_376' title='bbox 1424 1290 1542 1322; x_wconf 79' lang='lat' dir='ltr'>Rom-ac</span> <span class='ocrx_word' id='word_1_377' title='bbox 1560 1289 1646 1333; x_wconf 87' lang='lat' dir='ltr'>apud</span> <span class='ocrx_word' id='word_1_378' title='bbox 1662 1290 1693 1322; x_wconf 79' lang='lat' dir='ltr'>S.</span> <span class='ocrx_word' id='word_1_379' title='bbox 1713 1289 1856 1330; x_wconf 85' lang='lat' dir='ltr'>Petrum,</span> <span class='ocrx_word' id='word_1_380' title='bbox 1875 1300 1959 1323; x_wconf 84' lang='lat' dir='ltr'>anno</span> 
     </span>
     <span class='ocr_line' id='line_1_75' title="bbox 1202 1343 1960 1387; baseline 0.003 -12"><span class='ocrx_word' id='word_1_381' title='bbox 1202 1343 1434 1376; x_wconf 79' lang='lat' dir='ltr'>incarnationis</span> <span class='ocrx_word' id='word_1_382' title='bbox 1459 1343 1639 1376; x_wconf 87' lang='lat' dir='ltr'>dominicae</span> <span class='ocrx_word' id='word_1_383' title='bbox 1664 1343 1836 1376; x_wconf 87' lang='lat' dir='ltr'>millesimo</span> <span class='ocrx_word' id='word_1_384' title='bbox 1864 1344 1960 1387; x_wconf 87' lang='lat' dir='ltr'>quin-</span> 
     </span>
     <span class='ocr_line' id='line_1_76' title="bbox 1202 1396 1959 1441; baseline 0.001 -13"><span class='ocrx_word' id='word_1_385' title='bbox 1202 1397 1378 1439; x_wconf 77' lang='lat' dir='ltr'>gentesimo</span> <span class='ocrx_word' id='word_1_386' title='bbox 1396 1396 1664 1441; x_wconf 73' lang='lat' dir='ltr'>quinquagesimo</span> <span class='ocrx_word' id='word_1_387' title='bbox 1682 1402 1805 1437; x_wconf 77' lang='lat' dir='ltr'>octavo,</span> <span class='ocrx_word' id='word_1_388' title='bbox 1822 1407 1886 1430; x_wconf 77' lang='lat' dir='ltr'>xvn</span> <span class='ocrx_word' id='word_1_389' title='bbox 1903 1397 1959 1430; x_wconf 82' lang='lat' dir='ltr'>ka-</span> 
     </span>
     <span class='ocr_line' id='line_1_77' title="bbox 1203 1450 1958 1495; baseline 0.003 -13"><span class='ocrx_word' id='word_1_390' title='bbox 1203 1451 1313 1484; x_wconf 87' lang='lat' dir='ltr'>lendas</span> <span class='ocrx_word' id='word_1_391' title='bbox 1346 1450 1499 1492; x_wconf 87' lang='lat' dir='ltr'>ianuarii,</span> <span class='ocrx_word' id='word_1_392' title='bbox 1530 1450 1737 1495; x_wconf 85' lang='lat' dir='ltr'>pontificatus</span> <span class='ocrx_word' id='word_1_393' title='bbox 1771 1451 1871 1484; x_wconf 85' lang='lat' dir='ltr'>nostri</span> <span class='ocrx_word' id='word_1_394' title='bbox 1901 1462 1958 1484; x_wconf 84' lang='lat' dir='ltr'>an-</span> 
     </span>
     <span class='ocr_line' id='line_1_78' title="bbox 1203 1515 1303 1537; baseline 0 -1"><span class='ocrx_word' id='word_1_395' title='bbox 1203 1515 1243 1536; x_wconf 86' lang='lat' dir='ltr'>no</span> <span class='ocrx_word' id='word_1_396' title='bbox 1264 1515 1303 1537; x_wconf 72' lang='grc' dir='ltr'>ιν.</span> 
     </span>
    </p>

    <p class='ocr_par' dir='ltr' id='par_1_15' title="bbox 1283 1562 1895 1599">
     <span class='ocr_line' id='line_1_79' title="bbox 1283 1562 1895 1599; baseline 0.003 -8"><span class='ocrx_word' id='word_1_397' title='bbox 1283 1562 1530 1592; x_wconf 71' lang='lat' dir='ltr'>llat.‹lie1titlec.</span> <span class='ocrx_word' id='word_1_398' title='bbox 1548 1562 1633 1599; x_wconf 77' lang='lat'>1558,</span> <span class='ocrx_word' id='word_1_399' title='bbox 1651 1562 1752 1599; x_wconf 84' lang='lat' dir='ltr'>pontif.</span> <span class='ocrx_word' id='word_1_400' title='bbox 1769 1572 1846 1592; x_wconf 82' lang='lat' dir='ltr'>anno</span> <span class='ocrx_word' id='word_1_401' title='bbox 1858 1571 1895 1593; x_wconf 85' lang='lat' dir='ltr'>iv.</span> 
     </span>
    </p>
   </div>
   <div class='ocr_carea' id='block_1_11' title="bbox 1485 1627 1659 1634">
    <p class='ocr_par' dir='ltr' id='par_1_16' title="bbox 1485 1627 1659 1634">
     <span class='ocr_line' id='line_1_80' title="bbox 1485 1627 1659 1634; baseline 0 0"><span class='ocrx_word' id='word_1_402' title='bbox 1485 1627 1659 1634; x_wconf 95' lang='lat' dir='ltr'> </span> 
     </span>
    </p>
   </div>
   <div class='ocr_carea' id='block_1_12' title="bbox 1201 1690 1960 2024">
    <p class='ocr_par' dir='ltr' id='par_1_17' title="bbox 1527 1690 1628 1722">
     <span class='ocr_line' id='line_1_81' title="bbox 1527 1690 1628 1722; baseline 0 0"><span class='ocrx_word' id='word_1_403' title='bbox 1527 1690 1628 1722; x_wconf 80' lang='lat' dir='ltr'>XXVI.</span> 
     </span>
    </p>

    <p class='ocr_par' dir='ltr' id='par_1_18' title="bbox 1201 1757 1960 1950">
     <span class='ocr_line' id='line_1_82' title="bbox 1201 1757 1959 1800; baseline 0.003 -11"><span class='ocrx_word' id='word_1_404' title='bbox 1201 1757 1354 1790; x_wconf 71' lang='lat' dir='ltr'>Faezdtas</span> <span class='ocrx_word' id='word_1_405' title='bbox 1371 1758 1532 1790; x_wconf 71' lang='lat' dir='ltr'>custodum</span> <span class='ocrx_word' id='word_1_406' title='bbox 1552 1757 1610 1790; x_wconf 90' lang='lat' dir='ltr'>SS.</span> <span class='ocrx_word' id='word_1_407' title='bbox 1633 1757 1798 1800; x_wconf 71' lang='lat' dir='ltr'>Imagyim&#39;s</span> <span class='ocrx_word' id='word_1_408' title='bbox 1816 1758 1860 1791; x_wconf 78' lang='lat' dir='ltr'>ad</span> <span class='ocrx_word' id='word_1_409' title='bbox 1877 1757 1959 1791; x_wconf 83' lang='lat' dir='ltr'>San-</span> 
     </span>
     <span class='ocr_line' id='line_1_83' title="bbox 1246 1811 1960 1854; baseline 0.003 -11"><span class='ocrx_word' id='word_1_410' title='bbox 1246 1815 1297 1844; x_wconf 73' lang='lat' dir='ltr'>cla</span> <span class='ocrx_word' id='word_1_411' title='bbox 1319 1811 1512 1843; x_wconf 71' lang='lat' dir='ltr'>Sanctorum</span> <span class='ocrx_word' id='word_1_412' title='bbox 1535 1812 1667 1854; x_wconf 59' lang='lat' dir='ltr'>repende?</span> <span class='ocrx_word' id='word_1_413' title='bbox 1699 1816 1727 1844; x_wconf 80' lang='lat' dir='ltr'>et</span> <span class='ocrx_word' id='word_1_414' title='bbox 1756 1812 1960 1854; x_wconf 69' lang='lat' dir='ltr'>gyuberuamli</span> 
     </span>
     <span class='ocr_line' id='line_1_84' title="bbox 1246 1864 1960 1908; baseline 0.003 -12"><span class='ocrx_word' id='word_1_415' title='bbox 1246 1865 1378 1907; x_wconf 71' lang='lat' dir='ltr'>colleyia</span> <span class='ocrx_word' id='word_1_416' title='bbox 1401 1864 1640 1908; x_wconf 71' lang='lat' dir='ltr'>Capram&#39;ceuse</span> <span class='ocrx_word' id='word_1_417' title='bbox 1667 1869 1696 1897; x_wconf 81' lang='lat' dir='ltr'>et</span> <span class='ocrx_word' id='word_1_418' title='bbox 1717 1865 1902 1898; x_wconf 61' lang='lat' dir='ltr'>[Van-clinum</span> <span class='ocrx_word' id='word_1_419' title='bbox 1923 1865 1960 1898; x_wconf 82' lang='lat' dir='ltr'>dc</span> 
     </span>
     <span class='ocr_line' id='line_1_85' title="bbox 1249 1917 1376 1950; baseline -0.008 0"><span class='ocrx_word' id='word_1_420' title='bbox 1249 1918 1329 1950; x_wconf 74' lang='lat' dir='ltr'>l&#39;rbe</span> <span class='ocrx_word' id='word_1_421' title='bbox 1349 1917 1376 1949; x_wconf 72' lang='lat'>2.</span> 
     </span>
    </p>

    <p class='ocr_par' dir='ltr' id='par_1_19' title="bbox 1245 1989 1912 2024">
     <span class='ocr_line' id='line_1_86' title="bbox 1245 1989 1912 2024; baseline 0.001 -7"><span class='ocrx_word' id='word_1_422' title='bbox 1245 1990 1342 2018; x_wconf 77' lang='lat' dir='ltr'>Paulus</span> <span class='ocrx_word' id='word_1_423' title='bbox 1357 1989 1426 2024; x_wconf 76' lang='lat' dir='ltr'>Papa</span> <span class='ocrx_word' id='word_1_424' title='bbox 1443 1989 1484 2022; x_wconf 80' lang='lat' dir='ltr'>iv.</span> <span class='ocrx_word' id='word_1_425' title='bbox 1505 1989 1678 2017; x_wconf 79' lang='lat' dir='ltr'>adfuturam</span> <span class='ocrx_word' id='word_1_426' title='bbox 1689 1990 1729 2018; x_wconf 80' lang='lat' dir='ltr'>rei</span> <span class='ocrx_word' id='word_1_427' title='bbox 1744 1990 1912 2018; x_wconf 77' lang='lat' dir='ltr'>memoriam.</span> 
     </span>
    </p>
   </div>
   <div class='ocr_carea' id='block_1_13' title="bbox 1201 2052 1958 2713">
    <p class='ocr_par' dir='ltr' id='par_1_20' title="bbox 1201 2052 1958 2204">
     <span class='ocr_line' id='line_1_87' title="bbox 1244 2052 1958 2096; baseline 0.001 -11"><span class='ocrx_word' id='word_1_428' title='bbox 1244 2053 1309 2086; x_wconf 86' lang='lat' dir='ltr'>Piis</span> <span class='ocrx_word' id='word_1_429' title='bbox 1326 2052 1469 2085; x_wconf 85' lang='lat' dir='ltr'>fidelium</span> <span class='ocrx_word' id='word_1_430' title='bbox 1486 2052 1707 2096; x_wconf 82' lang='lat' dir='ltr'>quorumlibet</span> <span class='ocrx_word' id='word_1_431' title='bbox 1723 2052 1802 2085; x_wconf 71' lang='lat' dir='ltr'>votis</span> <span class='ocrx_word' id='word_1_432' title='bbox 1822 2052 1958 2086; x_wconf 85' lang='lat' dir='ltr'>libenter</span> 
     </span>
     <span class='ocr_line' id='line_1_88' title="bbox 1201 2105 1958 2150; baseline 0.001 -12"><span class='ocrx_word' id='word_1_433' title='bbox 1201 2106 1388 2146; x_wconf 83' lang='lat' dir='ltr'>annuimus,</span> <span class='ocrx_word' id='word_1_434' title='bbox 1415 2117 1516 2149; x_wconf 87' lang='lat' dir='ltr'>eaque</span> <span class='ocrx_word' id='word_1_435' title='bbox 1542 2105 1703 2139; x_wconf 83' lang='lat' dir='ltr'>favoribus</span> <span class='ocrx_word' id='word_1_436' title='bbox 1729 2106 1958 2150; x_wconf 83' lang='lat' dir='ltr'>prosequimur</span> 
     </span>
     <span class='ocr_line' id='line_1_89' title="bbox 1201 2160 1407 2204; baseline 0 -11"><span class='ocrx_word' id='word_1_437' title='bbox 1201 2160 1407 2204; x_wconf 82' lang='lat' dir='ltr'>opportunis.</span> 
     </span>
    </p>

    <p class='ocr_par' dir='ltr' id='par_1_21' title="bbox 1201 2214 1957 2610">
     <span class='ocr_line' id='line_1_90' title="bbox 1245 2214 1955 2257; baseline 0.001 -11"><span class='ocrx_word' id='word_1_438' title='bbox 1245 2216 1259 2257; x_wconf 52' lang='grc' dir='ltr'>ᾗ</span> <span class='ocrx_word' id='word_1_439' title='bbox 1275 2214 1306 2247; x_wconf 76' lang='grc' dir='ltr'>Ἰ.</span> <span class='ocrx_word' id='word_1_440' title='bbox 1326 2215 1407 2248; x_wconf 80' lang='lat' dir='ltr'>Sane</span> <span class='ocrx_word' id='word_1_441' title='bbox 1426 2225 1481 2257; x_wconf 89' lang='lat' dir='ltr'>pro</span> <span class='ocrx_word' id='word_1_442' title='bbox 1499 2220 1587 2257; x_wconf 87' lang='lat' dir='ltr'>parte</span> <span class='ocrx_word' id='word_1_443' title='bbox 1604 2214 1796 2247; x_wconf 86' lang='lat' dir='ltr'>dilectorum</span> <span class='ocrx_word' id='word_1_444' title='bbox 1812 2214 1955 2248; x_wconf 81' lang='lat' dir='ltr'>filiorum</span> 
     </span>
     <span class='ocr_line' id='line_1_91' title="bbox 1201 2267 1957 2311; baseline 0 -11"><span class='ocrx_word' id='word_1_445' title='bbox 1201 2268 1371 2300; x_wconf 70' lang='lat' dir='ltr'>custodum</span> <span class='ocrx_word' id='word_1_446' title='bbox 1389 2267 1548 2301; x_wconf 68' lang='lat' dir='ltr'>societatis</span> <span class='ocrx_word' id='word_1_447' title='bbox 1560 2267 1791 2300; x_wconf 81' lang='lat' dir='ltr'>sacratissimae</span> <span class='ocrx_word' id='word_1_448' title='bbox 1806 2268 1957 2311; x_wconf 77' lang='lat' dir='ltr'>Imaginis</span> 
     </span>
     <span class='ocr_line' id='line_1_92' title="bbox 1202 2321 1955 2355; baseline 0 -1"><span class='ocrx_word' id='word_1_449' title='bbox 1202 2321 1398 2355; x_wconf 69' lang='lat' dir='ltr'>Salutissimi</span> <span class='ocrx_word' id='word_1_450' title='bbox 1421 2321 1591 2354; x_wconf 79' lang='lat' dir='ltr'>Salvatoris</span> <span class='ocrx_word' id='word_1_451' title='bbox 1616 2322 1655 2354; x_wconf 87' lang='lat' dir='ltr'>ad</span> <span class='ocrx_word' id='word_1_452' title='bbox 1682 2322 1796 2355; x_wconf 81' lang='lat' dir='ltr'>Sancta</span> <span class='ocrx_word' id='word_1_453' title='bbox 1822 2322 1955 2355; x_wconf 83' lang='lat' dir='ltr'>Sancto-</span> 
     </span>
     <span class='ocr_line' id='line_1_93' title="bbox 1202 2370 1955 2415; baseline 0.001 -12"><span class='ocrx_word' id='word_1_454' title='bbox 1202 2383 1273 2403; x_wconf 82' lang='lat' dir='ltr'>rum</span> <span class='ocrx_word' id='word_1_455' title='bbox 1301 2372 1338 2404; x_wconf 84' lang='lat' dir='ltr'>de</span> <span class='ocrx_word' id='word_1_456' title='bbox 1370 2372 1452 2404; x_wconf 55' lang='lat' dir='ltr'>tube</span> <span class='ocrx_word' id='word_1_457' title='bbox 1473 2371 1564 2403; x_wconf 84' lang='lat' dir='ltr'>nobis</span> <span class='ocrx_word' id='word_1_458' title='bbox 1586 2370 1725 2404; x_wconf 80' lang='lat' dir='ltr'>exhibita</span> <span class='ocrx_word' id='word_1_459' title='bbox 1745 2370 1856 2415; x_wconf 87' lang='lat' dir='ltr'>petitio</span> <span class='ocrx_word' id='word_1_460' title='bbox 1878 2382 1955 2404; x_wconf 85' lang='lat' dir='ltr'>con-</span> 
     </span>
     <span class='ocr_line' id='line_1_94' title="bbox 1201 2420 1957 2463; baseline -0.001 -10"><span class='ocrx_word' id='word_1_461' title='bbox 1201 2421 1322 2453; x_wconf 86' lang='lat' dir='ltr'>tinebat</span> <span class='ocrx_word' id='word_1_462' title='bbox 1356 2426 1524 2463; x_wconf 83' lang='lat' dir='ltr'>postquam</span> <span class='ocrx_word' id='word_1_463' title='bbox 1555 2432 1571 2452; x_wconf 85' lang='lat' dir='ltr'>a</span> <span class='ocrx_word' id='word_1_464' title='bbox 1599 2420 1700 2452; x_wconf 84' lang='lat' dir='ltr'>felicis</span> <span class='ocrx_word' id='word_1_465' title='bbox 1725 2420 1957 2453; x_wconf 83' lang='lat' dir='ltr'>recordationis</span> 
     </span>
     <span class='ocr_line' id='line_1_95' title="bbox 1202 2469 1956 2513; baseline 0 -12"><span class='ocrx_word' id='word_1_466' title='bbox 1202 2469 1301 2502; x_wconf 85' lang='lat' dir='ltr'>Paulo</span> <span class='ocrx_word' id='word_1_467' title='bbox 1314 2480 1395 2513; x_wconf 87' lang='lat' dir='ltr'>papa</span> <span class='ocrx_word' id='word_1_468' title='bbox 1414 2469 1462 2505; x_wconf 79' lang='grc' dir='ltr'>ΙΙΙ,</span> <span class='ocrx_word' id='word_1_469' title='bbox 1475 2469 1720 2512; x_wconf 76' lang='lat' dir='ltr'>praedecessore</span> <span class='ocrx_word' id='word_1_470' title='bbox 1736 2473 1858 2509; x_wconf 82' lang='lat' dir='ltr'>nostro,</span> <span class='ocrx_word' id='word_1_471' title='bbox 1868 2480 1956 2501; x_wconf 89' lang='lat' dir='ltr'>ema-</span> 
     </span>
     <span class='ocr_line' id='line_1_96' title="bbox 1202 2517 1957 2561; baseline 0 -11"><span class='ocrx_word' id='word_1_472' title='bbox 1202 2524 1331 2550; x_wconf 68' lang='lat' dir='ltr'>naverat.</span> <span class='ocrx_word' id='word_1_473' title='bbox 1360 2517 1598 2561; x_wconf 78' lang='lat' dir='ltr'>infrascriptum</span> <span class='ocrx_word' id='word_1_474' title='bbox 1626 2517 1836 2561; x_wconf 83' lang='lat' dir='ltr'>rescriptum,</span> <span class='ocrx_word' id='word_1_475' title='bbox 1864 2517 1957 2550; x_wconf 87' lang='lat' dir='ltr'>cuius</span> 
     </span>
     <span class='ocr_line' id='line_1_97' title="bbox 1202 2566 1683 2610; baseline 0 -11"><span class='ocrx_word' id='word_1_476' title='bbox 1202 2571 1296 2599; x_wconf 86' lang='lat' dir='ltr'>tenor</span> <span class='ocrx_word' id='word_1_477' title='bbox 1316 2566 1461 2610; x_wconf 82' lang='lat' dir='ltr'>sequitur</span> <span class='ocrx_word' id='word_1_478' title='bbox 1481 2571 1511 2599; x_wconf 88' lang='lat' dir='ltr'>et</span> <span class='ocrx_word' id='word_1_479' title='bbox 1532 2571 1578 2599; x_wconf 85' lang='lat' dir='ltr'>est</span> <span class='ocrx_word' id='word_1_480' title='bbox 1597 2566 1683 2599; x_wconf 79' lang='lat' dir='ltr'>talis:</span> 
     </span>
    </p>

    <p class='ocr_par' dir='ltr' id='par_1_22' title="bbox 1241 2632 1956 2669">
     <span class='ocr_line' id='line_1_98' title="bbox 1241 2632 1956 2669; baseline 0.003 -11"><span class='ocrx_word' id='word_1_481' title='bbox 1241 2634 1248 2658; x_wconf 92' lang='lat' dir='ltr'>t</span> <span class='ocrx_word' id='word_1_482' title='bbox 1270 2633 1438 2665; x_wconf 66' lang='lat' dir='ltr'>Apostolicae</span> <span class='ocrx_word' id='word_1_483' title='bbox 1454 2635 1547 2665; x_wconf 66' lang='lat' dir='ltr'>culeis,</span> <span class='ocrx_word' id='word_1_484' title='bbox 1569 2633 1684 2659; x_wconf 86' lang='lat' dir='ltr'>Cherub.</span> <span class='ocrx_word' id='word_1_485' title='bbox 1707 2637 1734 2659; x_wconf 81' lang='lat' dir='ltr'>et</span> <span class='ocrx_word' id='word_1_486' title='bbox 1751 2632 1893 2669; x_wconf 77' lang='lat' dir='ltr'>Mattb.(a.</span> <span class='ocrx_word' id='word_1_487' title='bbox 1906 2633 1956 2668; x_wconf 83' lang='grc' dir='ltr'>τ.).</span> 
     </span>
    </p>

    <p class='ocr_par' dir='ltr' id='par_1_23' title="bbox 1237 2677 1710 2713">
     <span class='ocr_line' id='line_1_99' title="bbox 1237 2677 1710 2713; baseline 0.006 -11"><span class='ocrx_word' id='word_1_488' title='bbox 1237 2678 1253 2702; x_wconf 77' lang='lat'>⁶.)</span> <span class='ocrx_word' id='word_1_489' title='bbox 1270 2678 1308 2703; x_wconf 72' lang='lat' dir='ltr'>Ex</span> <span class='ocrx_word' id='word_1_490' title='bbox 1330 2677 1435 2713; x_wconf 62' lang='lat' dir='ltr'>aegest.</span> <span class='ocrx_word' id='word_1_491' title='bbox 1455 2679 1479 2705; x_wconf 88' lang='lat' dir='ltr'>iu</span> <span class='ocrx_word' id='word_1_492' title='bbox 1496 2678 1605 2705; x_wconf 82' lang='lat' dir='ltr'>Archiv.</span> <span class='ocrx_word' id='word_1_493' title='bbox 1624 2678 1710 2707; x_wconf 82' lang='lat' dir='ltr'>Vatic.</span> 
     </span>
    </p>
   </div>
   <div class='ocr_carea' id='block_1_14' title="bbox 1978 270 2159 299">
    <p class='ocr_par' dir='ltr' id='par_1_24' title="bbox 1978 270 2159 299">
     <span class='ocr_line' id='line_1_100' title="bbox 1978 270 2159 299; baseline -0.006 -1"><span class='ocrx_word' id='word_1_494' title='bbox 1978 270 2026 298; x_wconf 77' lang='lat' dir='ltr'>An.</span> <span class='ocrx_word' id='word_1_495' title='bbox 2043 271 2072 298; x_wconf 75' lang='grc' dir='ltr'>(ἶ.</span> <span class='ocrx_word' id='word_1_496' title='bbox 2093 270 2159 299; x_wconf 75' lang='grc'>1558</span> 
     </span>
    </p>
   </div>
   <div class='ocr_carea' id='block_1_15' title="bbox 1976 822 2160 879">
    <p class='ocr_par' dir='ltr' id='par_1_25' title="bbox 1976 822 2160 879">
     <span class='ocr_line' id='line_1_101' title="bbox 2024 822 2158 843; baseline 0 0"><span class='ocrx_word' id='word_1_497' title='bbox 2024 822 2158 843; x_wconf 54' lang='lat' dir='ltr'>suurn-inem</span> 
     </span>
     <span class='ocr_line' id='line_1_102' title="bbox 1976 853 2160 879; baseline 0.011 -7"><span class='ocrx_word' id='word_1_498' title='bbox 1976 853 2086 879; x_wconf 60' lang='lat' dir='ltr'>poenalem</span> <span class='ocrx_word' id='word_1_499' title='bbox 2110 855 2160 874; x_wconf 72' lang='lat' dir='ltr'>‹ulii-</span> 
     </span>
    </p>
   </div>
   <div class='ocr_carea' id='block_1_16' title="bbox 2000 2067 2130 2088">
    <p class='ocr_par' dir='ltr' id='par_1_26' title="bbox 2000 2067 2130 2088">
     <span class='ocr_line' id='line_1_103' title="bbox 2000 2067 2130 2088; baseline 0.008 -1"><span class='ocrx_word' id='word_1_500' title='bbox 2000 2067 2020 2087; x_wconf 76' lang='lat' dir='ltr'>P.</span> <span class='ocrx_word' id='word_1_501' title='bbox 2029 2069 2130 2088; x_wconf 58' lang='lat' dir='ltr'>uoemium.</span> 
     </span>
    </p>
   </div>
   <div class='ocr_carea' id='block_1_17' title="bbox 1972 2225 2158 2407">
    <p class='ocr_par' dir='ltr' id='par_1_27' title="bbox 1972 2225 2158 2407">
     <span class='ocr_line' id='line_1_104' title="bbox 1999 2225 2158 2246; baseline 0.006 -1"><span class='ocrx_word' id='word_1_502' title='bbox 1999 2225 2101 2246; x_wconf 67' lang='lat' dir='ltr'>Custodes</span> <span class='ocrx_word' id='word_1_503' title='bbox 2117 2225 2158 2246; x_wconf 68' lang='lat' dir='ltr'>ra-</span> 
     </span>
     <span class='ocr_line' id='line_1_105' title="bbox 1973 2257 2157 2284; baseline 0.011 -9"><span class='ocrx_word' id='word_1_504' title='bbox 1973 2262 2010 2283; x_wconf 76' lang='lat' dir='ltr'>pae</span> <span class='ocrx_word' id='word_1_505' title='bbox 2037 2257 2157 2284; x_wconf 64' lang='lat' dir='ltr'>supplicant</span> 
     </span>
     <span class='ocr_line' id='line_1_106' title="bbox 1972 2290 2158 2312; baseline 0.005 -6"><span class='ocrx_word' id='word_1_506' title='bbox 1972 2293 2009 2312; x_wconf 83' lang='lat' dir='ltr'>pio</span> <span class='ocrx_word' id='word_1_507' title='bbox 2045 2290 2158 2308; x_wconf 62' lang='lat' dir='ltr'>coufirma-</span> 
     </span>
     <span class='ocr_line' id='line_1_107' title="bbox 1972 2318 2156 2338; baseline 0 0"><span class='ocrx_word' id='word_1_508' title='bbox 1972 2318 2029 2338; x_wconf 80' lang='lat' dir='ltr'>tioue</span> <span class='ocrx_word' id='word_1_509' title='bbox 2049 2319 2156 2338; x_wconf 65' lang='lat' dir='ltr'>cutus-tani</span> 
     </span>
     <span class='ocr_line' id='line_1_108' title="bbox 1972 2349 2157 2376; baseline 0.005 -7"><span class='ocrx_word' id='word_1_510' title='bbox 1972 2350 2092 2376; x_wconf 75' lang='lat' dir='ltr'>eliiingrap.</span> <span class='ocrx_word' id='word_1_511' title='bbox 2104 2349 2157 2370; x_wconf 73' lang='lat' dir='ltr'>Pau-</span> 
     </span>
     <span class='ocr_line' id='line_1_109' title="bbox 1972 2380 2122 2407; baseline 0 -6"><span class='ocrx_word' id='word_1_512' title='bbox 1972 2381 1985 2401; x_wconf 87' lang='lat' dir='ltr'>li</span> <span class='ocrx_word' id='word_1_513' title='bbox 2002 2380 2070 2407; x_wconf 72' lang='lat' dir='ltr'>Papae</span> <span class='ocrx_word' id='word_1_514' title='bbox 2086 2380 2122 2401; x_wconf 79' lang='grc' dir='ltr'><strong>ΙΙΙ.</strong></span> 
     </span>
    </p>
   </div>
  </div>
 </body>
</html>
