2227 3001
258 258 307 286 Aa.
325 259 356 286 C.
376 260 442 288 1555

318 1673 436 1695 turin-11:50

251 1708 437 1732 proto-medioten-

251 1739 366 1764 gnoscendi
388 1745 438 1759 cau-

249 1775 283 1790 ne
313 1770 386 1790 civiles

250 1801 371 1822 criminato·

503 256 568 290 47⁵2

458 329 529 351 rum
551 318 705 362 collegio,
730 317 761 352 in
789 317 872 351 dicta
892 318 976 350 alma
996 317 1080 350 Urbe
1100 323 1208 350 nostra

456 373 621 410 existente,
653 373 789 410 assumi,
826 371 928 404 creari
965 377 995 404 et
1027 372 1207 415 promoveri

456 427 565 472 possit.
601 428 813 461 Decernentes
838 425 1093 470 assumptiones,
1118 436 1207 458 crea-

455 480 559 514 tiones
574 486 602 514 et
623 480 843 525 promotiones
858 479 1056 519 huiusmodi,
1081 490 1137 522 per
1154 489 1207 512 ve—

455 539 556 568 strum
578 534 783 578 physicorum
810 539 837 565 et
872 533 1074 566 medicorum
1105 533 1205 565 colle-

454 589 541 632 gium
569 587 743 627 faciendas,
764 587 882 620 validas
907 592 936 620 et
965 587 1112 619 efficaces
1140 587 1206 619 exi-

453 647 554 682 stere,
586 651 724 686 suosque
759 640 892 673 effeetus
927 639 1035 673 sortiri
1075 639 1203 672 debere.

452 695 676 737 Quascumque
689 700 795 727 autem
815 693 891 726 alias
909 692 1095 725 huiusmodi
1117 703 1206 725 crea-

453 748 565 788 tiones,
584 747 822 791 assumptiones
840 757 876 780 ac
897 746 1129 790 promotiones,
1150 756 1208 789 per

451 800 530 834 alios
541 811 636 843 quam
648 811 704 844 per
715 800 887 843 collegium
896 805 1036 833 vestrum
1049 799 1087 832 de
1099 805 1205 832 cetero

451 855 483 888 in
504 855 571 898 ipsa
592 854 686 887 Curia
707 854 880 893 faciendas,
903 864 978 886 cum
995 852 1069 886 inde
1087 853 1207 886 secutis

451 907 731 951 quibuscumque,
759 918 796 940 ex
822 918 908 940 nunc
929 911 1025 950 prout
1050 917 1088 939 ex
1110 911 1203 945 tunc,

452 960 558 995 irritas
591 967 622 994 et
654 961 765 994 inanes
803 960 991 1004 nulliusque
1021 959 1149 993 roboris
1176 964 1204 993 et

452 1015 607 1049 momenti
625 1026 692 1048 esse
714 1015 857 1054 censeri,
879 1025 916 1047 ac
945 1014 1068 1047 nemini
1089 1014 1204 1047 suffra-

452 1069 532 1112 gati,
554 1069 678 1113 ipsique
699 1068 738 1101 ab
758 1068 828 1101 aliis
848 1079 945 1111 quam
963 1078 980 1100 a
996 1067 1132 1109 collegio
1152 1078 1204 1100 ve-

452 1129 515 1157 stro
536 1123 575 1157 ad
595 1123 713 1166 gradus
736 1122 922 1156 huiusmodi
949 1121 1122 1165 assumpti,
1147 1132 1204 1166 pro

451 1188 515 1212 non
536 1177 692 1222 promotis
712 1182 766 1210 aut
791 1177 965 1210 doctoratis
984 1176 1096 1209 haberi
1116 1187 1204 1209 man—

450 1232 575 1265 damus.
597 1231 753 1264 Volumus
772 1237 880 1264 tamen
901 1231 987 1274 quod
1006 1240 1060 1263 vos
1083 1236 1114 1263 et
1137 1231 1203 1264 col-

450 1286 569 1329 legium
608 1291 748 1319 vestrum
783 1296 1005 1328 quoscumque
1045 1295 1204 1328 pauperes

450 1340 497 1373 vel
518 1345 662 1382 egentes,
685 1350 766 1383 quos
794 1339 833 1371 ad
867 1338 1105 1381 susceptionem
1130 1348 1203 1381 gra-

449 1394 550 1427 duum
570 1393 891 1427 huiusmodihabiles
912 1398 940 1426 et
962 1392 1096 1425 idoneos
1108 1402 1202 1435 repe-

449 1447 550 1487 rietis,
571 1447 611 1479 ad
640 1448 826 1480 doctoratus
854 1444 1041 1478 huiusmodi
1066 1444 1202 1488 gradum

449 1501 585 1544 benigne
613 1507 641 1533 et
667 1500 804 1538 gratiose
834 1508 998 1532 assumere
1019 1504 1049 1530 et
1070 1508 1201 1542 promo·

450 1564 523 1586 vere
540 1553 691 1586 debeatis.

494 1608 508 1652 ἓ
535 1608 567 1641 4.
599 1607 634 1640 Et
661 1608 806 1652 insuper,
843 1617 916 1639 cum
952 1606 1204 1639 intellexerimus

451 1662 603 1695 dilectum
640 1662 742 1694 tilium
786 1661 1062 1705 proto-medicum
1101 1660 1204 1693 dictae

452 1715 541 1748 urbis
568 1726 626 1759 pro
653 1720 798 1758 tempore
819 1714 1024 1753 existentem,
1047 1714 1079 1746 in
1099 1715 1204 1747 causis

452 1774 516 1802 tam
537 1769 684 1802 civilibus
698 1778 796 1812 quam
813 1767 1034 1801 criminalibus
1053 1768 1085 1800 in
1102 1767 1204 1811 prima

450 1822 610 1862 instantia,
622 1822 660 1855 ad
671 1823 739 1855 eius
753 1821 983 1865 cognitionem,
998 1821 1120 1854 ratione
1129 1821 1202 1854 dicti

450 1877 499 1909 sui
526 1877 634 1914 officii,
657 1876 901 1919 quomodolibet
931 1875 1150 1919 spectantibus
1176 1881 1202 1906 et

451 1931 698 1974 pertinentibus,
712 1942 728 1962 a
744 1929 874 1963 diversis
887 1929 1030 1962 eiusdem
1044 1930 1204 1961 Romanae

451 1985 564 2018 Curiae
582 1985 743 2018 iudicibus
759 1986 821 2018 sive
848 1983 1092 2021 commissaliis,
1121 1984 1206 2016 ordi-

452 2038 549 2071 nariis
573 2039 620 2071 rel
636 2038 907 2077 extraordinariis,
935 2036 1084 2081 impediri
1109 2048 1143 2070 ac
1160 2037 1206 2069 in-

452 2092 588 2135 quietari
613 2098 643 2125 et
671 2093 702 2124 in
729 2092 795 2124 dies
816 2091 998 2127 molestari2
1027 2100 1096 2126 nos,
1124 2091 1205 2123 cius-

453 2145 526 2178 dem
551 2145 779 2188 proto-medici
815 2156 851 2177 ac
880 2145 975 2176 vestri
1007 2144 1133 2186 collegii
1161 2144 1206 2176 in-

453 2198 617 2231 demnitati
652 2199 820 2231 consulere
851 2198 1036 2240 cupientes,
1069 2197 1128 2229 sub
1153 2207 1206 2229 ex-

455 2251 757 2285 communicationis
775 2252 855 2284 latae
875 2251 1050 2283 sententiae
1067 2262 1103 2283 ac
1120 2251 1207 2283 mille

455 2305 647 2338 ducatorum
672 2305 755 2344 auri,
781 2315 840 2348 pro
860 2314 924 2337 una
949 2303 1102 2337 Camerae
1126 2306 1207 2347 Apo-

455 2358 598 2397 stolieae‚
617 2368 676 2402 pro
692 2357 753 2390 alia
768 2368 843 2390 vero
864 2357 1090 2390 medietatibus
1105 2363 1208 2390 vestro

456 2412 591 2456 collegio
608 2412 817 2455 applicandis.
830 2412 954 2455 poenis,
972 2412 1148 2445 districtius
1163 2411 1209 2444 in-

455 2466 596 2500 hibendo
612 2465 802 2498 mandamus
822 2465 1083 2509 quibuscumque
1099 2465 1209 2498 huius-

457 2516 543 2550 modi
580 2517 682 2548 almae
718 2515 807 2548 urhis
836 2521 962 2548 nostrae
994 2515 1156 2549 iudicibus
1181 2522 1210 2548 et

457 2565 703 2604 commissariis,
731 2564 901 2597 ordinariis
931 2570 961 2597 et
990 2565 1209 2598 extraordina-

458 2615 530 2655 riis,
557 2624 764 2658 quacumque
796 2613 948 2656 dignitate
982 2614 1208 2657 fungentibus,

458 2675 496 2696 ηρ
521 2663 797 2707 proto-medicum
823 2662 1023 2706 praedictum
1050 2663 1081 2695 in
1097 2664 1212 2696 ‘causis

1806 212 1820 227 ⁴»

1055 264 1234 288 nt'LLARtt‘M
1259 263 1410 288 ROMANUM

1249 316 1418 356 similibus,
1445 315 1484 349 ad
1509 316 1577 350 eius
1601 316 1756 356 osticium,
1782 320 1818 348 ut
1841 315 1999 359 praemit-

1249 370 1337 411 titur,
1361 370 1577 413 spectantibus
1594 375 1625 404 et
1643 369 1890 414 pertinentibus,
1916 379 1999 413 quo-

1249 434 1313 467 quo
1349 424 1444 456 modo
1474 424 1643 457 molestare
1656 429 1685 457 et
1705 423 1861 468 impedire
1892 423 1941 456 vel
1965 422 1999 456 in

1249 477 1294 510 eis
1319 487 1351 510 se
1377 477 1589 510 intromittere
1618 477 1755 511 debeant
1779 488 1836 511 seu
1859 476 1995 521 possint.

1293 531 1307 573 ξ
1341 530 1371 563 5.
1406 529 1611 564 Declarantes
1642 542 1679 564 ex
1711 541 1798 564 nunc
1831 536 1930 574 prout
1961 540 1998 563 ex

1249 589 1325 617 tune
1359 583 1566 616 inhibitiones
1601 594 1822 628 quascumque
1857 589 1888 617 et
1924 583 1998 617 inde

1249 642 1358 669 secuta
1397 648 1622 681 quaecumque
1661 637 1694 670 in
1723 637 1815 670 dictis
1846 637 1994 677 iudiciis,

1249 697 1359 724 contra
1384 691 1533 724 eumdem
1559 691 1834 734 proto-medicum
1854 690 1886 723 in
1907 690 1999 723 dictis

1249 745 1353 778 causis
1377 745 1416 778 ad
1441 755 1516 778 eum
1541 745 1794 789 pertinentibus,
1821 744 1998 788 quomodo·

1248 809 1388 843 eumque
1420 799 1459 832 de
1493 805 1599 832 cetero
1637 798 1856 841 decernendas
1889 802 1921 830 et
1951 797 1997 831 fa-

1248 852 1395 892 ciendas,
1423 863 1480 885 seu
1504 852 1673 896 hucusque
1703 851 1847 885 decretas
1871 855 1926 884 aut
1949 850 1999 883 in-

1247 905 1382 945 hibitas,
1408 905 1478 948 ipso
1511 905 1582 938 iure
1613 910 1643 938 et
1668 905 1751 938 sacto
1783 904 1851 937 sore
1875 909 1907 937 et
1930 914 1999 938 esse

1247 960 1353 992 nullas
1385 970 1421 992 ac
1453 959 1575 992 nullius
1606 958 1733 992 roboris
1763 964 1795 992 et
1823 958 1998 1000 momenti;

1247 1025 1283 1046 ac
1300 1014 1363 1047 illis
1378 1025 1443 1047 non
1459 1013 1671 1053 obstantibus,
1689 1013 1777 1057 quod
1792 1012 1877 1046 idem
1892 1017 2001 1057 proto·

1247 1068 1391 1102 medicus
1411 1069 1443 1101 in
1468 1069 1546 1112 ipsis
1570 1068 1674 1101 causis
1699 1067 1876 1111 procedere
1899 1067 2001 1112 possit

1247 1128 1275 1155 et
1299 1122 1409 1163 valeat,
1436 1123 1503 1156 sine
1527 1123 1635 1166 aliquo
1661 1132 1873 1156 censurarum
1890 1132 1927 1155 ac
1942 1132 1999 1165 pe-

1246 1176 1417 1209 cuniarum
1428 1176 1441 1204 ·l
1460 1186 1652 1220 poenarum,
1666 1176 1699 1208 in
1714 1174 1904 1208 huiusmodi
1915 1174 2000 1208 inhi-

1245 1230 1421 1263 bitionibus
1441 1230 1736 1274 exprimendarum,
1759 1229 1905 1270 incursu,
1923 1239 1999 1273 per—

1245 1284 1318 1317 inde
1343 1295 1380 1317 ae
1400 1284 1424 1317 si
1445 1285 1524 1318 tales
1548 1284 1756 1317 inhibitiones
1777 1294 1814 1316 ae
1838 1282 1901 1316 alia
1924 1282 2000 1316 inde

1245 1343 1353 1370 secuta
1377 1348 1602 1382 quaecumque
1618 1347 1683 1370 non
1707 1342 1919 1377 emanassent,
1937 1335 1998 1369 nisi

1245 1391 1322 1423 alias
1361 1401 1419 1435 per
1450 1401 1509 1424 nos
1548 1401 1603 1424 seu
1637 1400 1840 1424 successores
1870 1395 1998 1423 nostros

1256 1446 1406 1478 'iomanos
1430 1444 1601 1478 Pontifices
1625 1444 1789 1489 provisum
1814 1444 1921 1477 suerit.

1289 1499 1304 1541 ἓ
1331 1498 1360 1532 6.
1389 1498 1505 1543 Sicque
1538 1509 1596 1543 per
1626 1508 1850 1542 quoscumque
1874 1497 2018 1554 iudices¹
2037 1503 2200 1527 cluunt-nub-

1246 1558 1274 1585 et
1300 1552 1550 1591 commissarios,
1580 1552 1690 1596 quavis
1713 1550 1904 1584 auctoritate
1923 1550 1997 1583 fun-

1245 1611 1372 1648 gentes,
1400 1605 1495 1638 etiam
1525 1615 1697 1638 causarum
1729 1604 1840 1637 Palatii
1864 1605 2000 1649 Aposto—

1245 1660 1298 1692 lici
1319 1659 1483 1693 auditores
1503 1665 1531 1692 et
1553 1664 1681 1692 sanctae
1708 1659 1871 1692 Romanae
1890 1657 2001 1691 Eccle-

1245 1714 1309 1746 siae
1331 1713 1522 1753 cardinales,
1543 1713 1668 1746 sublata
1689 1713 1734 1746 eis
1754 1717 1785 1746 ct
1805 1721 1920 1746 eorum
1935 1711 2001 1745 cui-

1246 1763 1323 1796 libet
1346 1763 1456 1807 qnavis
1480 1763 1573 1796 aliter
1601 1762 1764 1795 iudicandi
1790 1767 1819 1795 et
1844 1761 2002 1805 interpre-

1246 1813 1331 1845 tandi
1358 1814 1507 1846 laenitate
1534 1819 1565 1846 et
1588 1812 1791 1851 auctoritate,
1817 1811 1955 1844 iudicari
1972 1816 2003 1844 et

1246 1863 1372 1895 deliniri
1398 1863 1525 1898 debere.
1551 1874 1586 1896 ac
1612 1862 1768 1905 quicquid
1788 1871 1881 1895 secus
1905 1870 2003 1904 super

1248 1912 1295 1944 tiis
1320 1925 1337 1944 a
1361 1909 1537 1956 quoquam}
1554 1911 1665 1956 quavis
1683 1910 1884 1950 auctoritate,
1902 1909 2003 1943 scien-

1248 1969 1295 1995 tcr
1325 1962 1372 1994 vel
1398 1962 1595 2005 ignoranter,
1631 1959 1800 2003 contigerit
1831 1958 2000 1999 attentari,

1248 2012 1374 2045 irritum
1401 2017 1431 2044 et
1455 2010 1549 2044 inane
1574 2010 1790 2043 decernimus.

1292 2062 1306 2104 ξ
1331 2061 1360 2094 7.
1394 2060 1551 2099 Quocirca
1582 2059 1819 2092 venerabilitms
1848 2058 2002 2092 fratribus
2028 2073 2203 2100 nopai-uom-

2016 2107 2149 2158 iffiffl?
2163 2106 2202 2126 ‘⁸'

1248 2110 1412 2154 Liparensi
1438 2115 1467 2142 et
1491 2108 1749 2152 Balneorcgicnsi
1781 2109 1941 2153 episcopis
1965 2119 2002 2142 ac

1249 2159 1366 2192 dilecto
1392 2159 1458 2192 tilio
1491 2158 1604 2192 Curiae
1649 2168 1820 2191 causarum
1851 2157 2003 2192 Gamerae

1248 2208 1450 2251 Apostolicae
1472 2207 1622 2243 auditori,
1641 2218 1698 2251 per
1719 2212 1902 2250 praesentes
1917 2217 2003 2240 com—

1249 2257 1406 2291 mittimus
1444 2263 1471 2289 et
1507 2256 1697 2289 mandamus
1730 2260 1890 2299 quatenus
1920 2256 2001 2300 ipsi,

1249 2308 1296 2340 rel
1331 2309 1394 2341 duo
1429 2313 1479 2340 ant
1515 2316 1598 2339 unus
1636 2316 1768 2345 eorum,
1802 2316 1860 2350 per
1889 2316 1922 2339 se
1954 2308 2003 2340 vel

1250 2357 1349 2390 alium
1375 2369 1430 2389 scu
1456 2357 1547 2390 alios.
1574 2360 1759 2398 praesentes
1784 2355 1892 2389 literas
1916 2360 1948 2388 et
1970 2355 2004 2389 in

1251 2406 1295 2439 eis
1321 2411 1469 2439 contenta
1491 2415 1729 2448 quaecumque,
1758 2404 1812 2437 ubi
1830 2404 2003 2448 etquando

1251 2466 1333 2499 opus
1358 2455 1464 2495 tuerit,
1492 2466 1527 2487 ac
1553 2454 1679 2497 quoties
1704 2464 1763 2496 pro
1787 2459 1878 2498 parte
1901 2459 2004 2487 vestra

1252 2504 1368 2537 suerint
1396 2504 1552 2547 requisiti,
1579 2503 1768 2536 solemniter
1787 2502 2001 2547 publicantes,

1251 2554 1403 2597 vobisque
1436 2553 1467 2586 in
1504 2553 1689 2597 praemissis
1721 2552 1860 2586 efficacis
1893 2552 2003 2586 defen-

1252 2603 1350 2635 sionis
1374 2603 1533 2646 praesidio
1553 2602 1747 2642 assistentes,
1764 2601 1882 2636 saciant
1895 2605 2004 2641 aucto-

1290 2672 1300 2697 1
1323 2670 1450 2703 Cherub„
1466 2672 1666 2702 praedictarum
1687 2668 1726 2704 (a.
1743 2668 1792 2703 τ.).

2016 261 2066 288 An.
2081 259 2111 288 C.
2130 259 2199 288 1:5⁵5

2058 541 2199 564 tnhthtnonu

2012 573 2100 595 :iliorum
2141 575 2196 595 indt-

2013 610 2059 625 cum
2086 611 2128 626 nou
2151 605 2198 626 affi-

2013 637 2071 656 ciunt
2131 637 2197 664 ipsum

2014 668 2187 693 protomedieum.
