2227 3001
1824 236 1873 261 Aa.
1892 236 1919 261 C.
1943 235 2007 262 1536

1697 227 1754 260 521

1885 290 1956 312 Libro»
1972 292 2007 311 liic

1837 324 1946 343 inmetata,
1974 326 2006 343 te<

309 291 323 331 ,ξ
343 288 394 321 ll.
419 287 595 330 Nullusque
616 287 698 320 alius
719 287 872 328 notarius,
896 293 957 320 tani
980 287 1010 319 in
1100 289 1115 332 g
1134 287 1186 320 115.
1211 287 1456 330 Teneanturquc
1477 292 1507 319 ct,
1528 287 1655 329 obligati
1678 288 1734 321 sint
1759 290 1825 323 ‹ti-.

66 346 206 368 Cn=¹ce1¹>=riit
223 353 248 367 ¹¹-
264 341 362 374 curiis
378 341 581 384 generalibus
600 352 697 385 quam
715 341 745 374 in
763 341 1012 385 particularilms
1056 343 1094 373 vti
1113 341 1293 374 cancellarii
1317 346 1343 374 ct
1368 340 1482 374 notarii
1507 346 1615 373 tencre
1642 341 1805 375 int'rascri-
1823 329 1895 375 iuba

66 381 159 435 :linqui-ee
174 380 249 435 {aqna
264 395 452 435 civitatibus,
475 395 569 428 terris
589 400 616 427 et
635 395 723 435 locis,
739 395 837 439 possit
858 396 962 438 rogari
984 402 1013 429 et
1056 400 1124 438 ptos
1140 395 1250 435 libros,
1264 395 1421 427 videlicet:
1443 405 1542 427 unum
1560 395 1689 427 chartac
1707 406 1808 428 mom-

69 237 118 264 ΛΠ.
134 236 163 263 C.
184 235 249 263 1556
909 234 1025 258 PAI'Lt's
1050 235 1079 258 tx·
1105 236 1151 258 Pr).

87 881 145 901 Alios
160 885 246 902 contra-

61 915 106 932 ctus
116 910 157 939 ipsi
169 918 244 938 rugare

61 946 156 971 possunt3

81 1205 121 1228 'rex
130 1212 146 1228 -n
165 1206 240 1228 obser-

55 1241 112 1264 νουῑς

87 2340 178 2362 Examen
195 2346 236 2362 non

51 2372 156 2398 rovelent,
168 2377 236 2399 neque

52 2404 102 2425 dont
147 2405 237 2430 coptam,

51 2434 131 2463 absquo
163 2435 237 2456 iudicis

52 2467 148 2491 ‹locretm

262 449 402 482 scribere
433 454 503 482 acta
535 459 589 481 seu
620 454 802 482 contractus
834 448 1009 490 cautionis,

262 502 348 547 pacis
369 508 399 535 et
418 502 635 540 iinluciarum,
662 509 715 535 aut
740 502 816 535 alias
837 503 1012 547 scripturas

261 562 288 588 ct
310 561 480 601 praccepta
506 567 677 589 causarum
712 556 930 590 criminalium
957 564 1011 590 aut

260 610 395 643 aliarum
417 621 474 654 per
493 611 613 643 similes
632 611 842 644 cancellarios
862 616 891 643 et
920 617 1011 644 nota-

261 664 323 697 rios
343 664 528 698 criminales
548 665 653 707 rogari
681 664 859 698 solitarum.
893 665 1008 698 Decer-

260 723 370 751 nentes
380 718 506 752 irritum
520 725 549 752 et
566 719 660 751 inane
681 718 835 762 quicquid
854 729 911 761 per
932 718 1011 751 alios

260 777 341 803 esset
361 772 516 816 scriptum
533 778 584 805 aut
609 778 786 816 receptum.

304 826 318 869 ἕ
342 826 391 859 12).
414 827 570 870 Quodque
592 826 650 870 ipsi
672 826 786 859 notarii
808 826 869 859 sire
888 827 1010 859 cancel-

260 879 329 912 larii
350 881 532 914 criminales
566 880 688 925 possint
717 880 811 913 etiam
845 880 950 923 rogari
972 881 1009 913 de

258 933 519 977 quibuscumque
570 934 787 967 contractibus
837 933 982 965 civilibus
1001 961 1007 971 ,

259 989 435 1022 dummodo
464 1000 526 1021 non
558 988 593 1021 sit
629 999 775 1032 expresse
810 987 1008 1032 prohibitum

259 1055 315 1087 per
342 1049 474 1083 statuta,
503 1043 720 1076 ordinationes
751 1041 812 1075 sive
847 1041 1009 1086 privilegia

258 1098 343 1132 illius
360 1099 432 1131 loci.

300 1153 314 1193 ξ
334 1152 386 1185 13.
407 1152 588 1185 Solutiones
605 1162 677 1184 vcro
695 1151 840 1193 recipere
858 1160 921 1182 nou
940 1162 1008 1193 pos-

256 1206 329 1246 sint,
353 1206 412 1239 nisi
433 1206 611 1239 secundum
634 1212 719 1238 taxas
740 1204 770 1236 in
791 1204 918 1247 scriptis
944 1204 1008 1237 edi-

255 1265 300 1292 tas
321 1259 352 1292 in
373 1259 484 1303 quovis
505 1260 589 1295 loco3
612 1265 638 1291 et
663 1258 717 1290 ubi
737 1268 802 1290 non
824 1263 929 1290 esseut
960 1262 1006 1289 ta-

255 1319 356 1354 xatae,
378 1314 425 1346 vel
447 1318 534 1346 laxae
562 1324 618 1356 per
638 1311 885 1345 desuetudinem
909 1311 1004 1344 abro-

253 1373 343 1410 gatae
365 1372 481 1407 essent,
500 1367 679 1399 secundum
697 1370 900 1405 consuetum,
920 1366 1006 1409 quod

254 1426 443 1454 consuetum
471 1431 545 1453 cum
572 1420 752 1452 interventu
782 1419 1007 1462 gubernatoris

253 1480 307 1507 aut
326 1474 457 1507 alterius
478 1474 622 1507 officialis
648 1474 813 1507 declarare
835 1479 865 1506 et
885 1478 1004 1513 taxare,

254 1528 446 1572 easdemque
468 1533 553 1560 taxas
569 1528 709 1560 scribere
727 1534 778 1560 aut
797 1527 877 1571 typis
893 1528 1006 1560 excudi

254 1583 359 1615 t'acere
394 1588 424 1615 et
457 1580 623 1625 publicare
659 1581 779 1624 possint
815 1586 842 1613 et
869 1581 1005 1614 debeant

253 1633 502 1668 communitates
522 1635 681 1671 locorum,
701 1635 779 1667 adeo
803 1640 833 1666 ut
855 1635 1006 1667 (minibus

253 1693 346 1721 notae
368 1688 440 1721 sint.
455 1688 492 1721 Et
502 1688 573 1721 talis
585 1688 728 1721 notarius
744 1688 906 1731 accipiens
925 1689 1005 1721 ultra

252 1741 408 1782 debitum,
448 1741 549 1785 prima
584 1742 648 1774 vice
680 1747 826 1774 tenemur
847 1742 885 1774 ad
914 1741 1004 1774 resti-

252 1794 408 1828 tutionem
446 1795 525 1838 parti
556 1795 688 1827 solventi
727 1801 756 1826 ct
786 1795 1004 1839 quadruplum

252 1849 354 1882 dictae
370 1848 512 1882 Camerae
533 1849 737 1892 Apostolicaffi
763 1849 903 1881 secunda
924 1849 1003 1885 vice,

252 1903 336 1936 ultra
356 1902 589 1936 restitutionem
612 1903 694 1946 parti
716 1903 861 1942 solventi,
880 1909 911 1936 et
924 1903 1005 1935 ultra

250 1957 468 2001 quadruplum
491 1956 593 1989 dictae
613 1956 766 1990 Gamerae
792 1957 1004 2001 Apostolicae,

252 2016 397 2044 teneatur
425 2011 463 2044 ad
490 2021 625 2054 poenam
654 2010 887 2055 quinquaginta
909 2012 1006 2045 duca-

252 2071 355 2097 torum
373 2065 443 2098 auri
459 2065 497 2097 de
514 2065 645 2098 Camera
662 2065 929 2109 applicandorum
946 2065 1005 2110 ipsi

251 2119 416 2158 Camerae3
438 2119 529 2152 tertia
556 2119 635 2158 vice,
654 2119 739 2152 ultra
755 2119 1002 2161 restitutionem,

252 2173 290 2205 ad
300 2172 468 2205 arbitrium
482 2173 607 2213 iudicis,
626 2173 747 2217 possint
763 2173 879 2217 privari
891 2184 1003 2207 eorum

252 2226 376 2259 officiis.

296 2280 310 2323 ἓ
326 2280 378 2313 14.
397 2280 460 2313 Nec
478 2281 598 2324 possint
618 2281 676 2324 ipsi
700 2281 882 2314 cancellarii
905 2286 934 2314 et
951 2293 1005 2315 uo-

253 2333 323 2366 tarii
344 2335 485 2368 revelare
505 2335 635 2379 aliquod
662 2346 793 2368 examen
821 2335 1004 2369 cuiuscum-

252 2398 315 2432 que
335 2387 382 2421 rei
403 2399 461 2432 pro
482 2388 592 2432 quavis
626 2399 733 2430 causa,
756 2395 811 2422 aut
839 2389 923 2422 illius
950 2400 1004 2423 co·

252 2436 338 2482 piam
374 2437 462 2477 dare,
485 2437 544 2470 nisi
566 2439 654 2482 prius
674 2449 691 2471 a
712 2438 817 2472 iudice
838 2439 1004 2472 decretum

253 2486 350 2520 fuerit
370 2487 456 2531 quod
476 2486 545 2519 dari
560 2486 685 2527 debeat,
708 2487 767 2520 suh
788 2499 892 2533 poena
912 2488 1005 2521 amis-

253 2536 350 2570 sionis
383 2535 491 2575 osficii,
528 2547 625 2581 super
658 2548 721 2581 quo
743 2537 873 2582 procedi
908 2538 1006 2582 possit

253 2591 363 2619 contra
384 2596 438 2619 eos
466 2585 688 2627 criminaliter,
711 2591 742 2620 et
761 2592 930 2621 accusator
954 2589 1004 2620 lu·

252 2640 361 2668 cretur
384 2639 531 2678 quartam
557 2640 690 2679 partem.

330 2688 403 2726 Ball.
425 2688 499 2723 Rom.
521 2689 573 2720 Vol.
599 2689 640 2720 Π,
850 2690 885 2722 tt&

1055 449 1185 487 branae7
1210 455 1399 492 cooljwrtum
1417 448 1517 487 corio,
1537 448 1643 492 inquo
1661 449 1754 482 simul
1772 462 1806 482 a·-

1056 503 1155 545 rogati
1187 502 1306 534 suerint
1333 502 1370 533 de
1406 502 1512 545 aliqua
1539 502 1714 540 sententia,
1745 508 1807 536 tam

1055 556 1317 588 condemnatoria
1330 568 1424 599 quam
1443 556 1650 596 absolutoria,
1676 558 1808 590 autlten-

1054 610 1151 642 ticam
1183 609 1393 650 extendendo,
1421 622 1495 642 cum
1522 610 1756 654 subscriptione
1779 617 1809 643 et

1054 664 1143 706 signo
1157 675 1226 702 sito,
1247 664 1327 696 int'ra
1339 670 1402 696 tres
1417 664 1484 696 dics
1501 664 1640 697 scribere
1657 664 1806 705 debeant,

1054 718 1113 751 sub
1134 728 1237 762 poena
1257 718 1513 761 vigintiquinque
1541 718 1732 751 ducatorum
1760 719 1806 752 ci-

1053 772 1124 804 dem
1146 772 1297 805 Gamerae
1330 772 1618 816 applicamlormu2
1650 778 1679 806 ct
1708 773 1806 806 alium

1054 827 1182 858 chartae
1205 826 1328 870 papyri,
1348 826 1380 857 in
1401 837 1465 869 quo
1488 827 1806 860 tem-auturscribere

1053 890 1164 913 omnes
1175 880 1407 923 inquisitiones,
1421 880 1595 913 denuncias
1607 886 1637 913 ct
1647 882 1806 924 querelas,

1053 945 1088 965 ac
1110 934 1208 966 alium
1227 933 1364 967 similem
1383 934 1412 966 iu
1434 945 1498 976 quo
1516 934 1642 967 testium
1663 935 1809 968 examina

1053 987 1247 1022 scribantur:
1267 998 1391 1020 necnon
1413 988 1510 1020 alium
1538 988 1674 1021 similem
1699 989 1729 1021 in
1745 1001 1808 1032 quo

1052 1042 1236 1074 scribantur
1261 1053 1372 1075 omnes
1398 1048 1487 1075 actus
1512 1043 1665 1076 ordinarii
1693 1054 1807 1076 occur—

1052 1100 1169 1133 rentes,
1189 1106 1263 1128 cum
1286 1096 1451 1139 productis
1472 1097 1706 1140 scripturarum
1727 1108 1808 1142 qua-

1051 1159 1280 1193 rumcumque7
1296 1155 1358 1182 tam
1373 1161 1430 1194 pro
1448 1150 1524 1183 fisco
1537 1162 1633 1194 quam
1652 1162 1710 1195 pro
1726 1151 1806 1192 aliis,

1051 1213 1156 1246 neque
1178 1203 1319 1246 aliquam
1341 1204 1535 1248 scripturam
1562 1205 1807 1249 restituercjde—

1051 1257 1158 1297 beant,
1181 1257 1240 1290 nisi
1257 1257 1348 1301 prius
1364 1258 1395 1290 in
1413 1258 1525 1291 eodem
1543 1258 1624 1291 libro
1642 1260 1807 1302 registrata

1051 1311 1158 1352 fuerit;
1181 1322 1217 1344 ac
1233 1311 1332 1344 alium
1355 1312 1504 1350 similem,
1529 1313 1560 1345 in
1582 1323 1646 1356 quo
1663 1312 1806 1346 scriban-

1050 1372 1102 1398 tur
1118 1367 1225 1398 omnia
1243 1367 1389 1399 examina
1406 1366 1487 1399 sacta
1504 1378 1563 1410 pro
1580 1367 1806 1402 informatione

1049 1420 1163 1453 Curiae
1192 1425 1222 1452 et
1250 1421 1381 1463 quaevis
1402 1421 1462 1453 alia
1494 1420 1691 1462 informatio,
1724 1434 1807 1466 quae

1049 1475 1181 1507 daretur
1215 1480 1326 1507 contra
1360 1485 1601 1519 quemcumque
1640 1487 1744 1518 reum,
1778 1483 1806 1510 et

1050 1528 1157 1561 omnia
1187 1529 1331 1562 examina
1362 1540 1415 1561 seu
1455 1529 1629 1562 constituta
1662 1530 1807 1574 ipsorum

1028 1584 1030 1609 ἴ
1051 1592 1193 1621 reorumg
1220 1588 1250 1614 et
1265 1581 1364 1615 alium
1382 1582 1518 1615 similem
1537 1582 1674 1625 librum,
1695 1584 1727 1616 in
1743 1595 1807 1628 quo

1050 1634 1232 1668 scribantur
1260 1646 1372 1668 omnes
1402 1636 1569 1669 cautiones
1601 1637 1806 1670 induciarum

1049 1694 1077 1721 et
1100 1688 1186 1732 pacis
1208 1699 1242 1720 ac
1271 1689 1404 1721 alterius
1420 1690 1656 1733 cuiuscumque
1678 1691 1807 1733 generis

1051 1742 1273 1781 iustrumenta,
1313 1748 1375 1775 tam
1406 1743 1444 1774 ad
1479 1742 1622 1775 otticium
1649 1755 1746 1788 quam
1768 1745 1805 1778 ad

1051 1796 1261 1838 particulares
1272 1806 1425 1840 personas
1437 1797 1624 1839 spectantia,
1639 1798 1677 1831 de
1689 1798 1808 1842 quihus

1049 1850 1267 1892 rogabuntur:
1300 1850 1461 1894 reliquum
1490 1861 1564 1883 vcro
1595 1851 1734 1885 similem
1768 1853 1805 1885 li—

1049 1904 1142 1936 brum
1165 1903 1194 1935 in
1217 1915 1280 1947 quo
1303 1904 1485 1937 scribantur
1511 1916 1623 1938 omnes
1641 1906 1805 1950 supplica-

1049 1957 1150 1989 tiones
1183 1957 1369 1999 gratiarum,
1406 1958 1642 2003 cuiuscumque
1676 1960 1804 2002 generis

1048 2016 1103 2043 aut
1123 2011 1407 2049 commissionum,
1440 2023 1522 2056 quae
1544 2013 1688 2046 venirent
1709 2024 1806 2057 super

1049 2065 1154 2098 causis
1184 2065 1406 2099 criminalibus
1435 2066 1497 2099 sive
1519 2066 1636 2107 mixtis;
1666 2078 1725 2100 nec
1747 2068 1804 2100 ali-

1048 2130 1143 2163 quem
1172 2130 1360 2163 processum
1387 2131 1511 2154 cassare
1542 2121 1679 2165 possint,
1708 2122 1804 2155 etiam

1048 2174 1086 2206 de
1104 2174 1253 2207 mandato
1270 2175 1459 2218 superioris,
1472 2175 1540 2208 sine
1554 2175 1801 2220 supplicatione,

1048 2238 1104 2259 nes·
1127 2232 1297 2271 antequam
1315 2228 1345 2260 in
1367 2228 1547 2262 dictolibro
1567 2229 1606 2262 sit
1623 2230 1801 2273 registrata3

1048 2286 1079 2314 et
1098 2281 1123 2313 si
1143 2292 1236 2314 secus
1270 2283 1334 2321 liet,
1368 2282 1493 2316 irritum
1515 2282 1553 2315 sit
1582 2288 1612 2316 et
1633 2283 1744 2325 inane,
1766 2295 1803 2317 ac

1048 2335 1260 2368 cancellarius
1290 2336 1352 2368 sive
1383 2336 1539 2377 notarius,
1573 2348 1630 2381 pro
1659 2337 1799 2382 qualibet

1047 2388 1125 2428 vice,
1140 2390 1231 2422 cadat
1245 2390 1277 2423 in
1294 2401 1432 2434 poenam
1448 2390 1681 2434 quinquaginta
1698 2396 1802 2424 scuto-

1049 2453 1121 2476 rum
1141 2444 1303 2489 praefatae
1333 2443 1484 2477 Gamerae
1519 2444 1798 2489 applicandorum,

1048 2502 1064 2524 a
1085 2503 1148 2536 qua
1178 2503 1281 2537 poena
1309 2504 1341 2527 se
1362 2505 1515 2528 excusare
1536 2505 1600 2528 non
1620 2495 1721 2527 valeat
1741 2494 1800 2526 sub

1048 2548 1221 2586 praecepto
1233 2543 1370 2577 alicuius
1377 2543 1563 2588 superioris,
1574 2549 1799 2588 praeterquam

1047 2591 1183 2626 Romani
1203 2592 1379 2634 Pontificis3
1407 2603 1532 2626 necnon
1555 2593 1586 2625 in
1614 2593 1728 2626 eodem
1760 2593 1797 2626 ti->

1047 2641 1105 2674 bro
1125 2646 1297 2675 teneantur
1323 2642 1461 2676 scribere
1490 2643 1596 2677 omnia
1623 2642 1798 2677 inventaria
