2227 3001
233 268 282 295 An.
301 269 329 296 C.
350 269 425 297 ¹553,

474 259 538 292 470

431 321 498 363 riri;
518 331 644 354 necnon
668 320 906 354 considerantes
924 323 1050 352 nostrae
1071 318 1181 351 aetatis

429 376 599 409 hominum
637 375 784 408 astutiam
817 386 851 405 ac
888 373 1118 415 malignitatem
1142 373 1180 405 ad

429 441 524 463 omne
545 429 683 462 malitiae
714 440 750 461 ac
777 428 962 460 temeritatis
987 438 1088 469 genus
1113 438 1180 460 esse

430 484 615 527 proclivem,
638 494 673 515 ac
695 489 800 515 tamen
822 481 846 513 si
871 482 1028 514 constanti
1055 492 1112 514 nos
1137 487 1182 513 at-

429 548 491 581 que
512 538 681 571 obfirmato
702 536 808 568 animo
826 535 1062 568 decreverimus
1082 534 1182 567 nemi-

429 602 502 623 nem
524 601 676 633 umquam
698 590 776 621 velle
802 589 945 629 laedere,
973 588 1050 631 quin
1076 588 1181 631 potins

429 645 502 677 totis
534 650 561 677 et
596 643 693 676 animi
715 649 741 676 et
771 642 893 676 consilii
922 654 958 675 ae
984 642 1181 675 auctoritatis

427 702 554 730 nostrae
574 697 705 736 viribus,
724 696 953 740 omnipotentis
983 695 1037 728 Dei
1063 695 1180 728 auxilio

428 755 457 783 et
472 750 667 793 benignitate
690 750 801 785 adiuti,
824 750 862 782 ad
889 749 1101 782 universalem
1121 748 1180 781 mi-

428 815 515 837 serae
528 809 557 837 et
574 804 708 837 afflictae
726 803 965 836 christianitatis
981 814 1092 847 pacem
1110 814 1182 846 pro-

428 858 603 890 curandam
624 857 724 890 simus
744 857 907 901 propensi,
932 857 1046 900 passim
1074 863 1180 889 tamen

427 921 491 944 non
512 911 622 944 deesse
642 922 700 944 nee
723 911 777 954 qni
807 911 949 943 actiones
977 916 1101 944 nostras
1132 922 1182 943 ea—

427 965 646 1005 lurnnientur,
675 976 733 998 nee
755 965 809 1008 qni
835 965 929 997 etiam
959 965 1052 997 statui
1086 969 1180 1008 atque

427 1017 543 1051 honori
564 1023 672 1052 nostro
693 1018 903 1057 insidientnr;
933 1019 1075 1051 volentes
1096 1029 1178 1057 (0111,

426 1083 509 1116 quae
535 1073 656 1116 providi
683 1078 729 1106 est
756 1072 931 1116 principis,
966 1072 998 1104 in
1024 1072 1074 1104 liis
1102 1078 1180 1105 teni-

427 1137 543 1170 porum
560 1126 802 1159 ditlieultatibus
818 1126 1000 1159 cautionem
1014 1126 1178 1166 adhibere,

427 1180 607 1221 statuimus,
634 1179 821 1212 ordinamus
848 1184 943 1222 atque
965 1179 1182 1222 praecipimus

428 1238 461 1266 ut
477 1234 597 1272 nullus,
615 1239 677 1266 tam
696 1234 798 1267 almae
815 1233 903 1266 urbis
919 1238 1045 1265 nostrae
1063 1233 1181 1265 Rornae

429 1298 524 1330 quam
552 1287 698 1320 omnium
720 1287 903 1327 civitatum,
927 1287 1119 1330 oppidorum
1138 1287 1183 1319 lo-

430 1351 609 1385 corumque
629 1342 845 1375 Statusnostri
862 1341 1075 1375 Ecclesiastici
1096 1342 1181 1381 civis,

430 1394 589 1428 habitator
597 1401 649 1429 aut
664 1396 780 1433 incola,
791 1395 930 1429 cuiusvis
941 1396 1069 1438 gradus,
1083 1407 1184 1439 preec-

429 1448 602 1481 minentiae
622 1455 677 1481 aut
702 1449 893 1482 conditionis
909 1449 1031 1487 existat,
1051 1450 1182 1493 posthac

429 1502 514 1545 apud
534 1502 686 1545 aliquem,
710 1509 935 1546 praeterquam
960 1503 1046 1547 apud
1071 1504 1180 1544 duces,

430 1554 678 1598 capitaneosque
700 1561 836 1595 nostros,
859 1556 918 1589 nisi
939 1556 977 1589 de
998 1562 1103 1589 nostra
1128 1563 1183 1589 aut,

430 1608 577 1641 locorum
606 1615 789 1642 nostrornm
820 1616 996 1649 rectorum,
1024 1612 1184 1653 guberna-

429 1666 601 1707 torumque
622 1675 677 1696 seu
699 1663 805 1696 dilecti
826 1664 881 1696 filii
904 1664 1021 1697 nobilis
1044 1664 1103 1697 viri
1130 1665 1182 1697 In-

429 1715 505 1748 liani
521 1717 682 1757 Cesarini,
706 1718 757 1750 eui
783 1718 1070 1751 describemlortnn
1097 1718 1182 1751 rnili-

428 1776 496 1802 tum
513 1776 552 1811 01,
580 1776 614 1803 nt
633 1772 727 1814 vulgo
743 1772 870 1809 (licitur,
886 1773 1149 1806 Dell'ordi'nanze
1169 1783 1183 1805 e

429 1825 594 1867 bannali&
616 1825 649 1857 in
670 1826 727 1858 liae
749 1826 832 1858 alma
853 1826 932 1858 urbe
960 1832 1069 1859 nostra
1095 1832 1125 1859 et
1150 1826 1181 1858 in

430 1883 494 1911 toto
515 1878 602 1911 Statu
624 1879 846 1912 Ecclesiastico
869 1881 1052 1921 generalem
1070 1891 1181 1913 curam

429 1931 702 1973 demandavimus,
715 1944 864 1976 expressa
874 1933 1013 1971 licentia,
1024 1934 1183 1977 stipendia

429 1985 575 2029 accipere
597 1991 625 2018 et
648 1986 802 2027 militare,
831 1987 890 2020 sub
918 1987 1030 2031 poenis
1058 1987 1090 2020 in
1112 1988 1183 2021 aliis

429 2039 546 2072 nostris
562 2039 719 2073 similibus
737 2041 993 2074 ordinationibus
1014 2042 1181 2076 contentis.

428 2092 544 2125 audeat
573 2099 626 2127 aut
651 2100 854 2137 praesumat,
885 2105 922 2128 ac
951 2094 1099 2128 similiter
1123 2100 1183 2128 sta-

428 2146 575 2181 tuimus&
614 2148 802 2181 ordinamus
831 2160 867 2181 ac
900 2148 1117 2192 praecipimus
1148 2154 1180 2181 nt

428 2200 537 2232 nullus
558 2201 588 2233 in
611 2202 720 2234 eadem
750 2203 828 2235 urbe
854 2202 1051 2245 reliquisque
1077 2203 1182 2235 Status

429 2253 528 2286 nostri
550 2254 639 2291 locis,
659 2255 797 2287 cuiusvis
812 2256 946 2296 gnatus,
971 2255 1181 2299 111-1130111111οη-

429 2307 494 2341 tiae
523 2313 577 2340 aut
598 2309 789 2342 conditionis
817 2309 941 2345 existat,
975 2310 1056 2342 clani
1087 2315 1181 2353 atque

429 2361 566 2398 occulte,
582 2361 744 2405 pecunias,
757 2362 904 2405 stil‘wndii
923 2362 1062 2403 nomine,
1076 2367 1111 2395 ut
1127 2362 1182 2395 mi-

428 2414 498 2447 lites
515 2419 641 2458 paratos
665 2415 794 2450 lrabeat,
818 2417 893 2447 dare
917 2421 966 2447 aut
996 2415 1182 2459 promittere

429 2468 491 2501 sive
513 2480 564 2501 eas
589 2469 748 2512 accipere„
770 2470 815 2501 vel
834 2482 913 2506 sime,
939 2476 988 2502 ant
1017 2470 1112 2503 verbo
1129 2475 1183 2503 aut

430 2518 492 2551 lide
513 2523 565 2551 aut
587 2518 697 2562 quovis
718 2519 824 2555 11101111,
849 2525 909 2551 tani
932 2525 1061 2563 accepta
1089 2530 1183 2562 peen-

430 2568 481 2600 nia
501 2580 598 2612 quam
623 2569 716 2606 alias,
745 2568 883 2610 cuipiam
908 2569 936 2600 in
960 2569 1071 2601 militia
1097 2568 1183 2601 addi-

430 2628 501 2649 cere
522 2617 637 2650 audeat
658 2622 752 2661 atque
773 2623 972 2660 praesumat,
998 2619 1056 2650 snb
1082 2618 1184 2650 rebel-

1027 266 1206 290 BL'LLARIL'M
1227 265 1378 289 ROMANUM

1223 329 1297 357 eos,
1320 330 1375 362 qm
1398 317 1552 361 pecunias
1577 317 1723 351 dederint
1743 321 1798 350 aut
1818 316 1974 361 promise-

1223 372 1297 412 rint,
1321 383 1417 415 quam
1440 383 1497 415 per
1528 382 1594 412 eos,
1621 371 1675 415 qui
1696 371 1896 415 acceperint,
1920 376 1975 404 aut

1223 425 1631 459 501111(101111111111111111111110
1643 427 1837 459 voluntatem
1848 426 1974 459 occ-ulte

1223 480 1377 522 obligare,
1392 484 1444 511 aut
1467 490 1516 517 se,
1540 484 1574 511 ut
1595 479 1790 522 praefertur,
1814 479 1974 522 obligave-

1224 532 1296 569 rint,
1319 532 1386 576 ipso
1407 532 1489 564 sacto
1509 532 1704 565 incurrenda
1721 544 1834 576 poena,
1848 543 1975 566 necnon

1225 586 1416 629 punitionis,
1448 586 1532 619 iuxta
1562 587 1647 628 leges
1667 597 1704 619 ac
1732 587 1976 620 constitutiones

1225 641 1416 683 temporales
1446 641 1596 673 adversus
1621 640 1776 684 principis
1799 641 1848 674 sui
1869 640 1977 684 prodi-

1225 700 1308 727 tores
1327 705 1364 727 ac
1385 695 1520 727 rebelles
1539 700 1569 727 et
1589 704 1660 727 reos
1680 695 1783 727 laesae
1804 695 1976 728 maiestatis

1223 748 1254 780 in
1276 748 1380 790 primo
1401 748 1504 791 capite
1519 748 1749 791 proinulgatas;
1763 748 1849 791 quod
1860 749 1885 781 si
1902 759 1976 782 con-

1223 801 1322 844 tinget
1339 812 1425 839 enm,
1436 801 1501 845 qui,
1517 807 1629 834 contra
1644 802 1727 835 lianc
1739 801 1976 835 ordinationem

1223 861 1377 893 nostram,
1401 855 1554 899 pecunias
1569 855 1692 888 dederit
1708 861 1763 888 aut
1783 855 1975 900 promiserit,

1223 914 1273 941 aut
1297 909 1424 942 occulte
1436 920 1472 941 ac
1488 909 1599 953 quovis
1622 908 1766 952 quaesito
1782 909 1889 942 colore
1902 920 1975 943 cum

1224 962 1358 996 subditis
1382 962 1499 996 nostris
1524 963 1729 1004 convenerit,
1757 963 1977 1006 procuraverit

1222 1017 1270 1048 vel
1300 1015 1464 1049 tentaverit
1492 1016 1628 1058 milites,
1658 1022 1722 1049 tam
1749 1028 1785 1049 ex
1810 1017 1871 1050 hac
1896 1017 1976 1050 urbe

1224 1074 1331 1102 nostra
1364 1081 1461 1113 quam
1500 1081 1537 1103 ex
1568 1070 1702 1114 reliquis
1733 1070 1839 1104 Status
1876 1069 1977 1104 nostri

1224 1123 1328 1164 terris,
1347 1124 1386 1156 ad
1403 1124 1451 1157 sui
1467 1124 1710 1169 requisitionem
1727 1129 1855 1168 paratos
1865 1135 1902 1157 ac
1918 1123 1977 1158 sibi

1224 1176 1379 1220 obligatos
1394 1178 1525 1219 habere,
1537 1183 1681 1222 utsupra
1696 1177 1817 1211 dictum
1833 1183 1891 1219 est,
1905 1188 1979 1222 pro-

1224 1231 1398 1269 curaverit,
1420 1242 1592 1275 personam
1613 1242 1680 1265 esse
1706 1231 1954 1265 ecclesiasticam
1968 1258 1975 1272 ‚

1224 1285 1333 1329 quavis
1362 1290 1417 1317 aut
1443 1285 1647 1329 quantumvis
1672 1285 1826 1319 eminenti
1859 1297 1896 1319 ac
1923 1296 1978 1319 su-

1224 1338 1314 1371 bliini
1348 1339 1499 1381 dignitate
1538 1339 1736 1383 praeditam,
1773 1339 1978 1373 decernimus

1225 1403 1311 1432 eum,
1325 1393 1407 1425 ultra
1424 1393 1621 1437 praedictam
1635 1393 1820 1427 rebellionis
1828 1404 1977 1438 poenam,

1225 1447 1567 1481 excommunicationis
1595 1448 1728 1492 insuper
1747 1449 1828 1482 latae
1852 1454 1979 1483 senten-

1226 1500 1286 1533 tiae
1306 1505 1337 1533 et
1365 1500 1550 1544 privationis
1577 1501 1723 1534 omnium
1754 1511 1887 1535 suorum
1908 1513 1978 1546 gra-

1225 1554 1344 1594 duum,
1376 1554 1556 1587 officiorum
1587 1566 1624 1588 ac
1648 1555 1882 1588 beneficiorum
1903 1567 1979 1600 poe-

1225 1619 1299 1641 nam
1320 1608 1388 1651 ipso
1410 1609 1492 1641 sacto
1514 1608 1692 1642 incurrere.
1719 1609 1779 1648 Qui
1804 1620 1879 1643 vero
1899 1621 1977 1644 con-

1225 1662 1438 1696 travenientes
1453 1662 1529 1695 111110
1542 1662 1736 1696 ordinationi
1751 1668 1879 1697 nostrae
1896 1675 1978 1708 prae-

1226 1721 1383 1759 ceptoque
1396 1716 1615 1756 revelaverint,
1638 1717 1783 1760 amplum
1805 1728 1881 1750 suae
1901 1717 1978 1751 fide-

1225 1769 1320 1803 litatis
1336 1781 1373 1803 ac
1388 1770 1572 1813 diligentiae
1592 1770 1792 1814 praemium,
1806 1770 1893 1804 iuxta
1908 1782 1978 1815 per-

1225 1834 1378 1857 sonarum
1398 1829 1452 1857 aut
1472 1824 1610 1857 aliarum
1631 1825 1823 1868 qualitatum
1839 1825 1978 1859 circuni-

1225 1878 1372 1911 stantiam
1385 1905 1392 1917 ,
1412 1878 1543 1921 largiter
1561 1890 1579 1912 a
1595 1879 1688 1912 nobis
1716 1884 1976 1923 consequentur;

1225 1937 1255 1965 et
1275 1943 1388 1965 rursus
1400 1932 1455 1976 qui
1467 1932 1654 1966 huiusmodi
1669 1932 1978 1966 contravenientium

1226 1986 1369 2019 notitiam
1391 1986 1576 2027 habuerint,
1593 1992 1621 2020 et
1639 1997 1693 2020 eos
1713 1987 1854 2020 revelare
1869 1988 1978 2030 negle—

1224 2040 1341 2080 xerint,
1359 2040 1391 2073 in
1404 2051 1478 2073 aere
1494 2044 1524 2073 et
1540 2040 1570 2072 in
1588 2051 1735 2084 corpore,
1751 2039 1896 2084 ipsorum
1910 2040 1978 2074 ino-

1224 2093 1403 2126 bedientiae
1425 2093 1571 2126 meritam
1588 2104 1724 2138 poenam
1741 2104 1848 2128 severe
1869 2105 1980 2138 recep-

1224 2152 1315 2180 turos
1342 2148 1566 2187 decl-aramum
1594 2148 1743 2181 volumus
1770 2147 1865 2182 etiam
1890 2153 1926 2181 ut
1954 2147 1978 2181 si

1225 2201 1280 2245 qui
1303 2202 1382 2234 sorte
1417 2201 1601 2245 supradicto
1624 2202 1719 2234 inodo
1748 2201 1901 2246 pecunias
1924 2207 1980 2235 aut

1225 2255 1371 2288 dederint
1391 2267 1445 2288 seu
1476 2247 1682 2299 promiserint
1709 2256 1756 2289 vel
1781 2255 1976 2300 acceperint,

1225 2314 1279 2341 ant
1305 2320 1337 2342 sc
1367 2309 1594 2351 obligaverint,
1631 2310 1710 2342 infra
1740 2309 1883 2342 triduum
1908 2315 1979 2352 post

1225 2363 1442 2406 praesentium
1457 2363 1720 2406 publicationem,
1739 2374 1806 2396 seso
1818 2362 1910 2396 nobis
1925 2367 1980 2396 ant

1225 2417 1372 2450 locorum
1413 2421 1597 2449 nostiormn
1633 2416 1811 2449 rest-toriljius
1845 2421 1900 2449 aut
1923 2428 1980 2459 gu-

1225 2470 1450 2503 bernatoribus
1475 2471 1522 2503 vel
1548 2471 1671 2514 prefato
1702 2470 1823 2503 iuliano
1850 2470 1980 2503 manife-

1226 2525 1355 2554 stantes,
1378 2520 1417 2551 ab
1439 2519 1612 2556 illiusmodi
1633 2519 1901 2564 promissionibus
1925 2524 1980 2552 ant

1226 2569 1477 2612 obligationibus
1498 2569 1716 2602 rctralierc.se
1738 2568 1871 2613 impune
1895 2573 1926 2602 ct
1944 2567 1981 2601 li-

1225 2619 1301 2652 bere
1322 2618 1455 2663 possint.
1480 2624 1547 2663 post
1569 2629 1709 2661 (piorum
1725 2618 1852 2652 dierum
1871 2617 1980 2651 termi-

429 2666 524 2700 lionis
545 2678 579 2699 ae
602 2666 837 2700 confiscationis
853 2668 1024 2702 bonorum,
1049 2673 1109 2700 tam
1130 2679 1185 2711 per
1230 2679 1320 2703 1111111,
1344 2667 1398 2711 qni
1420 2679 1450 2701 se
1469 2667 1601 2703 interea,
1620 2673 1651 2700 ut
1670 2667 1896 2713 praemittitur,
1914 2677 1980 2701 ma-

1987 263 2037 292 An.
2055 263 2085 292 C.
2103 264 2170 292 ¹555
