2227 3001
422 241 486 275 320

379 304 485 337 minus
504 310 616 338 contra
642 304 876 348 propositiones
903 305 1060 347 praefatas
1079 305 1127 336 vel

378 363 490 386 earum
510 354 679 398 quaslibet,
693 353 751 385 sub
767 352 980 391 indultorum,
998 362 1127 385 conces-

378 401 524 442 sionum,
554 401 794 446 privilegiorum
829 406 859 433 et
885 401 1126 443 exemptionum

378 452 565 484 eorumdem
582 456 612 483 et
627 449 737 493 quovis
757 449 818 482 alio
839 455 1020 493 praetextu,
1041 461 1125 483 asse-

377 506 494 540 rentes,
504 504 723 544 proponentes
738 504 768 532 et
783 499 1005 542 praedicantes
1018 499 1127 532 liuius-

377 550 462 583 modi
483 548 669 593 procedere‚
688 548 863 590 inquhere,
882 558 1059 591 eorumque
1077 549 1125 581 iu-

376 598 592 631 risdictionem
610 607 758 629 exercere
775 596 873 628 libere
895 596 1012 639 possint
1031 601 1058 629 et
1078 608 1126 629 ra-

376 647 478 687 leant,
496 646 606 690 quovis
622 645 729 684 modo,
748 656 806 688 per
825 656 857 677 se
875 645 923 677 vel
946 645 1045 677 alium
1070 656 1126 678 seu

375 696 465 732 alios,
482 695 600 728 directe
616 695 663 727 rel
680 694 843 734 indirecte,
861 694 1015 738 inmediri}
1038 706 1126 738 prae-

376 751 514 777 sumant.

418 794 432 836 ἓ
453 794 483 827 5.
507 794 575 826 Non
591 793 790 826 obstantibus
807 792 990 836 praemissis
1006 798 1034 825 et
1052 804 1127 837 apo-

190 854 298 874 cnumian
321 855 358 874 de-
374 842 509 880 stolicis,
524 853 559 875 ae
577 842 607 875 in
620 841 869 886 provincialibus
879 847 909 874 et
922 843 1127 885 synodalibus

179 889 305 911 ‘⁰³⁴¹‘⁰¹'³⁰·
375 891 519 925 conciliis
534 891 638 929 editis,
652 890 855 933 generalibus
870 891 917 923 vel
934 892 1126 934 specialibus

375 939 654 973 constitutionibus
669 945 696 972 ct
718 939 985 980 ordinationibus,
1001 951 1125 973 necnon

374 989 528 1023 Ordinum
557 988 758 1027 eorumdem,
783 988 982 1029 iuramento⁷
1006 992 1125 1022 contir-

375 1038 513 1071 matione
547 1037 722 1081 apostolica
758 1038 805 1070 vel
840 1038 948 1081 quavis
977 1038 1125 1072 tirmitate

373 1088 434 1120 alia
449 1087 619 1127 roboratis,
638 1087 761 1120 statutis
777 1093 804 1120 et
824 1088 1123 1127 consuetudinum,

372 1136 545 1181 privilegiis
560 1147 690 1180 quoque
711 1142 741 1169 et
761 1137 1017 1181 exemptionibus
1035 1149 1126 1181 prae-

373 1185 465 1219 dictis
484 1185 659 1229 quibusvis,
677 1185 736 1218 sub
757 1185 1018 1229 quilniseumqne
1038 1192 1126 1219 teno-

374 1235 462 1268 ribus
489 1241 519 1268 et,
538 1235 649 1268 formis
678 1246 735 1278 per
764 1246 822 1267 nos
849 1241 880 1267 et
906 1236 1018 1268 Sedent
1045 1236 1126 1279 Apo-

374 1284 518 1317 stolicam
566 1283 744 1323 concessis,
780 1284 979 1317 confirmatis
1013 1291 1039 1317 et
1078 1285 1126 1317 in-

374 1333 513 1373 novatis,
540 1333 668 1376 quibus,
689 1333 756 1372 etsi,
782 1344 841 1376 pro
855 1333 1025 1366 sufficienti
1054 1334 1125 1367 illo-

376 1393 446 1416 rum
463 1383 681 1425 derogatione,
703 1383 740 1415 de
757 1382 818 1414 illis
842 1382 1037 1426 illorumque
1056 1383 1127 1416 totis

374 1431 540 1464 tenoribus
559 1431 717 1475 specialis,
744 1430 893 1474 specifica
915 1436 945 1463 et
964 1442 1124 1475 expressa,

375 1491 438 1513 non
458 1486 564 1513 autem
587 1492 643 1524 per
667 1481 827 1513 clausulas
852 1481 1018 1522 generales
1043 1481 1126 1513 idem

376 1529 594 1572 importantes,
611 1529 729 1563 mentio
740 1529 887 1561 habenda
898 1530 989 1566 toret,
1002 1535 1128 1563 tenores

376 1578 560 1610 huiusmodi
582 1589 639 1622 pro
668 1578 864 1611 sufficienter
888 1579 1044 1621 expressis
1071 1580 1127 1612 lia-

375 1627 506 1667 bentes,
528 1627 588 1659 hac
608 1627 674 1660 vice
695 1628 879 1665 dumtaxat,
902 1626 963 1658 illis
991 1628 1068 1661 alias
1097 1629 1127 1661 in

376 1687 433 1709 suo
454 1676 569 1709 robore
587 1675 817 1720 permansuris,
836 1676 1017 1719 specialiter
1032 1682 1062 1710 et
1078 1689 1128 1710 ex-

377 1737 483 1770 presse
511 1726 720 1768 derogamus,
752 1725 930 1768 ceterisque
960 1728 1128 1761 contrariis

377 1775 648 1819 quibuscumque.

420 1826 435 1868 ᾗ
455 1826 485 1858 6.
509 1825 545 1857 Et
565 1824 640 1867 quia
660 1824 788 1857 difficile
810 1824 892 1857 soret
912 1829 970 1857 etc.
984 1842 1000 1847 υ

421 1874 534 1906 Datum
563 1873 682 1906 Romae
713 1874 798 1917 apud
829 1873 860 1906 S.
891 1873 1039 1914 Petrum,
1070 1875 1128 1907 sub

378 1923 497 1956 annulo
518 1922 699 1962 piscatoris7
722 1923 771 1955 die
791 1933 842 1955 Xiv
863 1922 1009 1961 ianuarii,
1028 1923 1129 1956 mille-

379 1972 458 2005 simo
496 1971 752 2015 quingentesimo
794 1972 1040 2015 quiidragesimo
1079 1984 1128 2006 se-

378 2021 496 2060 cundo,
519 2021 725 2065 pontificatus
745 2021 843 2054 nostri
865 2031 949 2053 anno
971 2031 1037 2054 vni.

417 2075 477 2104 Dat.
497 2075 543 2105 die
568 2075 604 2104 14
627 2075 684 2104 ian.
715 2075 800 2110 1549,
819 2074 921 2114 pontif.
937 2085 1012 2104 anne
1031 2084 1089 2105 vni.

182 249 231 276 An.
251 249 279 276 C.
297 250 364 278 15³2

176 1833 360 1859 Transumpiorum

178 1865 237 1885 fideti

381 2236 604 2279 Comprobatio
641 2237 846 2279 mariarum,
870 2236 1128 2268 iia-isdictionum

424 2290 452 2318 et
479 2285 677 2318 indultorum
710 2286 834 2328 collegyz'z'
864 2285 1007 2327 fabricae.
1035 2286 1132 2318 Beati

425 2334 517 2366 Petra?
538 2334 699 2376 Jm'nm'pis
726 2335 940 2376 apostolorum
965 2335 1002 2366 (le
1032 2334 1128 2373 l'rlw,

425 2395 493 2416 cam
504 2384 639 2415 aliorum
649 2384 891 2426 privileg]intem
904 2383 1128 2415 concas-sione&

457 2446 555 2475 Paulus
574 2446 618 2479 111,
639 2446 673 2473 ad
692 2445 818 2474 futuram
833 2446 873 2474 rei
888 2446 1057 2475 memoriam.

427 2501 509 2533 Dum
536 2500 574 2532 ad
604 2499 768 2531 universas
801 2499 894 2531 Urbis
922 2500 1070 2532 basilicas
1104 2505 1131 2532 et

384 2550 469 2583 orbis
485 2549 647 2589 ecclesias,
662 2560 719 2592 pro
736 2548 879 2581 iniuncto
891 2550 983 2582 nobis
995 2550 1134 2593 desuper

422 2615 431 2639 l
455 2613 527 2639 Hanc
547 2611 643 2638 bullam
661 2612 709 2638 iste
720 2610 840 2638 Pontifex
855 2612 947 2638 iterato
966 2612 1133 2638 confirmavit

384 2653 425 2680 die
440 2654 471 2681 10
482 2652 590 2681 ianuarii
606 2653 680 2686 151⁸st
693 2655 718 2678 et
730 2651 826 2679 Paulus
837 2651 869 2680 IV
882 2652 923 2679 die
933 2653 964 2680 ⁹211
979 2652 1041 2678 iunii
1057 2653 1131 2679 1555:

971 250 1149 274 BULLARIUM
1174 250 1323 273 ROMANUM

1932 248 1981 274 An.
1998 248 2025 274 C.
2046 247 2112 275 ¹511ss

1168 302 1361 346 apostolicae
1382 302 1539 335 servitutis
1559 301 1676 341 officio,
1699 300 1820 334 crebris
1838 300 1915 344 vigi·
1944 307 2114 345 Bastticasancti

1168 356 1218 388 liis
1238 361 1269 389 et
1288 355 1423 388 assiduis
1442 356 1554 389 studiis
1575 355 1784 395 attendimus,
1807 355 1846 387 ad
1867 366 1916 387 sa·
1931 339 2116 391 fffsse'sssssepffffi}

1169 421 1256 442 cram
1277 409 1452 452 praecipue
1473 409 1506 441 B.
1524 409 1609 442 Petri
1630 409 1765 453 apostoli
1778 409 1816 441 de
1833 409 1917 441 Urbe
1932 401 2116 454 22122nJ¹ss¹f3¹1²J⁵

1168 463 1353 501 basilicam,
1389 473 1426 495 eo
1456 462 1608 495 libentius
1640 468 1769 495 nostrae
1803 462 1919 495 mentis

1168 517 1280 548 oculos
1309 515 1544 555 convertimus,
1566 515 1653 558 quod
1685 515 1817 548 basilica
1852 516 1918 559 ipsa

1169 570 1200 602 in
1221 568 1382 601 nascentis
1401 568 1563 601 Ecclesiae
1579 574 1687 601 sancta
1704 569 1916 605 institutione,

1169 634 1204 654 ac
1235 621 1417 665 primorum
1443 621 1636 654 christianae
1663 622 1827 664 religionis
1854 623 1918 655 cle-

1168 676 1311 708 ricorum
1328 685 1453 713 norma,
1471 674 1762 718 traditionibusque
1775 681 1805 708 et
1821 676 1919 709 sacris

1168 729 1338 766 institutis,
1362 739 1397 761 ac
1418 728 1531 760 divinis
1565 728 1685 770 regulis
1716 729 1917 772 eloquiisque

1168 781 1371 826 praemunita
1400 781 1513 821 extitit,
1541 786 1572 813 et
1599 781 1637 813 ab
1664 780 1733 813 eius
1758 782 1918 825 primaeva

1168 835 1331 868 erectione
1352 835 1446 867 variis
1465 834 1620 866 virtutum
1648 834 1771 866 meritis
1791 845 1919 880 semper

1168 889 1379 932 resplenduit.
1392 888 1608 927 Quamobrem
1626 888 1774 920 nonnulli
1784 888 1919 921 Romani

1168 942 1337 974 Pontifices
1371 942 1636 985 praedecessores
1673 941 1773 973 nostri
1822 941 1918 975 innu-

1168 995 1265 1028 meris
1285 995 1451 1028 basilicam
1468 995 1568 1038 ipsam
1585 994 1760 1038 privilegiis
1775 1000 1806 1027 et
1821 996 1921 1038 digni-

1167 1054 1268 1081 tatum
1290 1049 1389 1081 titulis
1419 1048 1624 1081 decorarunt.
1656 1048 1744 1080 [nde
1765 1059 1841 1088 nos,
1865 1060 1920 1082 eo-

1168 1114 1239 1134 rum
1268 1101 1354 1134 ducti
1382 1102 1550 1145 exemplo,
1573 1101 1666 1134 decet
1693 1106 1729 1134 ut
1755 1101 1919 1135 basilicam

1168 1156 1267 1199 ipsam
1290 1155 1406 1188 nostris
1427 1155 1522 1188 etiam
1538 1154 1713 1198 gratiarum
1731 1155 1921 1188 muneribus

1168 1209 1368 1247 muniamus,
1393 1214 1423 1241 et
1442 1208 1510 1247 liis,
1533 1219 1615 1251 quae
1636 1219 1694 1252 pro
1716 1208 1817 1252 ipsius
1836 1209 1919 1242 basi-

1168 1262 1247 1295 licae
1269 1267 1442 1304 augmento
1466 1273 1501 1294 ac
1519 1272 1731 1305 personarum
1752 1262 1830 1294 inibi
1850 1268 1921 1296 vota

1168 1326 1224 1348 sua
1253 1315 1467 1348 exolvi-mium
1502 1314 1728 1347 commoditate
1754 1325 1921 1358 processe-

1169 1374 1264 1409 runt,
1287 1380 1326 1401 ne
1354 1368 1383 1401 in
1413 1368 1627 1401 contentionis
1657 1369 1847 1412 scrupulum
1876 1371 1921 1403 la-

1168 1423 1307 1461 bantur,
1330 1422 1385 1455 sed
1414 1422 1507 1454 firma
1533 1427 1564 1455 et
1583 1422 1705 1454 illibata
1732 1422 1919 1466 persistant.

1169 1476 1268 1509 nostri
1303 1476 1491 1508 muniminis
1517 1475 1687 1508 adiicimus
1717 1476 1920 1516 firmitatem,

1170 1540 1205 1561 ac
1226 1535 1257 1562 nt
1281 1529 1389 1569 dubia,
1413 1540 1495 1572 [luae
1517 1528 1548 1561 in
1570 1528 1741 1572 privilegiis
1766 1535 1796 1562 et
1815 1530 1924 1572 gratiis

1170 1582 1245 1626 ipsis
1275 1582 1413 1616 suboriri
1442 1587 1590 1626 possent,
1621 1588 1748 1615 nostrae
1778 1582 1922 1617 declara-

1170 1636 1264 1669 tionis
1297 1636 1495 1669 adminiculo
1530 1641 1750 1679 seponantur,
1786 1636 1925 1671 libenter

1170 1690 1381 1729 consulimus,
1396 1701 1431 1722 ac
1448 1689 1815 1733 desuperprorfflemus,
1828 1696 1925 1734 prout

1170 1744 1201 1776 in
1229 1744 1363 1777 Domino
1389 1743 1608 1787 conspicimus
1627 1743 1799 1777 salubriter
1826 1755 1922 1788 expe-

1171 1798 1251 1831 dire.

1214 1854 1229 1896 ξ
1249 1853 1278 1885 Ἰ.
1303 1852 1385 1886 Sane
1406 1852 1498 1884 nobis
1518 1862 1633 1896 nuper,
1646 1863 1704 1896 pro
1720 1858 1810 1896 parte
1830 1863 1924 1886 vene-
1965 1859 2063 1897 luliustl
2086 1866 2123 1887 pro

1171 1907 1321 1939 rabilium
1333 1907 1467 1939 fratrum
1484 1902 1669 1939 nostrorum
1681 1906 1842 1940 Francisci
1854 1907 1923 1940 Ale·
1939 1894 2080 1948 {iiclfssn'i'ii'se
2089 1893 2124 1949 isi„-

1170 1961 1295 2000 riensis,
1313 1960 1403 1993 Pauli
1423 1959 1668 1999 Nucerinensis,
1693 1959 1775 1993 Petri
1796 1961 1923 2004 Aquen-
1939 1960 2030 1982 ¹³²¹⁵⁰¹¹⁴
2045 1954 2125 1979 *²¹⁹⁶*

1940 1987 2002 2007 cunia
2017 1988 2035 2006 et
2050 1985 2124 2005 subve-

1171 2014 1212 2047 sis
1232 2019 1263 2047 et
1282 2013 1420 2057 Philippi
1448 2013 1543 2055 Burgi
1569 2013 1601 2046 S.
1629 2013 1776 2057 Sepulcri
1797 2013 1922 2058 episco-
1939 2016 2076 2068 uisentis&
2089 2022 2125 2036 ³¹²·

1172 2079 1307 2111 porum,
1331 2078 1367 2100 ae
1396 2066 1588 2099 dilectorum
1618 2067 1759 2100 filiorum
1781 2067 1923 2110 magistri
1939 2053 2126 2103 33:222&ssle

1171 2117 1298 2150 loannis
1314 2115 1470 2159 Baptistae
1486 2115 1630 2155 Cieadae,
1647 2116 1762 2149 notarii
1778 2116 1878 2150 nostri
1894 2123 1923 2149 et
1940 2110 2039 2163 ζζὲζζζθω
2072 2114 2125 2130 ⁰⁰¹¹*

1173 2177 1344 2199 Callffll'um
1365 2165 1516 2197 Gamerae
1542 2164 1745 2208 Apostolicae
1765 2166 1924 2209 generalis

1173 2215 1339 2255 auditoris,
1362 2225 1489 2247 necnon
1511 2214 1681 2257 Raphaelis
1701 2215 1739 2248 de
1761 2214 1924 2248 Casalibus

1173 2265 1247 2298 civis
1263 2263 1409 2303 Romani,
1425 2263 1655 2296 modernorum
1671 2264 1810 2297 fabricae
1822 2265 1924 2298 dictae

1172 2315 1322 2348 basilicae
1334 2314 1562 2357 deputatorum
1579 2313 1717 2346 exhibita
1728 2315 1838 2358 petitio
1851 2326 1925 2348 cor.-

1173 2364 1294 2397 tinebat
1314 2363 1399 2407 quod
1420 2373 1536 2405 nuper,
1559 2367 1731 2406 postquam
1752 2364 1853 2397 felicis
1872 2375 1923 2397 re-

1175 2412 1368 2446 cordationis
1387 2411 1487 2443 lulius
1507 2411 1591 2454 Papa
1620 2412 1665 2451 Il,
1695 2413 1924 2455 praedecessor

1175 2468 1294 2501 noster,
1317 2460 1371 2504 qui
1392 2466 1496 2500 antea,
1521 2472 1594 2493 cum
1611 2461 1649 2493 ad
1664 2461 1814 2496 basilicae
1830 2474 1924 2507 prac-

1176 2530 1233 2556 ideo
1247 2537 1297 2555 non
1308 2533 1348 2555 est
1361 2527 1509 2554 curandum
1521 2527 1553 2553 de
1563 2527 1728 2555 intermediis
1738 2533 1764 2555 et
1776 2531 1925 2564 respectixe

1176 2568 1397 2605 praecedentibus
1412 2568 1632 2601 suspensionibus
1652 2572 1678 2594 et
1700 2570 1924 2596 revocationibus.

1177 2610 1270 2638 Videre
1283 2613 1370 2635 tamen
1381 2612 1421 2635 est
1432 2611 1518 2634 const.
1536 2615 1564 2634 ιιι
1576 2608 1716 2635 Clementis
1729 2609 1786 2641 Vll,
1798 2618 1865 2645 quae
1881 2610 1923 2636 in-

1175 2652 1246 2687 cipit,
1269 2653 1410 2682 Admonet,
1428 2658 1486 2686 pag.
1503 2648 1539 2678 128
1557 2649 1635 2677 huius
1652 2649 1725 2678 tomi.
