2227 3001
112 269 162 299 An.
179 271 209 299 C.
226 269 292 299 ¹552

127 866 222 887 Minister
245 873 283 893 ge-

101 899 179 918 neralis
204 902 223 918 el
248 899 282 919 alii

101 929 154 949 banc
188 931 284 950 stru-tiu-

100 966 143 980 rom
166 960 282 981 observan-

100 993 148 1011 iiam
181 993 280 1019 impetire

100 1022 245 1048 probibentur.

113 1506 185 1528 Forma
193 1507 275 1528 babitus

95 1540 121 1559 sit
137 1539 260 1559 etmsiinitis.

106 1666 273 1694 accipiendique

92 1699 152 1718 modo
168 1704 191 1718 a«-
216 1704 274 1720 rece-

91 1731 171 1756 ptandi.

112 2466 222 2487 Custodem
231 2465 268 2485 ha-

87 2497 150 2518 benni
173 2497 208 2517 int
231 2501 268 2516 re-

85 2528 167 2549 roi-mati
187 2530 208 2548 in
223 2528 268 2548 sin-

86 2560 138 2586 gulis
146 2560 267 2587 provinciis

938 270 1077 295 CLEMENS
1099 271 1138 295 ΠΙ
1159 269 1206 296 PP.

306 329 363 364 set,
386 322 439 357 sed
472 321 621 365 magister
655 321 834 366 provinciae
869 334 942 356 cum
972 323 1051 356 defi-

304 377 461 410 nitoribus
486 376 517 408 in
544 375 729 420 provinciali
756 375 895 419 capitulo
920 382 1050 409 tenean-

304 436 357 464 tur
388 430 449 463 alia
470 431 560 470 loca,
595 434 751 473 quantum
787 430 935 473 possibile
956 429 1051 463 fuerit

304 482 453 525 contigua
469 482 651 526 praedietis,
676 483 720 514 eis
744 482 903 523 assignare
921 488 948 515 et
966 482 1051 526 prio-

302 536 390 568 ribus
414 536 540 568 addere.
578 536 662 574 Quae
688 535 817 579 quidem
842 537 912 569 loca
939 537 1050 569 fratres

300 588 454 631 praedicti
482 587 688 632 expropriare
726 588 846 632 possint
878 589 1049 633 superfluis

302 648 329 674 et
350 641 513 685 pretiosis,
549 647 579 674 et
605 652 642 674 ea
662 641 694 673 10
714 641 803 674 utilia
824 647 853 674 et
870 642 1048 675 necessaria

301 701 511 735 commutare⁷
535 695 695 729 mediante
726 696 855 739 syndico
876 707 893 728 a
918 696 1046 728 Nicolao

301 748 392 780 tertio
414 748 423 770 ¹
449 748 694 791 praedecessore
721 754 830 781 nostro
850 748 1007 781 ordinato.

342 802 357 845 ἓ
381 801 412 834 4.
436 801 469 834 Ε1
491 801 648 843 generalis
681 813 717 835 ac
742 801 953 845 provinciales
986 802 1045 833 mi-

298 854 387 887 nistri
408 860 437 888 et
457 866 569 887 eorum
605 855 814 888 commissarii
836 866 899 888 non
926 856 1043 899 possint

298 907 453 951 impedire
477 908 656 951 praedictos
677 919 693 940 a
714 908 796 940 dicta
818 908 967 941 strictiori
988 908 1044 941 ob-

297 962 452 994 servantia
473 962 571 1005 ipsius
587 962 725 1004 llegulae
737 988 744 999 ,
768 962 851 993 iuxta
868 962 1046 1005 praedi‹·tas

296 1015 527 1049 declarationes
546 1015 665 1047 Nieolai
686 1020 713 1047 et
736 1014 921 1055 Clementis,
950 1026 1007 1048 nee
1029 1027 1045 1048 a

294 1078 352 1100 suo
376 1068 461 1101 bono
487 1069 581 1101 modo
602 1068 736 1106 vivendi,
759 1079 855 1111 quem
881 1067 964 1101 inter
991 1079 1041 1109 se,

293 1132 351 1165 pro
381 1121 463 1154 dicta
483 1121 612 1155 arctiori
633 1121 849 1161 observantia,
881 1121 1044 1155 ordinave-

293 1174 365 1207 rint.
402 1175 465 1208 Nec
490 1175 584 1207 etiam
611 1174 787 1219 impediant
825 1175 903 1218 quin
929 1175 1044 1209 viliori-

291 1228 351 1260 bus
366 1233 397 1261 et
411 1228 571 1272 repetiatis
591 1228 777 1266 induantur,
802 1233 830 1261 et
850 1228 927 1271 quin
950 1229 1044 1261 nudis

292 1282 426 1326 pedibus
442 1282 617 1322 ambulent,
641 1282 694 1315 sed
724 1281 779 1326 qui
804 1293 866 1315 non
890 1283 1040 1326 poterint,

291 1340 418 1378 portent
439 1335 619 1379 calopodia,
642 1339 674 1367 01
697 1334 811 1368 ceteris
828 1335 1043 1368 comformen-

292 1394 354 1421 tur.

333 1441 348 1485 ἓ
373 1443 402 1476 5.
426 1442 541 1475 Forma
567 1447 672 1474 autem
707 1441 835 1474 habitus
868 1447 895 1474 et
922 1443 1040 1486 caputii

290 1496 329 1528 sit.
348 1495 379 1528 in
400 1495 514 1528 ceteris
534 1495 635 1527 dictae
653 1494 875 1527 Observantiae
891 1495 1041 1528 fratribus

289 1548 473 1582 conformis.

333 1601 347 1645 ἓ
367 1601 396 1634 6.
419 1601 576 1634 Volumus
602 1600 695 1633 etiam
739 1601 825 1643 quod
847 1601 959 1633 fratres
992 1612 1040 1633 re-

289 1653 427 1698 cipiendi
457 1664 512 1686 seu
534 1653 687 1686 vestiendi
705 1664 761 1696 per
777 1654 889 1686 l'ratres
910 1654 941 1686 in
957 1654 1039 1687 dieta

289 1707 437 1741 strictiori
458 1707 655 1740 observantia
677 1707 831 1747 viventes,
858 1707 1041 1740 examinen-

288 1762 340 1790 tur
366 1756 451 1789 iuxta
484 1756 638 1798 Regulam
674 1767 730 1799 per
751 1755 932 1788 ministrum
963 1768 1038 1800 pro-

286 1805 466 1845 vincialem,
492 1810 518 1837 et
542 1805 580 1837 ab
601 1805 682 1849 ipso,
706 1815 779 1837 cum
801 1801 935 1838 consilio
957 1805 1039 1849 ipso-

286 1865 370 1893 rum,
393 1859 612 1897 acceptentur.
628 1854 690 1886 Nee
704 1854 826 1897 possint
841 1853 1038 1898 quicumqm¹

285 1904 358 1937 dicti
394 1902 521 1936 Ordinis
550 1903 700 1947 praelati,
724 1903 790 1935 sine
820 1903 1036 1947 praefatorum

286 1953 419 1985 fratrum
444 1962 615 1991 consensu,
639 1952 676 1983 ad
699 1952 768 1984 loca
791 1951 953 1994 praedicta
969 1952 1038 1984 mit-

285 2007 350 2034 tere
370 2000 448 2033 alios
469 2001 592 2039 fratres,
616 2011 673 2033 nec
695 2001 875 2043 praedictos
894 2002 933 2033 ab
961 2001 1037 2045 ipsis

284 2049 362 2082 loeis
371 2060 530 2089 amovere,
544 2049 602 2082 nisi
618 2049 677 2092 ipsi
689 2049 848 2092 petierint.
862 2050 894 2082 ln
912 2050 1037 2092 provin-

284 2098 419 2131 cialibus
444 2108 518 2130 vero
547 2097 695 2141 capitulis
727 2103 952 2130 removeantur
980 2110 1037 2141 per

285 2147 446 2179 ministros
461 2146 672 2190 provinciales
692 2152 721 2179 et
742 2145 926 2179 definitores
947 2158 961 2178 a
987 2147 1034 2179 lo-

283 2196 328 2229 eis
366 2195 537 2239 praedictis
579 2195 623 2228 1111
652 2196 780 2235 fratres,
813 2206 894 2238 quos
929 2201 1035 2227 eustos

285 2252 318 2278 ut
337 2245 418 2278 inl'ra
439 2244 616 2288 eligendus,
638 2256 711 2277 eum
730 2255 888 2277 consensu
906 2243 1035 2277 maioris·

284 2293 382 2337 partis
401 2293 559 2326 vocalium
581 2293 740 2325 die-torum
760 2294 917 2333 locorum,
939 2293 1034 2325 duve-

284 2342 323 2374 rit
344 2342 548 2375 amovendos.

326 2392 340 2434 ἓ
361 2391 391 2424 7.
415 2391 550 2434 Insuper
570 2389 738 2423 statuimus
770 2390 856 2433 quod
878 2389 1031 2433 praedicti

284 2440 406 2479 fratres,
436 2439 466 2471 10
487 2439 569 2472 dicta
591 2438 739 2471 strictiori
769 2439 967 2471 observantia
990 2439 1032 2470 ri-

283 2499 353 2521 vere
374 2489 524 2527 volentes,
547 2488 685 2520 habeant
706 2488 737 2520 111
758 2487 891 2530 singulis
907 2489 1034 2532 provin-

282 2537 350 2577 ciis,
372 2537 427 2571 uhi
449 2537 585 2577 suerint,
617 2537 781 2570 custodem
804 2548 904 2570 unum
930 2550 965 2570 ex
987 2538 1033 2582 ip-

282 2587 335 2625 sis,
364 2596 460 2630 quem
491 2585 549 2618 sibi
571 2585 630 2629 ipsi
652 2585 812 2629 petierint,
848 2598 864 2619 a
886 2587 1031 2620 ministro

318 2654 329 2680 1
349 2653 515 2687 Waddingus
533 2653 590 2687 legit
610 2656 707 2685 quarto
725 2652 762 2688 (a.
780 2653 830 2688 1.).

1733 262 1796 297 157

1094 322 1280 366 provinciali
1316 322 1364 357 vel
1384 322 1424 356 ab
1446 333 1484 356 eo
1519 321 1573 366 qui
1608 328 1723 366 [moesi
1756 323 1841 367 capi-

1092 376 1171 416 tulo,
1208 376 1301 409 simul
1337 387 1410 410 cum
1444 375 1685 416 definitoribus,
1725 377 1840 410 confir-

1092 429 1244 461 mandum
1266 435 1296 463 et
1315 429 1552 473 assignandum.

1135 482 1149 524 §
1174 482 1204 515 8.
1233 483 1291 521 Qui
1316 484 1430 516 habeat
1451 483 1629 516 absolutam
1652 488 1837 526 potestatem

1090 535 1231 577 plenarie
1254 536 1285 568 in
1305 537 1367 569 hoc
1388 542 1532 576 tantum,
1563 541 1597 569 ut
1618 537 1730 569 fratres
1751 547 1840 580 prae-

1090 587 1189 619 dictos
1209 588 1320 627 visitet,
1344 594 1482 629 moneat,
1507 588 1644 631 corrigat
1665 600 1701 621 ae
1724 599 1839 622 manu-

1090 646 1194 673 teneat
1214 641 1245 673 in
1266 642 1349 674 dit-ta
1375 642 1524 675 strictiori
1553 641 1752 676 obsem‘antia
1782 643 1839 676 Re-

1088 694 1193 736 gulae,
1221 694 1458 728 ordinationum
1486 701 1513 728 et
1542 695 1729 739 gratiarum,
1753 696 1798 728 eis
1822 706 1839 727 a

1088 746 1179 779 nobis
1200 752 1228 779 et
1257 740 1496 780 suecessoribus
1519 748 1636 781 nostris
1671 751 1729 791 pi'o
1756 752 1838 780 tem-

1088 810 1165 843 pore
1186 800 1391 833 existentibus
1412 800 1562 833 Romanis
1581 800 1789 834 Pontificibus
1809 806 1840 833 et

1088 852 1240 885 ministris
1251 853 1455 896 generalibus
1471 864 1697 887 concessarum
1718 859 1749 887 et
1763 864 1839 887 con-

1088 906 1303 939 eedendarum
1326 906 1357 939 in
1383 908 1540 947 futurum,
1564 912 1594 939 et
1622 907 1659 939 in-
1675 907 1759 940 dicto
1779 918 1837 940 suo

1087 959 1270 992 bonomodo
1286 959 1418 993 vivendi.
1437 960 1499 992 Nee
1509 966 1641 1004 propter
1657 960 1717 993 hoe
1734 959 1837 1003 impe—

1086 1012 1191 1044 diatur
1212 1012 1356 1045 minister
1384 1012 1587 1057 provincialis
1610 1013 1689 1057 quin
1712 1013 1836 1047 visitare

1086 1065 1185 1109 possit
1216 1066 1344 1099 eosdem
1368 1071 1397 1099 et
1417 1066 1578 1109 corrigere
1600 1066 1832 1110 delinquentes.

1085 1119 1144 1158 Qui
1171 1120 1265 1152 etiam
1283 1125 1389 1153 custos
1412 1119 1458 1153 ire
1475 1119 1573 1164 possit
1595 1121 1633 1153 ad
1659 1120 1835 1164 capitulum

1084 1173 1245 1214 generale,
1260 1183 1333 1206 cum
1346 1172 1490 1206 ministro
1506 1172 1701 1217 provinciae,
1712 1173 1750 1206 ad
1761 1173 1836 1205 1011-

1085 1226 1239 1258 mandum
1272 1226 1475 1259 necessitates
1513 1231 1544 1259 et
1581 1226 1836 1270 opportunitates

1085 1279 1243 1312 dictorum
1268 1280 1413 1312 fratrum.

1127 1333 1192 1375 gt).
1221 1332 1413 1366 Ordinamus
1446 1332 1541 1366 etiam
1578 1333 1663 1377 quod
1705 1339 1831 1375 custOS,

1082 1385 1249 1428 guardiam
1271 1391 1301 1419 et
1335 1386 1462 1419 discreti
1488 1387 1728 1430 praedictorum
1749 1388 1834 1421 loco-

1082 1450 1153 1472 rum
1174 1440 1286 1472 vadant
1315 1440 1353 1472 ad
1381 1440 1520 1483 capitula
1547 1440 1766 1483 provincialia,
1802 1441 1833 1473 in

1081 1492 1199 1536 quibus
1219 1493 1357 1525 babeant
1376 1504 1485 1526 vocem
1513 1493 1646 1526 activam
1672 1498 1703 1526 et
1732 1494 1832 1538 passi—

1080 1557 1162 1582 vam,
1187 1545 1268 1579 sieut.
1288 1546 1384 1579 ceteri
1410 1547 1543 1580 vocales.

1124 1600 1139 1642 ξ
1160 1599 1211 1632 lt).
1240 1599 1273 1631 ln
1295 1599 1412 1644 quibus
1433 1598 1581 1643 capitulis
1602 1604 1708 1633 custos
1736 1611 1830 1644 prae-

1080 1652 1184 1685 dictus
1204 1658 1385 1696 praesentet
1406 1653 1549 1686 ministro
1584 1653 1771 1698 provinciali
1801 1660 1832 1686 et.

1080 1706 1304 1739 definitoribus
1324 1708 1437 1739 fratres
1464 1706 1596 1739 idoneos
1621 1707 1660 1739 ad
1688 1707 1830 1740 0111010111

1079 1753 1321 1797 guardianatus,
1364 1766 1398 1787 ex
1438 1755 1556 1798 quibus
1588 1760 1712 1788 tantum
1754 1756 1831 1789 fiant

1080 1804 1246 1845 guardiam
1268 1804 1528 1848 supradictorum
1549 1805 1708 1837 locorum.
1731 1805 1831 1838 Possit

1080 1852 1174 1885 etiam
1186 1852 1269 1885 idem
1288 1861 1407 1893 custos,
1424 1853 1506 1885 int'ra
1522 1864 1655 1894 annum,
1669 1865 1743 1887 eum
1756 1865 1830 1887 eon-

1079 1912 1173 1934 sensu
1212 1901 1342 1934 maioris
1371 1908 1469 1945 partis
1495 1907 1668 1935 conventus
1698 1902 1826 1945 singuli,

1077 1961 1241 1983 removere
1261 1951 1474 1993 guardianum
1501 1951 1540 1983 ab
1565 1950 1633 1983 eius
1653 1951 1770 1992 officio,
1799 1957 1829 1984 et

1078 1999 1177 2031 alium
1211 2000 1421 2040 substituere,
1457 2011 1553 2044 quem
1588 2000 1732 2033 minister
1756 2012 1828 2045 pro-

1078 2049 1219 2081 vincialis
1240 2049 1419 2082 0001110101.

1121 2098 1135 2141 g
1151 2098 1164 2130 rl
1179 2098 1202 2130 l.
1226 2098 1337 2131 Custos
1353 2108 1426 2131 vero
1439 2098 1563 2141 possita
1580 2098 1729 2132 fratribus
1744 2110 1826 2143 prae—

1076 2146 1167 2179 dietis
1195 2147 1267 2190 eligi
1305 2146 1312 2168 ¹
1344 2158 1446 2190 usque
1476 2147 1513 2180 ad
1544 2147 1729 2181 triennium.
1759 2149 1826 2187 Quo

1076 2196 1207 2228 custode
1224 2196 1302 2228 int'ra
1320 2207 1439 2229 annum
1458 2196 1643 2237 decedente,
1659 2197 1827 2240 guardiani

1076 2245 1233 2277 dietmum
1255 2246 1400 2279 locorum
1419 2246 1530 2286 alium,
1548 2257 1644 2290 quem
1665 2247 1723 2279 sibi
1745 2247 1826 2279 vide-

1076 2293 1134 2325 rint
1153 2295 1321 2337 expedire,
1346 2301 1454 2339 petant
1474 2306 1491 2328 a
1518 2295 1662 2328 ministro
1690 2296 1736 2328 vel
1758 2296 1826 2328 eius

1076 2344 1296 2377 commissario
1308 2344 1493 2377 confirmari
1506 2350 1534 2378 et
1547 2345 1713 2386 assignari,
1728 2356 1822 2388 quem

1076 2392 1219 2425 minister
1238 2392 1305 2436 ipse
1326 2392 1388 2426 sive
1422 2393 1490 2425 eins
1511 2393 1748 2426 eonnnissarius
1769 2394 1823 2426 be-

1074 2441 1168 2484 nigno
1190 2442 1357 2474 eonti1·m·,·t
1385 2448 1415 2475 et
1439 2443 1587 2483 assignet.
1623 2443 1720 2475 Possit
1743 2454 1824 2485 quo-

1073 2501 1136 2533 que
1157 2490 1260 2523 «lictus
1276 2497 1393 2531 eustos,
1417 2491 1442 2523 si
1463 2492 1613 2525 fratribus
1633 2491 1751 2524 eisdem
1773 2502 1823 2523 ex-

1075 2539 1205 2582 pediens
1224 2539 1326 2572 visum
1346 2540 1460 2578 fuerit,
1482 2551 1549 2573 esse
1569 2540 1764 2584 guardianus
1787 2551 1822 2572 u-

1073 2588 1145 2620 nius
1165 2588 1325 2621 dictorum
1351 2589 1509 2623 locorum.

1110 2656 1119 2681 1
1141 2654 1238 2681 ῑνίὶᾱό.
1257 2655 1318 2690 legit
1335 2657 1427 2688 reeliyi
1446 2656 1484 2691 (n.
1506 2656 1555 2690 T.).

1855 270 1903 296 Α11.
1922 270 1940 297 C
1971 268 2036 296 fliz-2

1882 497 1977 519 Potestas
1992 500 2037 520 eius

1855 530 1982 555 designatur.

1871 1348 1986 1371 voeatestn
1997 1357 2034 1371 ra<

1849 1382 1920 1408 pitulis
1936 1384 1977 1410 qui.

1873 1614 1894 1636 ln
1930 1617 2029 1643 capitulis

1846 1652 1889 1672 quae
1899 1648 2026 1673 peragenda.

1855 2120 1952 2142 eustodi-
1978 2122 2025 2142 otti*

1842 2157 1895 2171 cium
1933 2153 2008 2173 irienn.
2017 2160 2024 2173 J

1842 2183 1937 2209 expietur
1952 2186 1989 2204 etc.
