2227 3001
206 280 258 308 Au.
277 281 304 308 C.
327 282 392 309 1350

226 498 336 518 ‹nausntae
353 499 391 518 de-

206 529 333 553 rog-ituriae.

451 271 516 304 list-'i

407 335 546 368 scienter
566 333 614 367 vel
641 333 843 377 ignoranter,
873 331 1042 374 contigerit
1061 336 1162 364 atten-

407 388 480 421 tari.

406 499 437 527 et
456 494 712 527 ordinationibus
732 491 916 535 apostolicis
939 503 975 524 ac
995 491 1158 531 Gamerae,

405 558 532 581 necnon
571 546 781 579 ecclesiarum
820 550 851 578 et
889 545 1159 578 monasteriorum

405 601 657 645 praedit-torum,
680 600 775 633 etiam
802 600 833 632 in
858 599 976 642 quibus
1005 599 1161 632 beneticia
1182 603 1184 629 ἰ

404 653 591 686 huiusmodi
609 654 752 693 suerunt,
766 652 861 686 etiam
879 652 1074 693 iurai‘uento,
1087 663 1161 686 con-
1182 661 1184 693 ζ

404 706 586 739 firmatione
607 706 783 750 apostolica
802 707 850 738 vel
876 705 987 749 quavis
1011 706 1161 738 firmitate
1182 698 1184 717 ¹

404 760 466 792 alia
482 759 653 800 roboratis,
668 760 793 792 statutis
809 765 839 792 et
855 759 1158 795 consuetudinibus,

405 813 579 856 privilegiis
599 824 742 856 quoque,
766 813 899 845 indultis
919 818 949 845 et.
969 812 1069 845 literis
1087 823 1161 856 apo-
1182 831 1184 863 3

405 867 526 900 stolicis
546 867 664 899 eisdem
686 867 850 907 Can-ierac,
874 866 1028 906 ecclesiis,
1049 877 1162 899 mona·
1182 866 1184 901 Ϊ

1182 957 1184 962 ,
1205 917 1328 959 tuagies
1353 917 1470 960 septies
1498 916 1620 959 ignosci
1645 916 1762 950 debere
1787 917 1958 957 mandavit,

406 973 668 1016 quibuscumque
698 972 864 1005 tenoribus
899 978 929 1005 et
963 973 1092 1011 formis,
1125 984 1161 1006 ae
1182 994 1183 1003 t

1182 1032 1184 1037 ·
1205 1023 1299 1055 etiam
1315 1023 1363 1061 iis,
1377 1022 1431 1066 qui
1446 1034 1461 1055 a
1474 1023 1536 1055 fide
1551 1023 1666 1055 Christi
1682 1023 1856 1066 aliquando
1872 1023 1964 1056 aber-

1182 1103 1184 1109 ,
1205 1082 1287 1117 rant,
1300 1076 1428 1109 ianuam
1447 1076 1572 1119 pietatis
1588 1081 1618 1109 et
1630 1076 1870 1109 misericordiae
1885 1087 1963 1120 ape-

405 1133 468 1165 litis
489 1133 654 1173 clausulis,
678 1132 944 1176 irritantibusque
966 1138 996 1165 et
1016 1133 1086 1165 aliis
1106 1133 1161 1166 de-
1183 1173 1184 1178 ¹

406 920 510 953 stertis
530 925 558 952 et
579 920 757 959 beneficiis,
772 931 806 952 ac
826 919 990 963 quibusvis
1006 919 1085 959 aliis,
1103 921 1162 952 sub

407 1038 480 1058 cum
502 1026 667 1069 quibusvis
688 1027 782 1059 etiam
804 1026 1083 1069 derogatoriarum
1105 1027 1161 1059 de—

407 1079 586 1122 rogatoriis,
607 1079 741 1123 aliisque
767 1079 1005 1112 efficacioribus
1024 1085 1054 1112 et
1075 1079 1160 1113 inso-

406 1186 516 1226 eretis,
539 1186 571 1218 in
599 1197 716 1230 genere
744 1187 791 1218 vel
820 1186 853 1218 in
879 1186 1006 1229 specie,
1029 1197 1162 1229 quomo-

405 1239 523 1272 dolibet
541 1240 636 1272 etiam
663 1245 751 1272 motu
774 1240 907 1283 proprio
929 1240 1102 1279 concessis,
1125 1251 1160 1272 as·

405 1293 499 1325 etiam
525 1292 645 1325 iteratis
665 1293 786 1325 vicibus
810 1293 998 1336 approbatis
1018 1298 1046 1325 et
1069 1293 1160 1325 inno<

405 1346 493 1385 vatis,
517 1346 636 1389 quibus
656 1346 820 1385 omnibus,
843 1346 938 1378 etiam
960 1345 997 1383 si,
1016 1357 1075 1389 pro
1094 1346 1162 1378 illo-

406 1410 477 1431 rum
514 1399 685 1431 sufficienti
714 1399 935 1440 derogatione,
965 1399 1003 1431 de
1025 1399 1087 1431 illis
1108 1410 1161 1431 eo-

406 1463 544 1495 rumque
566 1453 638 1484 totis
672 1452 841 1485 tenoribus
870 1452 1038 1495 specialis,
1062 1452 1162 1495 speci-

406 1506 487 1545 tica,
511 1516 658 1548 expressa
689 1510 719 1537 et
746 1505 906 1537 individua
941 1516 976 1537 ac
1004 1506 1041 1537 de
1066 1505 1162 1537 verb·

406 1558 444 1591 ad
465 1558 611 1599 verbum,
636 1569 699 1591 non
721 1563 827 1591 autem
847 1569 905 1602 per
925 1559 1087 1591 clausulas
1107 1569 1162 1601 ge-

408 1612 533 1644 nerales
564 1612 648 1644 idem
685 1612 896 1655 iinportantes
911 1639 918 1652 ,
952 1612 1071 1644 mentio
1107 1623 1162 1644 seu

407 1665 536 1708 quaevis
551 1665 613 1698 alia
629 1666 791 1709 expressio
808 1666 967 1706 habenda,
987 1671 1042 1698 aut
1057 1666 1162 1709 aliqua

407 1719 564 1761 exquisita
585 1719 687 1751 fornia
717 1720 755 1751 ad
787 1720 848 1751 lior
877 1719 1030 1752 servanda
1061 1725 1162 1757 esset⁷

407 1777 536 1805 tenores
556 1772 757 1812 huiusmodi,
771 1783 807 1805 ac
827 1772 850 1804 si
868 1773 906 1805 de
926 1773 1023 1805 verbo
1044 1774 1082 1806 ad
1098 1785 1164 1806 ver-

407 1826 499 1866 bum,
522 1825 600 1857 nihil
631 1825 759 1869 penitus
794 1825 911 1858 omisso
946 1831 973 1858 et
1009 1827 1111 1859 forma
1133 1827 1163 1859 in

409 1879 471 1911 illis
487 1879 601 1911 tradita
618 1880 795 1919 observata,
814 1879 923 1911 inserti
941 1880 1056 1920 forent,
1076 1891 1167 1923 prae-

409 1932 553 1964 sentibus
575 1944 632 1975 pro
654 1933 810 1975 expressis
830 1933 996 1971 babentes,
1011 1933 1072 1966 illis
1089 1933 1167 1965 aliasv

411 1985 442 2017 in
459 1996 516 2018 suo
534 1986 649 2018 robore
667 1986 898 2029 permansuris,
916 1986 976 2018 hac
993 1987 1059 2019 rice
1076 1987 1167 2019 dunz-

411 2043 495 2070 taxat
515 2039 698 2082 specialiter
715 2045 742 2072 et
766 2050 912 2083 expresse
933 2040 1126 2082 derogamus
1137 2046 1163 2072 et

412 2092 609 2125 sufficienter
636 2093 825 2135 derogatum
847 2104 915 2125 esse
940 2093 1165 2130 decernimus,

413 2145 592 2188 ceterisque
614 2145 782 2178 contrariis
802 2146 1076 2190 quibuscumque.

456 2198 540 2230 Nulli
561 2209 636 2241 ergo
657 2204 713 2232 etc.
733 2199 764 2232 Si
782 2199 853 2243 quis
870 2204 926 2232 etc.

456 2251 569 2283 Datum
597 2252 714 2285 Romae
742 2253 827 2295 apud
857 2253 887 2285 S.
918 2253 1060 2292 Petrum,
1084 2264 1168 2285 anno

413 2305 645 2338 lucarnationis
671 2306 851 2339 dominicae
876 2316 961 2347 Mol„
987 2313 1073 2340 sexto
1099 2307 1150 2339 idn

414 2358 532 2399 martii,
556 2359 761 2402 pontificatus
781 2360 881 2392 nostri
903 2371 987 2393 anno
1008 2371 1028 2393 ῐ.

479 2417 540 2447 Dat.
558 2418 604 2447 die
622 2418 659 2448 10
673 2419 767 2447 martii
790 2419 874 2455 1550,
889 2419 989 2457 ponus.
1003 2429 1078 2448 anno
1097 2429 1113 2449 t.

1004 280 1020 302 B
1027 278 1182 302 ULLARIUM
1208 277 1311 301 ROMAN
1318 276 1358 300 ΗΜ

1557 328 1604 361 VI.

451 442 465 482 ξ
490 441 500 460 Ι
546 441 571 474 N
663 441 709 473 bi
758 439 803 471 sb
958 438 991 470 U
1019 438 1039 471 t,
1091 438 1121 471 ,h
1182 433 1183 448 χ
1204 402 1368 434 Absolutis>
1383 402 1529 433 omnium
1546 401 1780 434 haereticorum
1796 400 1959 444 (praeter-

484 453 515 474 4.
574 452 614 474 on
643 451 660 473 ο
687 452 699 473 s
715 450 753 472 au
772 451 779 471 1
807 449 844 471 us
877 449 955 471 cons
971 449 979 470 1
996 449 1015 470 u
1033 449 1097 471 iom
1111 450 1162 471 rus
1182 451 1184 481 t

1249 466 1346 498 quam
1369 455 1425 487 snb
1445 455 1590 497 gyenerali
1609 454 1828 497 Inqm'sitione
1842 464 1958 497 reyno-

1249 519 1321 540 rum
1340 508 1522 550 Hispaniae
1534 512 1562 540 et
1580 507 1802 551 Portuyalliae
1822 518 1961 550 compre-

1251 561 1445 604 hensorum)
1466 561 1509 593 acl
1528 561 1718 593 catholicam
1740 562 1837 603 fidem
1868 565 1898 594 ct
1921 561 1955 593 S.

1249 614 1287 647 R.
1311 614 1351 647 Ε,
1374 615 1534 657 gremium
1556 615 1759 647 redeuntium
1776 613 1800 646 ¹.

1291 690 1377 717 lulius
1396 690 1538 724 episcopus
1555 697 1650 718 servus
1663 697 1803 719 servorum
1815 690 1872 722 Dei.

1341 744 1374 771 ad
1402 744 1565 778 perpetuam
1584 743 1625 770 rei
1655 743 1824 771 memoriam.

1250 810 1338 843 Illius
1363 809 1431 853 qui,
1449 810 1633 843 misericors
1653 816 1683 842 et
1708 811 1878 844 miserator
1893 810 1959 843 exi-

1205 870 1301 902 stens,
1325 874 1390 897 non
1411 864 1515 896 solum
1546 864 1678 907 septies,
1701 864 1755 897 sed
1771 864 1865 897 etiam
1891 875 1961 908 sep-

1204 970 1299 1011 vices,
1323 971 1397 1003 lieet
1418 970 1582 1010 immeriti,
1619 976 1765 1012 gerentes
1790 971 1822 1004 in
1854 971 1959 1011 terris,

1205 1130 1318 1169 rimus,
1340 1141 1376 1163 ac
1397 1140 1537 1173 poenas,
1560 1140 1639 1173 quas
1660 1129 1738 1162 iuris
1758 1129 1906 1163 severitas
1930 1129 1963 1161 in

1205 1194 1259 1216 eos
1287 1183 1413 1222 statuit,
1440 1183 1643 1226 Apostolicae
1677 1182 1768 1215 Sedis
1792 1182 1963 1216 clementia

1206 1237 1426 1275 moderamur,
1446 1241 1478 1268 ut
1498 1236 1685 1269 aberrantes
1700 1236 1899 1277 huiusmodi,
1918 1236 1964 1269 di-

1182 1300 1184 1310 ¹
1205 1295 1273 1322 ctae
1294 1290 1383 1323 Sedis
1404 1289 1598 1332 benignitate
1624 1290 1749 1329 allecti,
1777 1301 1890 1323 eorum
1911 1301 1962 1323 er-

1205 1343 1511 1381 roribusabiuratis,
1530 1343 1706 1376 catholicae
1723 1343 1797 1375 fidei
1813 1344 1916 1376 zelum
1934 1348 1964 1376 et

1205 1397 1437 1429 observantiam
1469 1397 1499 1428 in
1521 1407 1634 1429 eorum
1660 1397 1813 1429 cordibus
1838 1397 1963 1429 firmius

1206 1450 1377 1493 recipiant,
1391 1455 1419 1483 et
1437 1450 1461 1482 si
1478 1450 1509 1482 iu
1528 1461 1641 1483 eorum
1655 1450 1740 1482 salsis
1756 1450 1962 1493 opinionibus

1207 1515 1410 1546 perseverare
1433 1503 1720 1547 praesumpserint,
1744 1503 1774 1535 in
1793 1514 1847 1536 eos
1867 1504 1961 1537 vehe-

1207 1557 1345 1589 mentius
1366 1556 1649 1597 animadvertatur,
1664 1567 1728 1600 quo
1739 1556 1963 1589 obstinatiores

1207 1621 1239 1642 se
1259 1609 1291 1641 in
1312 1609 1477 1642 erroribus
1498 1609 1563 1642 suis
1585 1609 1813 1652 praestiterint.

1251 1664 1265 1706 ξ
1286 1663 1316 1695 ’1.
1335 1664 1417 1696 Sane
1434 1674 1521 1703 eum,
1540 1663 1621 1696 sicut
1642 1674 1748 1707 nuper
1762 1663 1959 1707 accepimus,

1208 1716 1321 1749 diversi
1336 1717 1456 1757 fideles,
1476 1716 1633 1750 diabolica
1647 1718 1758 1750 fraude
1774 1717 1911 1761 decepti,
1930 1728 1962 1750 se

1208 1770 1239 1802 iu
1256 1770 1395 1803 diversas
1412 1781 1564 1803 erroneas
1580 1776 1609 1803 et
1625 1771 1664 1803 ab
1682 1771 1794 1803 eadem
1808 1771 1870 1804 fide
1888 1771 1964 1804 alle-

1209 1835 1265 1856 nas
1291 1824 1462 1867 opiniones
1488 1824 1642 1867 paulatim
1669 1824 1784 1857 deduci
1806 1825 1964 1868 permise-

1208 1877 1283 1916 rint,
1297 1882 1327 1909 et
1349 1877 1444 1910 modo
1465 1877 1628 1920 publicam
1656 1877 1886 1921 poenitentiam
1909 1878 1965 1910 ab-

1210 1931 1390 1969 horrentes,
1413 1934 1443 1962 et
1464 1930 1570 1973 potius
1591 1930 1707 1973 placita
1727 1931 1825 1963 huius
1845 1930 1965 1964 saeculi

1209 1994 1305 2026 quam
1328 1984 1463 2015 salutem
1485 1984 1611 2016 animae
1633 1995 1708 2016 suae
1730 1989 1898 2024 sectantes,
1925 1995 1965 2017 ne

1210 2036 1340 2069 infamia
1352 2042 1576 2081 aspergantur,
1588 2037 1626 2070 ad
1636 2038 1717 2071 ovile
1728 2037 1843 2071 Christi
1860 2037 1965 2071 redire

1210 2091 1371 2123 dillerant.

1255 2143 1311 2186 ἓῒῖ.
1326 2144 1400 2183 Nos,
1411 2144 1594 2177 animarum
1603 2144 1709 2184 saluti,
1721 2149 1879 2187 quantum
1890 2155 1964 2178 cum

1211 2197 1274 2229 Deo
1292 2207 1474 2240 possumus,
1493 2198 1662 2230 consulere
1679 2198 1857 2241 cupientes,
1876 2204 1964 2231 motu

1211 2249 1356 2293 proprio,
1380 2261 1444 2282 non
1465 2250 1503 2282 ad
1524 2250 1661 2283 alicuius
1677 2250 1769 2284 nobis
1787 2262 1884 2295 super
1903 2252 1965 2284 hoc

1212 2303 1336 2336 oblatae
1351 2303 1513 2348 petitionis
1529 2303 1723 2345 instantiam,
1747 2305 1801 2338 sed
1822 2305 1860 2338 de
1877 2315 1966 2338 mera

1212 2357 1442 2390 deliberatione
1458 2362 1488 2390 et
1504 2364 1590 2391 certa
1607 2358 1740 2391 scientia
1755 2359 1884 2399 nostris,
1899 2369 1966 2392 om-

1213 2421 1268 2443 ues
1284 2416 1311 2443 et
1334 2411 1477 2454 singulos
1498 2411 1666 2455 utriusque
1687 2423 1796 2453 sexus,
1823 2418 1887 2445 tam
1911 2412 1968 2445 lai-

1213 2470 1267 2492 cos
1287 2471 1383 2502 quam
1406 2459 1551 2499 clericos,
1570 2462 1751 2494 saeculares
1767 2466 1798 2494 et
1812 2472 1967 2506 quorum-

1213 2508 1258 2540 vis
1277 2508 1433 2541 Ordinum
1454 2514 1484 2541 et
1505 2509 1692 2543 militiarum
1709 2511 1884 2553 regulares,
1901 2515 1966 2543 tam

1214 2556 1330 2590 milites
1354 2568 1451 2600 quam
1474 2559 1689 2602 presbyteros,
1705 2570 1769 2592 non
1786 2565 1893 2592 tamen
1908 2559 1967 2592 sub

1253 2625 1260 2649 t
1284 2623 1321 2649 Ad
1341 2623 1402 2650 baec
1435 2623 1517 2650 videri
1542 2625 1638 2659 poterit
1662 2625 1729 2652 bulla
1761 2634 1788 2652 ix
1816 2625 1887 2653 Pauli
1916 2625 1966 2658 ΙΙΙ,

1215 2664 1297 2688 Illius.
1317 2671 1372 2697 pag.
1393 2664 1443 2689 ‘2035
1461 2663 1539 2688 luno<
1558 2665 1629 2691 tenu.

1973 272 2012 300 An
2040 273 2070 300 C.
2091 270 2159 300 1550

2009 816 2128 836 Emi-lium.

1991 1677 2049 1699 Multi
2061 1678 2084 1698 all
2104 1678 2164 1699 fldem

1978 1715 2020 1730 non
2067 1709 2166 1729 redibant

1979 1741 2102 1767 pei-hones.
2127 1747 2166 1766 pu·-

1980 1772 2055 1792 blieam
2089 1772 2164 1797 peni-

1980 1804 2075 1823 tenti-nn.

1981 2150 2018 2172 Hic
2037 2151 2097 2170 niodo
2114 2149 2167 2170 Pon-

1981 2182 2032 2202 tifex
2052 2182 2076 2202 ad
2098 2182 2167 2208 priva-

1981 2216 2022 2233 tam
2050 2215 2167 2239 poenaen-

1981 2245 2029 2265 tiam
2046 2244 2144 2269 admittii;
