2227 3001
237 269 286 294 An.
306 267 334 294 C.
355 268 414 296 stitit

477 257 541 293 452

1031 265 1208 289 BULLARIUM
1233 264 1384 288 ROMANUM

434 320 536 364 putati
549 320 676 360 fuerint,
693 319 746 353 alii
762 320 808 353 vel
829 318 898 352 aliis
913 318 996 351 vices
1013 329 1086 351 suas
1102 329 1188 351 com·
1225 317 1314 350 sectis
1334 317 1525 357 habeantur,
1546 315 1745 360 praefatique
1759 314 1887 355 milites,
1909 315 1980 350 aliis

433 374 559 407 mittere
581 378 797 417 praesumant;
825 383 861 405 ac
882 372 920 405 de
936 371 1061 404 duabus
1076 372 1187 405 diaetis

433 427 465 459 in
486 427 623 461 concilio
644 426 783 469 generali
798 425 890 465 edita,
911 425 1086 458 dummodo
1104 425 1187 458 ultra

433 485 498 514 tres
509 480 619 513 diaetas
631 480 747 523 aliquis
758 478 949 512 auctoritate
967 479 1184 521 praesentium

433 534 472 567 ad
493 533 647 567 iudicium
678 544 742 566 non
773 533 936 572 traliatur;
959 543 995 565 ac
1016 532 1086 565 aliis
1106 543 1184 576 apo-

433 587 561 624 stolicis,
574 597 609 619 ac
622 587 653 619 in
670 586 919 631 provincialibus
935 592 963 618 et
981 586 1186 630 synodalibus
1206 618 1207 622 ,

433 640 577 674 conciliis
594 640 686 673 editis
705 640 910 683 generalibus
928 640 975 672 vel
992 639 1185 683 specialibus
1205 645 1207 658 ¹

432 693 714 727 constitutionibus
735 700 765 727 et
785 693 1041 727 ordinationibus
1061 699 1185 737 aposto·
1205 698 1207 715 ¹

432 747 516 787 lieis;
533 759 660 781 necnon
678 748 864 781 militiarum
882 754 913 781 et
928 747 1083 781 Ordinum
1101 758 1184 791 prse-

430 800 603 841 dictorum,
626 801 820 841 iuramento,
844 800 1089 834 confirmatione
1105 811 1183 845 apo-

430 854 541 887 stolica
556 855 605 887 vel
626 854 736 898 quavis
753 854 903 887 firmitate
926 855 988 887 alia
1012 854 1181 894 roboratis,

430 907 572 948 statutis,
601 907 907 948 consuetudinibus,
938 907 1182 947 stabilimentis,

431 960 542 994 usibus
562 966 592 994 et
612 961 747 1001 naturis,
770 961 944 1005 privilegiis
964 972 1111 1005 quoque,
1136 961 1184 993 in-
1204 971 1206 984 ³

430 1015 526 1048 dultis
543 1020 573 1048 et
592 1015 692 1049 literis
709 1016 893 1059 apostolicis
909 1015 1027 1048 eisdem
1050 1015 1181 1055 militiis,

430 1079 607 1113 earumque
629 1069 799 1111 magistris,
829 1068 1104 1112 praeceptoribus,
1129 1068 1185 1101 mi-

430 1122 549 1162 litibus,
572 1122 722 1155 sratribus
738 1128 769 1155 et
788 1122 1009 1162 conventiluis,
1033 1123 1091 1156 sub
1112 1122 1183 1167 qui-

429 1175 633 1220 buscumque
655 1176 820 1210 tenoribus
840 1183 870 1209 et
890 1177 1016 1218 formis,
1046 1188 1082 1210 ae
1110 1187 1183 1210 cum

429 1229 603 1274 quibusvis,
616 1230 710 1263 etiam
723 1230 1001 1273 derogatoriaruin
1019 1230 1185 1272 derogato-

429 1282 495 1323 riis,
514 1283 648 1327 aliisque
661 1283 896 1317 efficacioribus
907 1289 936 1316 et
948 1283 1084 1317 insolitis
1095 1284 1183 1316 clau-

430 1336 519 1376 sulis,
543 1336 807 1380 irritantibusque
824 1343 854 1370 et
873 1337 943 1370 aliis
959 1337 1108 1377 decretis,
1128 1347 1185 1381 per

429 1401 653 1435 quoscumque
675 1391 836 1424 Romanos
857 1391 1027 1424 Pontifices
1050 1391 1183 1434 praede-

430 1454 572 1478 cessores
593 1451 719 1478 nostros
735 1450 765 1477 et
786 1456 843 1478 nos
864 1455 900 1478 ac
920 1444 1036 1477 dit-tam
1055 1444 1182 1483 Sedem,
1204 1462 1207 1502 Ι

429 1496 522 1530 etiam
558 1503 647 1530 motu
682 1497 798 1537 simili,
834 1503 889 1531 aut
909 1497 1182 1537 consistorialiter,

428 1552 522 1586 etiam
553 1563 610 1595 per
635 1553 715 1584 viani
744 1552 903 1595 generalis
923 1552 1002 1596 legis
1028 1557 1057 1585 et
1078 1552 1184 1585 statuti

429 1605 596 1650 perpetui,
615 1617 651 1639 ac
673 1605 741 1639 initi
768 1612 798 1639 et
818 1606 959 1650 stipulati
986 1612 1181 1645 contractus,

427 1657 458 1691 in
481 1669 598 1701 genere
618 1659 665 1692 vel
688 1660 719 1692 in
746 1660 852 1703 specie
873 1664 928 1692 aut
949 1660 1026 1692 alias
1046 1670 1184 1703 quomo—

428 1712 548 1746 dolibet
568 1713 739 1752 concessiS,
759 1714 957 1747 confirmatis
969 1720 996 1746 et
1019 1713 1184 1753 innovatis,

428 1766 490 1799 illis
511 1767 712 1810 praesertim,
735 1768 864 1811 quibus,
888 1767 971 1800 inter
991 1767 1063 1808 alia,
1083 1767 1184 1801 careri

429 1820 547 1854 dicitur
575 1832 723 1865 expresse
753 1822 851 1865 quod,
880 1828 1072 1855 occurrente
1097 1833 1186 1854 raca-

429 1873 515 1907 tione
536 1874 673 1908 alicuius
694 1886 729 1907 ex
756 1875 995 1917 magistratibus
1020 1876 1182 1919 praefatis,

429 1928 563 1972 praefati
585 1933 776 1968 conventus,
810 1934 1050 1972 praeceptores,
1075 1928 1185 1962 fratres

431 1986 461 2014 et
481 1981 597 2014 milites
617 1992 719 2014 unum
741 1983 848 2015 forsan
869 1982 906 2014 de
929 1993 1040 2015 eorum
1062 1982 1185 2025 gremio

432 2035 589 2068 dictarum
632 2035 819 2068 militiarum
862 2036 997 2069 militem
1036 2047 1185 2080 expresse

432 2089 611 2133 professum
634 2089 764 2131 eligere,
783 2088 913 2133 ipseque
932 2090 976 2122 sie
996 2090 1117 2123 electus
1137 2100 1186 2122 re-

432 2152 488 2175 rus
509 2143 695 2176 earumdem
718 2143 906 2175 militiarum
932 2154 1067 2186 magnus
1085 2143 1184 2186 magi-

433 2201 497 2229 ster
526 2197 699 2237 habeatur,
736 2197 846 2240 illique
879 2208 943 2230 non
969 2197 1078 2238 alteri,
1107 2208 1184 2231 con—

432 2255 556 2291 ventus,
570 2258 805 2296 praeceptores,
826 2252 951 2292 fratres,
971 2252 1087 2285 milites
1102 2263 1184 2295 prce-

433 2303 508 2337 dirti
539 2316 651 2348 parere
681 2311 862 2343 teneantur;
885 2305 1037 2349 quodque
1059 2306 1182 2344 nullus,

433 2357 493 2391 nisi
532 2364 565 2391 ut
601 2360 782 2402 praefertur
812 2360 951 2398 electus,
983 2360 1186 2402 magistratus

433 2412 519 2455 ipsos
539 2412 683 2445 obtinere
700 2413 808 2456 possit,
832 2419 859 2445 et
876 2424 1101 2457 quaecumque
1122 2414 1185 2446 col-

433 2466 579 2506 lationes,
611 2466 783 2500 electiones
804 2472 834 2499 ct
853 2468 933 2501 aliae
961 2468 1186 2511 dispositiones

434 2516 472 2548 de
494 2516 730 2558 magistratibus
750 2515 825 2559 ipsis
844 2516 936 2549 aliter
956 2517 1066 2557 sactae,
1091 2516 1183 2549 etiam

434 2575 492 2608 per
512 2565 691 2598 Romanuin
713 2564 900 2598 Pontificem
921 2570 951 2597 et
971 2566 1083 2598 Sedem
1104 2577 1184 2608 prte-

434 2613 564 2654 dictam,
576 2614 683 2647 nullae
700 2619 730 2647 et
745 2614 912 2653 invalidae,
924 2615 1108 2658 nulliusque
1125 2615 1183 2647 sin}

436 2662 560 2695 roboris
585 2663 632 2696 vel
660 2663 827 2703 momenti,
850 2668 880 2695 et
901 2663 1028 2707 penitus
1057 2674 1114 2706 pro
1138 2663 1155 2695 i:
1175 2683 1184 2686 -

1226 381 1323 414 quam
1352 375 1387 403 ut
1420 369 1601 414 praefertur
1634 370 1761 410 electis,
1791 369 1840 402 vel
1879 369 1980 403 literis

1226 423 1410 467 apostolicis
1426 434 1485 467 per
1504 434 1558 457 eos
1574 423 1761 467 impetratis,
1784 434 1898 468 parere
1919 424 1979 457 mi-

1227 476 1312 510 nime
1340 482 1520 517 teneantur,
1541 483 1571 510 et
1591 478 1631 510 ob
1651 477 1781 511 illorum
1806 488 1871 511 non
1898 477 1980 520 pari-

1228 531 1346 564 tionem
1365 558 1372 572 ,
1408 530 1531 574 aliquas
1565 542 1718 565 censuras
1759 531 1820 564 sive
1861 542 1981 575 poenas

1227 584 1601 625 nullatenusincurrant,
1624 585 1774 628 quodque
1796 584 1979 628 privilegiis,

1227 638 1358 671 indultis
1387 644 1417 671 ct
1436 638 1535 671 literis
1560 638 1756 678 nullatenus,
1779 643 1834 671 aut
1853 637 1980 671 nonnisi

1227 691 1322 725 certis
1347 691 1424 724 inibi
1450 691 1608 736 expressis
1634 692 1728 725 modo
1750 697 1781 724 et
1800 691 1903 724 forma
1923 691 1978 725 de-

1227 745 1332 787 rogari
1357 745 1471 789 possit,
1492 750 1520 778 et
1537 745 1561 778 si
1577 745 1669 778 aliter
1688 745 1872 788 derogetur,
1885 744 1979 778 dero-

1227 798 1311 841 gatio
1332 799 1519 832 huiusmodi
1539 798 1660 832 nemini
1681 799 1887 842 suffragetur,
1910 798 1980 842 qui-

1227 853 1286 886 bus
1303 853 1463 893 omnibus,
1480 854 1574 886 etiam
1601 853 1637 893 si,
1659 864 1716 896 pro
1738 853 1869 886 illorum
1890 852 1979 886 suffi—

1227 906 1323 940 cienti
1340 907 1561 950 derogatione,
1580 907 1618 940 de
1635 906 1696 939 illis
1711 916 1891 949 eorumque
1907 905 1981 939 totis

1227 961 1394 994 tenoribus
1415 961 1573 1005 specialis,
1597 961 1747 1004 specifica
1767 966 1798 994 et
1817 970 1977 1004 expressa,

1226 1025 1263 1047 ae
1284 1014 1321 1047 de
1342 1015 1438 1047 verbo
1459 1015 1498 1047 ad
1526 1014 1675 1054 verbum,
1704 1025 1769 1047 non
1795 1018 1902 1047 autem
1923 1024 1981 1058 per

1227 1068 1388 1101 clausulas
1427 1068 1594 1111 generales
1631 1067 1716 1100 iden-1
1751 1067 1978 1111 importantes,

1227 1114 1347 1154 mentio
1363 1133 1419 1155 seu
1436 1121 1565 1166 quaevis
1576 1121 1638 1154 alia
1657 1121 1818 1165 expressio
1834 1120 1981 1154 habenda

1226 1180 1281 1207 aut
1296 1174 1451 1219 exquisita
1468 1175 1571 1208 forma
1587 1175 1625 1208 ad
1642 1174 1704 1208 hoc
1721 1174 1874 1207 servanda
1889 1174 1980 1214 foret,

1227 1227 1355 1261 illorum
1373 1228 1518 1261 oninium
1532 1234 1668 1268 tenores,
1684 1227 1907 1272 praesentibus
1922 1238 1981 1273 pro

1226 1281 1422 1315 sufficienter
1447 1282 1604 1326 expressis
1623 1293 1660 1315 ac
1680 1282 1719 1315 de
1739 1282 1835 1316 verbo
1856 1282 1895 1315 ad
1915 1292 1981 1315 ver-

1226 1336 1303 1368 bum
1333 1336 1471 1375 insertis,
1509 1347 1636 1369 necnon
1666 1336 1778 1369 modos
1808 1341 1838 1369 et
1862 1336 1982 1369 formas

1226 1389 1264 1421 ad
1285 1389 1315 1421 id
1333 1390 1503 1423 servandas
1520 1401 1579 1434 pro
1600 1389 1765 1423 individuo
1781 1389 1911 1423 servatis
1926 1390 1982 1423 ha-

1226 1442 1356 1484 bentes,
1379 1443 1442 1476 illis
1462 1443 1539 1476 alias
1560 1443 1591 1476 in
1612 1454 1670 1476 suo
1692 1443 1808 1477 robore
1829 1453 1980 1488 perman-

1227 1496 1321 1535 suris,
1357 1497 1417 1530 liae
1442 1496 1508 1530 viee
1529 1497 1704 1538 dumtaxat,
1741 1496 1924 1541 specialiter
1950 1501 1981 1531 et

1227 1561 1374 1594 expresse
1402 1551 1470 1594 pari
1498 1550 1593 1584 modo
1618 1551 1822 1593 derogamus,
1852 1556 1980 1584 contra-

1228 1603 1281 1636 riis
1310 1604 1594 1649 quibuscumque,
1629 1610 1685 1638 aut
1709 1607 1733 1637 si
1763 1604 1863 1648 aliqui
1884 1615 1983 1648 super

1228 1657 1464 1701 prorisionibus
1484 1669 1539 1691 seu
1566 1657 1828 1692 concessionibus
1848 1657 1982 1692 admini-

1227 1711 1416 1745 strationum
1439 1711 1497 1745 sibi
1519 1712 1672 1746 faciendis
1687 1712 1725 1745 de
1743 1703 1982 1755 magistratibus

1228 1765 1411 1799 huiusmodi
1443 1767 1618 1811 speciales,
1648 1767 1696 1800 vel
1721 1766 1792 1800 aliis
1816 1766 1982 1801 benefieiis

1227 1820 1450 1853 ecclesiasticis
1480 1820 1511 1853 in
1547 1821 1608 1853 illis
1640 1821 1786 1864 partibus
1815 1821 1981 1864 generales

1227 1873 1329 1906 dictae
1364 1874 1452 1907 Sedis
1485 1874 1532 1914 vel
1567 1874 1745 1917 legatorum
1777 1874 1846 1907 eius
1873 1874 1981 1908 literas

1228 1927 1446 1971 impetrarint,
1478 1928 1573 1961 etiam
1601 1928 1625 1961 si
1646 1939 1704 1972 per
1728 1939 1781 1962 eas
1801 1928 1839 1961 ad
1860 1927 1978 1961 inhibi-

1227 1980 1359 2021 tionem,
1388 1982 1634 2015 reservationem
1660 1988 1691 2015 et
1716 1983 1904 2023 decretum,
1932 1981 1980 2015 vel

1227 2035 1305 2068 alias
1325 2036 1569 2079 quomodolibet
1588 2036 1627 2069 sit
1647 2047 1845 2080 processum;
1863 2036 1982 2081 quibus

1228 2088 1378 2122 omnibus
1394 2089 1544 2122 Ioannem
1562 2094 1591 2122 et
1607 2100 1665 2133 pro
1682 2094 1828 2134 tempore
1848 2089 1981 2123 existen-

1228 2146 1290 2174 tem
1312 2152 1420 2185 regem
1442 2153 1478 2176 ac
1494 2142 1636 2186 reginam
1654 2144 1824 2187 praeffitos,
1847 2142 1982 2176 inasse-

1228 2195 1356 2228 eutione
1379 2196 1538 2229 dictorum
1566 2195 1810 2239 magistratuum
1832 2196 1981 2230 volumus

1227 2250 1390 2289 anteferri,
1413 2251 1467 2283 sed
1488 2250 1614 2283 nullum
1637 2262 1693 2294 per
1714 2251 1774 2284 boc
1795 2251 1850 2292 eis,
1869 2246 1980 2295 ⁴Quoad

1228 2303 1461 2337 assecutionem
1495 2305 1741 2347 magistratuum
1773 2310 1829 2339 aut
1856 2305 1979 2339 benefi-

1228 2357 1349 2390 ciorum
1372 2358 1520 2398 aliorum,
1547 2359 1782 2402 praeiudicium
1813 2359 1977 2403 generari;

1228 2422 1282 2444 seu
1300 2412 1323 2444 si
1341 2412 1604 2457 praeceptoribus
1626 2414 1802 2447 maioribus
1818 2414 1978 2449 dictorum

1228 2472 1454 2505 conventuum,
1482 2478 1608 2500 necnon
1629 2468 1804 2511 prioribus,
1826 2479 1979 2513 praecep-

1227 2515 1361 2555 toribus,
1386 2516 1541 2549 militibus
1567 2521 1596 2549 et
1616 2517 1767 2549 fratribus
1786 2528 1823 2550 ae
1844 2527 1979 2551 conven-

1228 2564 1324 2605 tibus,
1354 2566 1494 2598 vassallis
1519 2571 1549 2598 et
1578 2565 1712 2599 subditis
1741 2566 1912 2610 praedictis
1931 2567 1979 2600 vel

1227 2614 1392 2656 quibusvis
1406 2614 1485 2651 aliis,
1504 2615 1719 2648 communiter
1730 2616 1778 2649 vel
1789 2615 1924 2654 divisim,
1938 2616 1978 2649 ab

1203 2660 1211 2725 ³1
1228 2664 1339 2697 eadem
1367 2664 1405 2697 sit
1431 2664 1511 2697 Sede
1541 2664 1715 2705 indultum,
1738 2664 1845 2709 quoad
1865 2675 1977 2710 recep-

1996 258 2045 287 Δη.
2064 260 2091 287 (ἶ,
2115 261 2176 289 1551
