2227 3001
54 268 103 295 An,
124 266 151 293 C.
169 265 233 292 ίὶῑέζῦ

96 487 185 508 Rev-scat
202 488 234 506 lun*

52 518 147 539 Pontifex
172 525 236 544 quas<

51 555 138 576 cumque
149 554 236 568 conces-

50 582 123 601 siones
150 579 237 600 cancel-

51 611 156 634 tartarum.
174 616 236 637 prae-

51 647 145 668 terquam
153 649 177 663 ex
189 648 237 662 cau-

51 679 74 694 sa
95 679 187 694 onerosa
204 675 236 692 ta-

51 707 103 728 ctas,
111 709 189 730 easque
201 703 237 722 (1:¹-

51 740 122 755 nterae
143 735 237 761 Λμιιςιο-

51 767 105 787 ticae
114 766 214 793 applicat,

895 261 1011 285 Partis

250 320 322 352 dem
339 323 369 351 et
385 317 451 351 fisci
468 327 503 349 ac
520 315 670 349 Gamerae
695 315 893 359 apostalicae
911 315 1000 347 dam-

251 384 340 412 num,
365 369 598 415 praeiudicium
620 375 645 401 ct
670 370 836 402 iacturam.

294 425 331 468 ξ’]
343 453 347 458 .
359 424 435 464 Nos,
448 424 631 466 praemissis,
647 429 803 467 quantum
821 433 1000 467 possumus,

251 480 377 513 obviare
398 478 549 515 volentes,
572 488 607 510 at·
629 477 771 520 singulas
792 477 999 521 provisiones,

251 531 475 565 concessiones·
495 537 522 563 et
540 531 665 573 quasvis
682 530 758 562 alias
779 530 1004 574 dispositiones
1025 569 1027 575 k

251 587 289 619 de
305 585 476 630 praedictis
492 584 669 617 notariatus
684 590 710 615 vt
722 584 938 617 Cancellariae
955 584 1002 616 os-

252 639 332 672 siciis
353 639 383 670 in
400 637 634 677 criminalibus,
653 648 700 677 ac,
721 637 773 670 nbi
791 637 1003 679 civilianego-

252 693 299 726 cia
321 703 378 736 per
397 691 558 724 notarium
587 702 641 724 sen
668 691 896 724 cancellarium
919 702 1005 723 excr-

252 746 317 780 ceri
338 746 460 785 solent,
489 745 582 778 etiam
612 745 650 777 de.
671 744 857 777 huiusmodi
884 744 1005 781 officiis,

251 811 333 844 quae
359 810 423 833 non
444 799 505 832 sint
535 798 573 831 ad
594 798 834 842 dispositionem
859 809 1005 831 commn—

253 853 358 887 nitatis
392 853 475 889 loci,
511 852 606 886 etiam
628 853 659 885 in
689 852 857 889 civilibus,
881 862 1005 884 necnon

251 907 347 941 etiam
369 907 407 940 de
428 907 541 939 officiis
562 906 738 939 notariatus
765 905 905 938 civilium
933 917 1006 937 cau-

251 972 358 995 sarum
382 960 631 1005 provinciarum,
654 959 747 992 nobis
763 966 793 992 et
813 959 914 992 dictae
936 960 1006 993 Sedi

251 1015 481 1055 subiectarum,
505 1025 587 1058 quae
609 1024 666 1057 per
681 1014 850 1057 deputatos
865 1024 881 1045 a
899 1013 1009 1056 legatis

252 1075 281 1103 et
301 1069 482 1112 vicelegatis
502 1079 561 1113 pro
582 1073 728 1111 tempore
744 1068 900 1100 haetenus
920 1078 1008 1100 exer-

252 1123 317 1157 ceri
334 1123 425 1156 solita
446 1122 505 1155 sint
527 1127 556 1155 et
577 1122 615 1154 ad
631 1131 782 1165 praesens
802 1126 1005 1161 exercentur,

251 1177 416 1221 quibusvis
428 1175 582 1220 personis,
595 1175 832 1218 cuiuscumque
848 1174 1009 1218 dignitatis

251 1230 479 1267 existentibus,
509 1239 567 1273 per
594 1238 818 1272 quoscumque
848 1228 1010 1262 Romanos

250 1284 421 1318 Pontifices
437 1295 472 1317 ac
489 1283 584 1316 etiam
606 1293 663 1316 nos
679 1287 710 1315 et
725 1283 853 1316 eosdem
875 1282 1007 1326 legatos,

250 1339 461 1382 vicelegatos,
493 1337 742 1380 gubernatores,
776 1341 949 1380 potestates
973 1347 1009 1369 ac

251 1393 330 1426 alios
355 1390 527 1430 officiales,
558 1395 717 1434 perpetuo
740 1390 787 1423 vel
809 1390 848 1422 ad
868 1394 1007 1434 tempus,

251 1445 329 1479 alias
348 1454 447 1489 quam
467 1454 505 1476 ex
525 1454 621 1477 causa
641 1453 790 1481 onerosa,
808 1443 926 1483 factas,
955 1454 1009 1476 eo-

252 1510 325 1533 rum
353 1498 493 1537 veriores
519 1502 667 1537 tenores,
690 1497 778 1529 datas
806 1502 833 1529 et
863 1497 1008 1537 decreta,

253 1553 348 1586 etiam
369 1551 539 1591 irritantia,
553 1550 584 1583 in
605 1550 650 1583 eis
665 1550 822 1594 apposita,
841 1562 876 1584 ac
899 1562 1011 1584 causas

252 1610 387 1650 propter
406 1615 486 1648 quas
505 1604 606 1637 factae
624 1609 654 1636 et
673 1614 845 1637 concessae.
866 1605 1008 1645 suerunt,

253 1659 478 1703 praesentibus
493 1669 551 1702 pro
568 1658 764 1691 sufficienter
780 1658 938 1701 expressis
953 1659 1010 1691 lia-

253 1713 377 1753 bentes‚
399 1712 516 1746 harum
537 1712 617 1745 serie
639 1716 824 1745 revocantes
844 1717 872 1745 et
895 1712 1010 1745 annul-

253 1767 366 1807 lantes,
376 1770 405 1799 et
416 1771 578 1799 revocatas
594 1770 624 1798 et
639 1765 821 1798 annullatas
837 1776 917 1806 esse,
936 1766 1009 1799 nul—

256 1820 366 1864 lasque
386 1825 416 1853 et
431 1818 584 1852 invalidas
611 1818 795 1862 nulliusque
819 1819 943 1852 roboris
964 1819 1010 1851 vel

256 1872 411 1907 momenti
427 1872 571 1912 existere,
588 1878 616 1905 et
634 1871 754 1905 nemini
772 1872 939 1915 suffragari
957 1879 1010 1906 aut

254 1928 407 1972 prodesse
434 1937 526 1970 posse
553 1926 780 1967 decernentes,
810 1927 942 1971 ipsaque
963 1928 1010 1960 os-

255 1982 329 2015 sicia
350 1992 367 2014 a
391 1981 555 2025 quibusvis
575 1981 805 2024 legationibus,
833 1981 1009 2024 guberniis,

255 2035 437 2080 potestariis
448 2040 478 2068 et
489 2035 559 2068 aliis
570 2034 683 2068 officiis
696 2035 823 2079 penitus
833 2040 861 2067 et
879 2036 1011 2068 omnino

256 2094 413 2134 perpetuo
433 2089 702 2122 dismembrantes
718 2094 746 2122 et
763 2094 1010 2133 separantes3ac

257 2154 315 2188 pro
338 2148 484 2188 tempore
502 2143 672 2176 existentes
695 2144 833 2186 legatos,
854 2144 1011 2186 vicelega-

255 2202 315 2237 ῑος,
339 2197 591 2240 gubernatore&
614 2202 785 2240 potestates
811 2202 839 2229 et
869 2197 948 2230 alios
968 2197 1013 2230 of-

256 2250 378 2283 ficiales
397 2250 533 2284 ulterius
553 2251 584 2283 in
605 2250 726 2284 eisdem
743 2249 855 2283 officiis
873 2251 1011 2283 notaria-

257 2309 307 2336 tus
327 2307 357 2336 et
380 2302 597 2337 Cancellariae
631 2315 663 2336 se
695 2304 929 2344 intromittere,
959 2309 1014 2336 aut

257 2357 334 2390 alias
354 2357 392 2391 de
413 2357 475 2390 illis
495 2357 602 2401 aliquo
627 2358 723 2391 modo
745 2357 915 2402 disponere
938 2359 1012 2390 nul-

256 2409 383 2444 latenus
394 2421 487 2456 posse
510 2422 617 2454 neque
638 2411 767 2452 debere,
785 2411 904 2455 illaque
922 2422 1012 2445 exer-

258 2469 367 2499 centes
386 2464 426 2498 ab
446 2464 508 2498 illis
527 2465 720 2499 amovendos
738 2476 806 2499 esse
823 2472 853 2499 et
872 2465 1013 2499 amoveri

259 2513 375 2548 debere
394 2514 616 2555 decernentes,
640 2526 676 2550 ac
696 2515 807 2549 eadem
826 2514 930 2548 officia
955 2514 1012 2549 Ca-

258 2574 366 2600 merae
386 2564 568 2609 praedictae
583 2565 781 2610 applicantes
796 2570 826 2599 et
842 2564 879 2598 ad
901 2563 1013 2597 Carne-
1034 2595 1035 2598 ,

258 2623 326 2648 ram
347 2613 450 2658 ipsam
470 2613 503 2647 in
523 2613 669 2648 futurum
690 2620 848 2659 perpetuo
869 2618 1014 2657 spectare

259 2661 468 2696 declarantes.

1036 260 1066 284 tv
1091 261 1136 284 pe.
1686 245 1749 282 519

1087 313 1146 356 5⁵2.
1171 310 1390 344 venerabilem
1413 310 1540 342 fratrem
1563 316 1706 342 nostrum
1724 311 1795 343 llic·

1044 377 1226 410 ronymum,
1254 365 1442 409 episcopum
1467 363 1705 401 Torcellanum,
1729 376 1795 397 mo-

1024 478 1026 499 ·'
1046 475 1165 507 rarinm
1195 479 1340 506 nostrum
1370 472 1565 514 generalem.
1585 472 1680 503 totins
1695 472 1799 504 Status

1024 514 1027 524 ’
1046 527 1204 560 Ecclesiae
1226 533 1253 558 et
1276 526 1427 559 Gamerae
1446 524 1631 557 huiusmodi
1648 524 1798 557 connnis-

1047 580 1165 613 >arium
1197 579 1450 623 genrwalennad
1470 578 1577 611 onmia
1598 584 1626 611 et
1648 578 1797 619 sing-futat

1048 635 1221 667 notariatus
1238 640 1264 666 et
1282 633 1510 669 Cancellariac,
1526 632 1554 665 in
1567 632 1800 668 critninalilnts,

1047 696 1088 724 vt,
1109 687 1162 719 nbi
1179 698 1292 719 causae
1310 686 1418 719 cix-ilos
1435 691 1462 718 et
1480 686 1664 719 criminales
1681 686 1802 718 mixtim

1048 747 1073 772 vt
1099 752 1155 785 per
1176 751 1277 773 unum
1300 746 1326 772 et
1357 740 1506 772 eumdem
1528 739 1690 772 notarium
1712 750 1803 772 excr-

1049 795 1113 828 ceri
1135 795 1256 830 solent,
1284 794 1378 827 etiam
1409 793 1439 826 in
1466 793 1626 833 civilibus,
1647 804 1802 838 quarum—

1028 863 1030 874 <
1050 859 1189 893 cumque
1210 848 1384 884 civitatum,
1405 853 1562 880 terrarum
1580 853 1607 880 ct
1625 853 1803 881 castrorum

1050 902 1145 935 totins
1162 902 1268 935 Status
1277 901 1505 937 Ecclesiastici2
1526 912 1651 935 necnon
1668 902 1806 936 notaria-

1049 962 1099 989 tus
1121 957 1272 989 similium
1296 967 1466 990 causarum
1484 956 1723 1000 provinciarum
1744 956 1805 990 hu-

1051 1009 1200 1047 iusmodi,
1225 1010 1318 1043 etiam
1340 1010 1399 1042 sub
1417 1010 1632 1053 legationibus
1652 1021 1808 1054 quorum-

1051 1075 1190 1107 (nmque
1219 1069 1345 1097 sanctae
1366 1064 1528 1097 Romanae
1548 1064 1711 1098 Ecclesiae
1737 1076 1806 1099 car-

1051 1117 1224 1154 dinalium.
1255 1124 1310 1151 ant
1339 1118 1482 1162 ipsorum
1518 1118 1731 1152 cardinalium
1759 1121 1806 1153 vel

1051 1172 1187 1205 aliarum
1224 1183 1434 1216 personarum
1467 1172 1504 1205 ad
1526 1172 1619 1205 vitam
1647 1184 1702 1206 seu
1731 1174 1808 1207 alias

1051 1226 1096 1259 cis
1113 1236 1341 1259 concessarum
1355 1226 1598 1269 comprehensa,
1609 1238 1683 1260 cum
1694 1238 1807 1261 eorum

1051 1279 1241 1323 scripturis,
1274 1280 1402 1324 siquae
1428 1279 1652 1323 reperiantur,
1682 1291 1809 1315 necnon

1052 1333 1252 1371 honoribus.
1281 1333 1435 1366 oneribus
1465 1339 1495 1366 ct
1521 1334 1759 1375 emolumentis,
1772 1346 1808 1368 ac

1052 1399 1126 1420 cum
1148 1387 1414 1430 obligationibus,
1448 1388 1618 1426 clausulis,
1656 1389 1806 1430 cautelis,

1052 1441 1188 1475 decretis
1208 1447 1237 1474 et
1262 1441 1411 1485 capitulis
1431 1441 1659 1485 infrascriptis,
1681 1453 1810 1477 necnon

1053 1494 1153 1539 pactis
1173 1500 1201 1528 et
1224 1495 1476 1536 conditionibus,
1500 1501 1530 1528 et
1551 1507 1609 1540 pro
1630 1496 1733 1540 pretio
1754 1508 1810 1530 seu

1053 1548 1162 1591 pretiis
1178 1548 1263 1581 dicto
1281 1548 1481 1581 thesaurario
1496 1548 1579 1582 bene
1594 1549 1677 1590 visis,
1695 1549 1726 1583 in
1747 1550 1810 1583 uti-

1054 1602 1173 1635 litatem
1210 1602 1310 1645 ipsius
1343 1602 1494 1635 Gamerae
1529 1603 1752 1637 convertendis
1781 1610 1812 1638 et

1053 1656 1274 1700 applicandis,
1298 1656 1336 1689 ad
1356 1657 1451 1689 vitam
1480 1657 1644 1700 quibusvis
1664 1658 1812 1701 personis

1052 1710 1256 1744 vendendum
1278 1716 1306 1744 et
1338 1711 1544 1744 alienandum
1573 1711 1704 1745 nomine
1725 1712 1810 1746 eius-

1053 1764 1125 1796 dem
1138 1764 1289 1798 Camerae
1311 1770 1340 1797 et
1362 1765 1393 1797 in
1409 1764 1496 1797 illius
1516 1764 1698 1806 utilitatem,
1721 1772 1811 1800 motu

1054 1817 1186 1862 proprio
1208 1824 1235 1851 et
1258 1829 1295 1851 ex
1315 1824 1401 1852 certa
1429 1818 1561 1852 scientia
1582 1824 1690 1853 nostra
1715 1832 1752 1854 ac
1772 1821 1811 1855 de

1053 1867 1248 1911 apostolicae
1279 1868 1443 1911 potestatis
1463 1868 1676 1913 plenitudine,
1699 1874 1811 1905 tenore

1053 1918 1284 1961 praesentium,
1308 1918 1536 1952 constituimus
1556 1925 1583 1952 et
1602 1920 1806 1964 deputamus.

1052 1966 1168 2000 Dantes
1188 1973 1215 2000 et
1238 1968 1451 2001 concedentes
1471 1968 1517 2001 illi
1537 1970 1665 2014 plenam
1684 1975 1714 2003 et
1730 1971 1811 2005 libe-

1054 2027 1121 2049 ram
1143 2017 1346 2057 facultatem,
1369 2017 1592 2051 auctoritatem
1614 2023 1644 2051 et
1672 2024 1811 2064 potesta-

1054 2071 1117 2099 tem
1152 2066 1319 2100 Cameram
1342 2067 1455 2111 ipsam,
1482 2068 1735 2111 praemissorum
1756 2081 1811 2104 oc-

1054 2116 1193 2156 casione,
1219 2117 1251 2149 in
1271 2117 1471 2161 amplissima
1499 2118 1604 2151 forma
1626 2118 1809 2161 obligandi,

1054 2164 1181 2209 aliaque
1208 2165 1241 2198 in
1262 2166 1446 2209 praemissis
1476 2172 1506 2200 et
1532 2166 1617 2200 circa
1638 2178 1674 2200 ea
1699 2178 1812 2202 neces-

1055 2215 1137 2247 saria
1157 2221 1188 2248 et
1207 2221 1391 2258 opportuna
1412 2215 1549 2250 faciendi
1577 2222 1607 2249 et
1627 2218 1810 2258 exercendi;

1034 2284 1035 2289 =
1055 2275 1089 2297 ne
1103 2275 1204 2297 unum
1216 2265 1384 2308 velplures
1402 2265 1732 2305 commissarios,cum
1750 2268 1811 2301 eis-

1055 2313 1127 2346 dem
1154 2314 1316 2355 facultate,
1339 2320 1494 2358 potestate
1515 2321 1543 2348 et
1565 2316 1754 2350 auctoritate
1774 2329 1812 2351 ac

1055 2363 1144 2404 alias,
1168 2369 1263 2408 prout
1293 2364 1351 2397 sibi
1372 2364 1549 2403 videbitur,
1577 2365 1615 2398 ad
1637 2366 1812 2409 praemissa

1055 2413 1241 2457 deputandi.
1274 2413 1317 2447 Ac
1349 2413 1559 2448 decernentes
1589 2426 1811 2460 quascumque

1055 2461 1265 2502 venditiones,
1284 2463 1504 2504 alienationes,
1529 2465 1753 2498 concessiones
1772 2466 1811 2500 de

1056 2511 1175 2544 eisdem
1195 2511 1308 2545 officiis
1328 2523 1386 2558 per
1400 2513 1551 2547 eumdem
1573 2514 1810 2548 thesaurarium

1034 2602 1036 2607 ,
1056 2566 1083 2593 et
1101 2560 1339 2594 commissarios
1354 2573 1412 2606 per
1427 2574 1501 2596 eum
1520 2573 1576 2606 pro
1594 2568 1739 2608 tempore
1755 2563 1810 2596 de-

1035 2615 1036 2636 l
1057 2615 1195 2653 putatos,
1218 2611 1349 2645 nomine
1365 2612 1508 2645 eiusdem
1525 2612 1676 2645 Gamerae
1695 2612 1811 2646 facien-

1095 2674 1103 2699 ¹
1124 2673 1186 2708 teg.
1198 2672 1285 2700 forsan
1302 2677 1405 2707 amputa
1423 2674 1509 2708 officia
1523 2675 1562 2710 (a.
1581 2676 1631 2709 r).
1799 2668 1802 2669 ⁷

1027 722 1029 737 [

1044 423 1179 454 <ternum
1193 426 1218 453 et
1233 431 1290 463 pro
1303 425 1449 462 tempore
1465 417 1648 450 existentem
1668 418 1796 450 tlwsau-
1843 456 1846 467 Ι

1812 259 1858 282 An.
1877 254 1905 280 (1.
1927 254 1991 281 1556

1826 321 1996 341 thesaurarium-

1811 360 1849 379 qne
1866 354 1950 378 deputat
1971 353 1997 372 ad

1812 386 1857 405 itt„
1900 385 1998 404 alienan-

1812 417 1858 435 dum
1888 417 1911 435 :ixl
1936 423 1942 434 t
1957 419 1997 435 tant

1814 451 1856 467 tait
1888 449 1955 466 utnulla
