2227 3001
211 271 258 298 An.
276 273 304 299 c.
326 273 389 299 mo
448 263 512 297 400

1005 272 1183 296 sst'LLAttlt'M
1208 272 1289 295 nom
1295 272 1356 295 wn

1967 269 2017 296 An.
2036 269 2064 296 C.
2085 270 2148 296 ttfuo

230 327 312 349 Mem·
329 330 391 350 bisin
406 327 509 359 larum
526 327 695 370 regionum
718 333 803 359 tauta
822 332 865 359 est
888 326 1092 359 sacerdotum
1110 336 1156 357 ra-
1177 335 1180 384 Ι
1200 325 1258 357 sub
1278 324 1442 367 quibusvis
1467 326 1742 369 suspensionibus,
1770 325 1949 368 derogatio-

210 359 242 378 die
258 361 339 385 quau‘lo
353 366 392 381 ce-

209 389 298 410 lehi-aut.

406 380 494 420 ritas,
516 386 551 413 ut
571 391 655 413 unus
676 380 818 423 plurium
835 389 945 411 curam
962 379 1156 422 populorum
1200 378 1306 415 nibus,
1320 377 1563 411 limitationibus
1572 384 1600 411 et
1617 379 1687 411 aliis
1699 378 1862 422 quibusvis
1878 389 1950 411 con-

405 434 568 477 suscipere
595 434 724 471 debeat,
752 437 786 464 ut
809 432 858 464 bis
875 432 988 464 eodem
1009 431 1058 464 die
1081 431 1156 463 mis-
1177 451 1179 457 ·
1200 430 1305 463 trariis
1320 431 1583 475 dispositionibus
1606 439 1636 465 et
1657 432 1832 475 gratiarum
1850 443 1886 465 ac
1902 431 1950 464 in-

405 496 471 518 sam
494 486 656 519 celebrare
669 484 799 517 diversis
816 485 848 517 in
864 484 944 517 locis
961 485 1095 517 valeant.

449 538 532 582 §38
562 539 597 571 Et
629 538 762 581 insuper
798 542 917 570 attenta
950 537 1156 570 meditatione

221 593 333 620 Pffiflessffi
344 602 390 616 Μη-
404 597 575 637 pensantes
597 597 754 635 quantum
777 591 920 623 utilitatis
936 591 974 623 ad
992 591 1155 624 exaltatio-

205 626 241 644 n‘a
263 627 391 648 confirmau—

207 659 246 675 ΗΠ.

404 699 486 739 tatis,
509 699 675 732 Societatis
696 698 877 742 praedictae
896 699 1093 742 professores
1109 700 1155 732 af-

402 752 506 784 ferant
525 758 552 785 et
571 752 687 785 afferre
704 752 841 792 valeant,
860 752 969 785 onmia
985 757 1012 784 et
1030 752 1154 795 singula

400 804 530 848 gratias,
552 804 789 845 immunitates,
813 805 1056 845 concessiones,
1092 806 1155 849 pri-

400 858 513 901 vilegia
530 864 559 891 et
575 859 708 894 indulta.
727 864 819 891 antea
836 869 962 902 pernos
979 859 1082 892 eidem
1101 860 1153 893 So-

400 912 505 945 cietati
526 917 556 945 et
572 912 658 945 illius
679 912 772 945 sociis
790 918 820 945 et
847 913 992 956 personis
1021 924 1154 956 quomo-

399 965 519 998 dolibet
535 976 699 1005 concessa,
714 976 796 1009 quae
815 966 865 998 hic
884 976 942 1009 pro
964 966 1154 1009 specificatis

399 1017 511 1051 haberi
530 1018 691 1059 volumus,
714 1018 942 1062 approbantes,
969 1018 1155 1052 innovantes

399 1076 430 1104 et
450 1072 691 1105 confirmantes.

444 1125 528 1168 §3st
548 1126 638 1165 Quod
664 1126 741 1159 socii
766 1127 869 1160 dictae
893 1126 1071 1166 Societatis,
1099 1128 1152 1170 qui

398 1179 475 1212 alibi
497 1190 594 1223 quam
622 1179 653 1212 in
679 1180 759 1213 urbe
784 1180 885 1213 Roma
923 1181 1152 1224 professionem

400 1233 545 1266 emittere
572 1244 635 1267 non
664 1239 814 1277 possunt,
844 1234 945 1267 literis
969 1235 1153 1278 apostolicis

399 1287 437 1320 ab
455 1287 523 1331 ipsa
544 1287 699 1321 Societate
721 1288 759 1320 ad
777 1287 807 1320 id
823 1288 863 1320 ob
887 1287 1011 1331 aliquas
1042 1300 1153 1321 causas

399 1340 438 1373 ad
468 1346 595 1385 tempus
624 1340 802 1384 impetratis
832 1352 896 1374 non
933 1342 1150 1378 obstantibus,

399 1394 532 1434 eisdem,
569 1394 607 1427 de
639 1394 767 1427 licentia
797 1394 970 1438 praepositi
995 1396 1153 1437 generalis

400 1447 571 1491 praedicti,
596 1453 628 1480 ut
651 1448 881 1491 professionem
900 1448 1001 1492 ipsam
1020 1448 1151 1481 ubilibet

398 1500 542 1534 emittere
560 1501 660 1534 libere
681 1507 711 1534 ct
737 1501 822 1534 licite
848 1501 972 1534 valeant
1005 1502 1151 1535 concedi·

399 1565 470 1587 mus
495 1560 525 1588 ct
542 1555 759 1598 indulgemus.

441 1609 456 1652 ξ
475 1608 528 1642 40.
556 1609 686 1642 Necnon
706 1609 827 1651 Ignatio
848 1615 880 1642 ct
897 1609 967 1642 aliis
989 1621 1151 1643 successo-

397 1661 487 1694 ribus
512 1661 577 1695 suis
604 1662 795 1706 praepositis
819 1663 1024 1705 generalibus
1049 1663 1151 1696 dictae

399 1715 565 1749 Societatis
586 1726 644 1760 pro
662 1721 807 1760 tempore
829 1716 1036 1750 existentibus
1054 1722 1087 1749 ut
1102 1717 1151 1750 in-

398 1768 522 1802 dultum
536 1769 614 1802 alias
625 1780 683 1813 per
699 1780 757 1802 nos
769 1770 871 1802 eidem
882 1769 1043 1811 Societati‚
1056 1781 1153 1814 super

398 1822 554 1855 habendis
565 1823 673 1865 viginti
686 1823 938 1863 coadiutoribus,
951 1835 1151 1863 concessum,

399 1875 437 1907 ad
458 1876 537 1908 alios
556 1887 779 1921 quoscumque
792 1905 799 1917 ‚
827 1888 909 1920 quos
932 1877 1065 1911 idoneos
1085 1878 1152 1912 fore

399 1929 592 1969 censuerint,
602 1930 661 1962 sub
672 1940 784 1962 eorum
798 1930 980 1963 obedientia
991 1931 1152 1973 degentes,

399 1983 582 2016 extendere.

443 2037 528 2080 §leh
557 2037 591 2070 Et
614 2048 836 2081 quascumque
861 2038 995 2081 gratias,
1019 2049 1151 2071 conces-

399 2090 505 2123 siones
517 2095 547 2123 et
562 2090 685 2123 indulta
701 2090 820 2124 eisdem
833 2091 1039 2134 generalibus
1050 2091 1151 2125 dictae

399 2143 565 2176 Societatis
582 2143 771 2187 praepositis
782 2154 841 2188 pro
859 2150 1004 2189 tempore
1020 2145 1153 2178 existen-

214 1183 322 1204 Protessio
337 1183 385 1204 ubi-

203 1221 243 1241 que
253 1216 318 1235 emitti
334 1221 384 1241 pns-

201 1247 228 1265 sit
246 1246 270 1266 de
299 1245 385 1265 licentia

201 1277 316 1302 praepositi
346 1282 384 1302 gc*

201 1308 286 1328 nei-atis.

246 1668 384 1689 Coatliutores

198 1700 245 1720 sine
265 1703 324 1720 certo
344 1706 385 1719 nu-

199 1735 257 1751 mero
302 1731 383 1751 admitti

198 1765 286 1788 possunt
298 1768 309 1781 a
322 1768 384 1788 prae-

197 1793 267 1819 posito
297 1795 383 1821 practi-

198 1827 238 1844 cto.

212 2095 348 2123 erat-positus
359 2102 382 2117 e-

199 2129 248 2147 iiam
271 2133 308 2153 per
331 2128 383 2148 atio<

199 2163 286 2180 ΕΙΘΓΕΘΙ
309 2165 381 2180 munll'

200 2195 265 2210 ntum-

398 2250 464 2283 rios
489 2256 544 2283 aut
569 2262 722 2295 personas
744 2252 783 2284 ad
814 2252 845 2285 id
871 2251 930 2284 sibi
957 2251 1038 2285 bene
1059 2252 1150 2293 visas,

399 2304 586 2348 praesertim
608 2305 640 2338 in
667 2305 830 2338 lndiarum
859 2311 889 2339 et
912 2305 981 2339 aliis
1010 2306 1154 2349 partibus

399 2358 531 2390 remotis
549 2369 606 2401 pro
623 2364 767 2402 tempore
789 2358 986 2399 substitutas,
1004 2370 1152 2393 exercerc

401 2410 500 2444 libere
516 2417 547 2444 et
564 2411 650 2444 licite
666 2412 800 2444 valeant.

444 2465 459 2508 g
474 2464 528 2498 422.
547 2465 590 2498 Ac
606 2470 790 2509 praesentes
806 2466 913 2498 literas
925 2471 953 2499 et
969 2466 1001 2499 in
1018 2467 1062 2500 eis
1079 2477 1153 2499 con—

401 2520 487 2548 tenta
515 2525 752 2558 quaecumque,
779 2526 815 2547 ex
843 2516 952 2558 quavis
975 2527 1083 2555 causa,
1115 2516 1153 2549 de

401 2563 619 2608 subreptionis
638 2564 685 2597 vel
707 2564 906 2607 obreptionis
926 2571 978 2598 aut
1000 2565 1154 2598 nullitatis

401 2612 493 2652 vitio,
515 2623 571 2646 seu
592 2612 777 2646 intentionis
796 2618 923 2645 nostrae
949 2614 1075 2646 defectu
1096 2624 1153 2646 no-

214 2516 316 2537 clausula»
335 2522 386 2542 prm-

202 2549 321 2568 nervativae
338 2551 386 2567 ista-

203 2585 246 2601 rum
265 2579 384 2605 gratiarum.

399 2196 484 2229 tibus
504 2207 562 2241 per
581 2208 639 2230 nos
656 2208 808 2231 concessa
822 2225 829 2237 ,
857 2208 915 2242 per
935 2208 1048 2231 eorum
1069 2198 1152 2231 vica·
1174 2243 1175 2247 Ἰ

1177 538 1179 548 r

1177 549 1179 563 l

1200 483 1438 526 tlulgentiarum
1475 495 1701 518 concessarum
1740 484 1952 528 derogatoriis

1200 548 1254 569 seu
1274 536 1489 571 revocatoriis.
1513 537 1607 570 etiam
1627 549 1684 581 per
1703 548 1761 571 nos
1786 544 1813 571 et
1836 538 1949 571 Scdem

1199 589 1345 622 eamdem
1367 600 1425 633 pro
1445 595 1590 634 tempore
1616 591 1793 631 concessis,
1813 591 1950 624 nullate-

404 657 477 679 nem
494 645 685 678 christianae
702 645 775 677 fidei
796 651 825 678 et
850 645 1051 687 evangelicae
1074 645 1156 678 veri·
1175 667 1179 706 ἰ
1199 654 1260 675 nus
1280 643 1524 686 comprehendi,
1548 644 1601 677 sed
1622 655 1749 688 semper
1769 645 1808 677 ab
1824 645 1886 677 illis
1901 655 1951 678 ex-

1199 701 1307 740 ceptas
1323 696 1469 736 existere,
1487 707 1523 729 ac
1545 707 1620 730 suos
1639 697 1801 741 plenarios
1817 698 1951 731 effectus

1199 750 1317 783 sortiri.

1242 804 1256 846 ἓ
1277 802 1330 836 43.
1350 804 1385 835 Et
1402 803 1531 837 illarum
1548 804 1769 848 transumptis,
1782 815 1879 838 manu
1896 815 1951 837 no-

1199 857 1268 889 tarii
1290 856 1410 900 publici
1431 856 1618 900 subscriptis
1638 862 1666 890 et
1687 857 1790 900 sigillo
1815 857 1952 890 alicuius

1199 909 1345 942 canonici
1373 910 1638 953 metropolitanae
1665 911 1713 943 vel
1737 910 1870 944 alterius
1897 922 1950 944 ca-

1197 963 1351 996 thedralis
1371 963 1536 1003 eeclesiae,
1571 975 1626 997 seu
1655 974 1812 1008 personae
1841 964 1873 997 in
1902 964 1950 998 di-

1197 1017 1314 1059 gnitate
1345 1017 1560 1050 ecclesiastica
1585 1017 1776 1050 constitutae
1800 1019 1948 1058 munitis,

1197 1070 1343 1103 eamdem
1366 1081 1498 1114 prorsus
1513 1071 1622 1109 fidem,
1640 1081 1722 1114 quae
1743 1071 1952 1104 adhiberetur

1197 1123 1314 1156 eisdem
1338 1123 1548 1167 originalibus
1569 1123 1680 1163 literis,
1701 1124 1725 1157 si
1741 1124 1846 1157 forent
1865 1125 1950 1158 exhi-

1197 1177 1279 1209 bitae
1304 1178 1351 1210 vcl
1372 1182 1535 1213 ostensae,
1570 1177 1701 1220 ubique,
1724 1176 1756 1209 in
1780 1177 1899 1212 iudicio
1921 1183 1949 1211 et

1197 1236 1293 1269 extra,
1315 1230 1460 1263 adhiberi
1482 1230 1610 1263 debere.

1240 1284 1254 1327 ξ
1274 1284 1326 1316 44.
1351 1284 1384 1317 Et
1403 1284 1446 1317 sic
1468 1295 1526 1328 per
1541 1295 1765 1328 quoscumque
1782 1285 1905 1319 iudices
1920 1291 1949 1319 et
1977 1293 2150 1330 §apaustau-

1196 1337 1445 1377 commissarios,
1463 1337 1573 1380 quavis
1588 1338 1683 1371 etiam
1700 1339 1877 1382 apostolica
1891 1350 1948 1372 au·
1965 1326 2149 1377 ffiiifffffcm'h'

1196 1391 1341 1424 ctoritate
1362 1392 1550 1434 fungentes,
1572 1392 1696 1424 sublata
1717 1392 1762 1425 eis
1786 1397 1815 1425 et
1836 1403 1949 1426 eorum

1196 1444 1324 1477 cuilibet
1355 1445 1464 1488 quavis
1494 1446 1586 1479 aliter
1614 1445 1777 1478 iudicandi
1801 1451 1832 1479 et
1857 1446 1951 1480 inter-

1196 1498 1343 1541 pretandi
1369 1499 1519 1532 facultate
1536 1505 1565 1532 et
1590 1499 1792 1540 auctoritate,
1815 1499 1950 1534 iudicari

1196 1557 1223 1583 et
1245 1552 1371 1584 definiri
1394 1553 1525 1593 debere3
1543 1564 1579 1586 ac
1595 1553 1620 1586 si
1641 1564 1734 1586 secus
1750 1564 1849 1597 super
1866 1554 1917 1587 his
1934 1565 1951 1586 a

1195 1615 1373 1649 quoquam,
1395 1605 1505 1650 quavis
1525 1606 1726 1647 auctoritate,
1749 1606 1889 1640 scienter
1903 1608 1950 1640 vel

1195 1657 1391 1701 ignoranter,
1413 1659 1582 1703 contigerit
1600 1659 1760 1701 attentari,
1780 1660 1907 1694 irritum
1920 1666 1948 1694 et

1195 1711 1289 1745 inane
1307 1713 1524 1746 decernimus.

1239 1766 1254 1809 g
1273 1765 1327 1800 45.
1352 1767 1395 1799 Ac
1423 1766 1546 1800 dilectis
1567 1766 1598 1799 in
1618 1766 1742 1800 Christo
1767 1767 1853 1808 filiis,
1875 1767 1950 1802 illu·
1978 1782 2075 1804 Societas
2089 1785 2147 1805 eius-

1197 1820 1313 1854 stribus
1331 1826 1358 1854 et
1382 1821 1544 1854 nobilibus
1563 1821 1655 1861 viris,
1678 1822 1882 1867 principibus
1913 1834 1949 1856 ac
1965 1819 2004 1842 ‘³¹¹⁰
2043 1819 2148 1841 ⁹⁹'⁵⁰¹²'¹⁸

1972 1845 2094 1866 viminibus
2124 1852 2148 1867 ae

1196 1875 1333 1907 dominis
1351 1875 1585 1918 temporalibus
1596 1881 1625 1909 et
1641 1876 1878 1910 venerabilibus
1889 1877 1950 1910 sra—
1965 1853 2147 1930 Ξζζξὲἐξζυρῡω·

1195 1928 1298 1961 tribus
1318 1928 1468 1972 praelatis
1479 1929 1714 1969 ecelesiasticis,
1727 1930 1759 1963 in
1775 1930 1885 1973 quavis
1905 1931 1951 1963 di·
2092 1924 2096 1928 ¹

1196 1982 1313 2025 gnitate
1331 1982 1523 2020 constitutis,
1541 1983 1738 2026 praedictam
1758 1984 1949 2018 Societatem

1195 2047 1231 2069 ac
1253 2036 1396 2079 singulos
1416 2036 1502 2070 illius
1522 2036 1624 2070 socios
1641 2037 1818 2081 plurimum
1836 2039 1868 2071 in
1887 2038 1949 2072 Do-

2005 818 2149 846 Transnmpti·

1966 849 2069 870 habeatur
2089 850 2148 871 tides„

1173 2106 1175 2116 ι
1196 2089 1284 2123 mino
1306 2091 1587 2131 commendantes,
1610 2101 1675 2124 non
1701 2092 1805 2124 solum
1832 2102 1872 2126 ne
1897 2103 1950 2126 eos

1196 2143 1369 2187 inquietari
1403 2150 1459 2177 aut
1492 2154 1605 2177 eorum
1640 2144 1805 2188 privilegia
1840 2145 1950 2180 violari

1198 2197 1395 2240 permittant,
1419 2197 1472 2230 sed
1494 2203 1527 2230 ut
1551 2197 1688 2240 benigne
1713 2203 1744 2231 et
1768 2209 1841 2232 cum
1867 2200 1950 2232 cari-

1196 2256 1270 2291 tate,
1294 2256 1327 2284 ut
1348 2251 1451 2292 decet,
1474 2251 1649 2295 suscipiant
1673 2252 1881 2286 exhortamur
1903 2258 1949 2286 at-

1196 2315 1258 2347 que
1276 2304 1306 2337 in
1319 2305 1453 2338 Domino
1473 2315 1635 2348 rogamus.

1240 2358 1327 2401 ἓ46.
1352 2358 1389 2391 Et
1413 2358 1624 2391 nihilominus
1649 2358 1804 2392 universis
1833 2365 1863 2393 et
1887 2360 1949 2393 sin-
1982 2374 2148 2396 Consentiam

1195 2412 1278 2455 gulis
1310 2412 1546 2445 venerabilibus
1576 2413 1728 2446 fratribus
1756 2414 1873 2447 nostris
1964 2409 1985 2426 ⁶²
2020 2409 2148 2427 mmmm

1896 2425 1948 2447 δι”
1964 2437 2025 2458 huius
2041 2438 2148 2458 constitu—

1197 2465 1429 2510 chiepiseopis,
1464 2466 1624 2511 episcopis
1656 2477 1693 2500 ac
1722 2466 1846 2501 dilectis
1876 2468 1950 2501 filiis
1964 2469 2027 2520 :⁵⁰”52
2042 2468 2147 2495 demm-

1197 2515 1382 2555 abbatibus,
1405 2514 1568 2558 prioribus
1596 2521 1625 2548 et
1652 2515 1722 2548 aliis
1749 2516 1893 2559 personis
1917 2516 1948 2549 in
1974 2506 2005 2520 ω’

1197 2563 1348 2605 dignitate
1368 2563 1583 2597 ecclesiastica
1603 2564 1796 2604 constitutis,
1822 2576 1948 2599 necnon

1198 2613 1518 2657 metropolitanarum
1552 2619 1581 2647 et
1616 2614 1751 2647 aliarum
1781 2615 1948 2648 cathedra-

403 2662 462 2695 tari
494 2661 542 2696 vel
565 2661 747 2707 impugnari
772 2662 954 2695 nullatenus
981 2673 1091 2707 posse,
1118 2674 1154 2695 ae
1198 2661 1275 2695 lium
1293 2661 1501 2695 ecclesiarum
1518 2662 1693 2704 canonicis,
1707 2674 1744 2696 ac
1759 2663 1948 2698 eorumdem
