2227 3001
481 261 544 295 408

438 326 523 369 regia
539 332 566 358 et
584 326 673 366 alias,
693 331 786 370 prout
805 324 860 358 tibi
881 325 1054 365 videretur,
1078 329 1188 357 conti-a

437 389 491 413 eos
510 380 715 424 procederes,
748 384 919 422 ceteraque
938 378 999 411 alia
1019 378 1140 411 faceres
1161 383 1188 410 et

437 432 659 477 exequererIs‚
689 443 771 475 quae
792 432 824 464 in
846 432 1030 476 praemissis
1055 436 1085 464 et
1105 431 1190 464 circa

437 496 474 519 ea
512 485 693 519 necessaria
719 496 775 518 seu
801 484 1045 528 quomodolibet
1069 496 1188 528 oppor-

437 545 514 573 tuna
542 544 658 579 essent,
686 544 714 571 et
736 538 792 572 tibi
812 538 1006 571 viderentur.
1031 539 1073 571 Ac
1094 538 1188 571 etiam

438 593 603 634 tibi,'ultra
618 597 707 625 tuam
723 597 912 637 potestatem
924 592 1188 625 etauctoritatem

436 647 467 680 in
496 646 696 692 praemissis,
727 646 946 690 plenissimam
974 647 1137 679 licentiam
1159 652 1186 678 et

234 268 282 297 Αη.
307 269 335 296 c.
358 271 422 297 15:10

436 702 620 734 facultatem
650 700 823 741 concessit,
859 705 955 745 proiit
981 701 1012 733 in
1044 702 1209 735 eiusdem.

434 754 524 787 Pauli
554 753 825 798 praedecessoris,
861 759 925 786 tam
959 754 1019 787 sub
1054 755 1187 798 plumbo

434 818 531 850 quam
552 806 584 839 in
613 807 715 839 forma
741 806 844 840 brevis
868 807 1008 852 desuper
1034 808 1188 841 confectis

434 860 534 893 literis
554 860 682 904 plenius
703 860 896 893 continetur.

477 914 553 958 §10
566 914 639 954 Nos,
650 914 976 958 circumspectionem
988 920 1185 961 tuam,quam

241 972 418 1008 Biemodot'on-
434 968 538 1002 divina
569 968 739 1001 clementia
768 968 892 1011 magnis
918 969 1087 1002 illustravit
1113 982 1185 1013 gra-

231 1004 418 1057 ffiiigifffiifiti’ss
435 1022 552 1054 tiaruni
574 1021 776 1061 muneribus,
804 1032 868 1055 non
889 1022 1069 1056 minoribus
1089 1036 1185 1067 quam

231 1067 245 1087 ¹³
263 1066 292 1087 ¹¹¹
309 1068 419 1088 ‘mmmm'
434 1075 537 1107 dictus
551 1075 670 1107 Paulus
686 1075 916 1119 praedeeessor
930 1078 1188 1120 prosequebatur

233 1101 253 1120 οι
270 1099 364 1124 innovat,

434 1127 597 1161 favoribus
612 1133 641 1161 et
662 1127 839 1170 gratiarum
864 1130 1093 1172 praerogativis
1115 1142 1187 1174 pro-

434 1181 525 1224 sequi
545 1182 699 1221 volentes;
722 1192 758 1214 ac
779 1182 979 1224 singularum
1000 1188 1027 1216 et
1050 1184 1184 1217 aliarum
1205 1194 1207 1203 ¹

429 1246 713 1279 quarumcumque
723 1235 890 1268 literarum
901 1241 931 1268 et
941 1238 1184 1271 concessionum

432 1289 487 1322 tibi
513 1294 540 1321 et
555 1288 624 1321 aliis
648 1289 790 1322 eiusdem
812 1289 973 1322 Ecclesiae
1001 1291 1187 1324 camerariis

433 1343 736 1387 praedecessoribus
762 1344 823 1376 tuis
844 1344 1087 1387 quomodolibet
1108 1357 1185 1378 eon-

431 1408 593 1431 cessaruin
622 1402 649 1429 et
682 1397 838 1430 factarum
870 1397 1012 1431 veriores
1037 1405 1184 1438 tenores,

430 1463 466 1484 ac
488 1451 513 1484 si
533 1452 572 1484 dc
592 1451 690 1484 verbo
718 1452 756 1483 ad
777 1451 925 1492 verbum,
952 1452 1031 1484 niliil
1061 1453 1187 1497 penitus

433 1505 564 1545 omisso,
588 1504 697 1537 inserti
724 1506 846 1545 forent,
876 1506 1099 1549 praesentibus
1128 1518 1187 1551 pro

433 1559 631 1592 sufficienter
646 1558 803 1603 expressis
819 1559 985 1600 habentes,
1004 1566 1092 1593 motu
1111 1572 1186 1605 pro-

431 1613 503 1657 prio
537 1618 567 1645 et
595 1624 629 1645 cx
665 1618 751 1645 certa
778 1618 887 1646 nostra
916 1613 1061 1654 scientia,
1092 1626 1129 1648 ac
1149 1615 1208 1647 de*

431 1666 626 1710 apostolicae
649 1668 812 1710 potestatis
832 1667 1046 1711 plenitudine,
1070 1680 1132 1701 iion
1149 1669 1186 1701 ad
1208 1681 1209 1705 3

433 1727 520 1754 tuam
541 1721 587 1754 vel
608 1721 742 1754 alterius
758 1733 816 1765 pro
844 1726 873 1754 te
895 1722 987 1755 nobis
1009 1734 1106 1767 super
1127 1724 1186 1756 lioe
1208 1715 1209 1749 Ῐ

433 1771 558 1803 oblatae
580 1771 741 1814 petitionis
761 1771 962 1812 instantiam,
986 1773 1039 1804 sed
1065 1772 1103 1804 de.
1132 1784 1187 1805 iio-

433 1825 496 1853 stra
512 1832 600 1853 mera
619 1821 819 1858 liberalitate,
840 1821 1095 1858 concessionem,
1114 1822 1187 1854 assi-

433 1871 641 1911 gnationem.
673 1871 930 1904 substitutionem
946 1899 953 1909 ,
986 1871 1188 1913 subrogatio-

435 1931 520 1959 nem,
548 1920 826 1959 constitutionem,
849 1920 1105 1964 deputationem,
1129 1926 1188 1954 sta-

435 1974 557 2006 tutum.
575 1969 732 2006 decreta,
756 1969 1019 2007 declarationem,
1043 1970 1188 2003 volunta-

435 2117 587 2150 omnibus
620 2124 648 2150 et
670 2117 847 2161 singulisin
864 2117 909 2150 eis
929 2117 1088 2150 contentis
1105 2118 1191 2150 clau-

439 2165 518 2198 sulis
534 2172 562 2198 et
579 2166 728 2202 decretis,
750 2166 858 2199 literas
871 2166 897 2206 ¹,
909 2166 1072 2210 praedicta
1084 2172 1193 2199 aucto-

443 2215 533 2248 ritate
545 2226 633 2259 apos.
643 2244 650 2255 ,
668 2222 779 2249 tenore
792 2216 1024 2259 praesentium,
1036 2217 1195 2260 approba-

439 2276 511 2297 mus
546 2270 573 2297 et
602 2266 833 2298 confirmanius
859 2271 887 2298 et
919 2266 1119 2298 innovamus.
1157 2267 1191 2299 Et

440 2313 651 2346 nihilominus
684 2313 760 2353 tibi⁷
802 2314 919 2358 potiori
953 2326 1012 2359 pro
1047 2315 1191 2350 cautela,

441 2363 682 2399 concessiones,
717 2364 964 2406 assignationes,
994 2365 1193 2397 substitutio-

443 2423 529 2451 nem,
553 2412 828 2455 subrogationem,
847 2414 1122 2455 constitutionem,
1140 2415 1195 2447 dc-

444 2461 657 2505 putationem,
680 2467 807 2500 statuta,
837 2464 977 2503 decreta,
1005 2464 1197 2497 declaratio-

445 2520 538 2550 nem,
561 2511 774 2547 voluntatem,
802 2511 1056 2553 ordinationem,
1079 2512 1197 2546 inhibi-

449 2560 564 2600 tiones,
595 2560 756 2600 mandata,
785 2561 1051 2604 approbationem
1073 2568 1101 2595 01
1126 2574 1199 2595 0011-

448 2609 663 2642 firmationem
698 2610 868 2653 praefatas,
904 2612 999 2644 inodo
1034 2617 1064 2644 et
1097 2613 1197 2645 forma

483 2673 492 2701 1
517 2674 619 2702 Lilcras
634 2675 795 2706 praedictas,
813 2673 929 2700 Cherub.
947 2674 985 2709 (11.
1007 2674 1056 2709 1.).

1033 268 1214 293 iii'tLARitiM
1234 269 1385 293 noittNi'ii

2003 271 2050 299 Λιι.
2069 271 2087 299 C
2119 271 2185 299 1350

1233 323 1416 367 praemissis
1435 322 1473 356 de
1495 333 1575 357 novo
1598 323 1807 358 concedimus
1829 329 1856 357 et
1879 335 1984 369 respe-

1232 376 1310 409 ctive
1332 376 1478 417 facimus,
1493 378 1673 419 statuimus,
1688 378 1905 419 decernimus,
1929 379 1984 412 de-

1231 430 1411 469 claramus,
1446 431 1613 471 volumus,
1650 431 1858 472 ordinamus,
1900 432 1984 464 inhi—

1231 484 1356 519 bemus,
1386 483 1588 524 mandamus,
1612 485 1830 528 approbamus
1854 490 1885 518 et
1909 496 1984 518 con-

1231 537 1409 569 firmamus.

1276 590 1290 633 g
1311 590 1363 622 Μ.
1387 591 1430 623 Ac
1451 589 1546 623 etiarn
1568 590 1635 631 tibi,
1653 592 1739 635 quod
1760 592 1899 635 sigillum
1921 593 1981 626 liu-

1230 643 1368 677 iusniodi
1390 644 1487 677 officii
1512 645 1761 685 camerariam&
1784 647 1871 679 solus
1896 651 1927 679 et
1952 646 1982 679 in

1230 697 1381 735 solidum,
1405 698 1525 741 absque
1546 708 1583 730 eo
1604 698 1689 741 quod
1712 698 1821 731 clerici
1843 704 1873 732 et
1892 710 1983 743 prae-

1229 751 1368 784 sidentes
1378 762 1434 783 seu
1453 751 1594 784 decanus
1610 751 1761 785 Gamerae
1780 752 1980 792 huiusmodi,

1228 805 1359 848 aliquod
1380 804 1467 838 aliud
1484 804 1622 847 sigillum
1641 816 1739 849 penes
1754 816 1787 839 se
1803 806 1851 839 vel
1868 817 1983 839 eorum

1228 859 1369 903 aliquem
1386 859 1526 892 retinere
1542 859 1665 903 possint
1687 865 1741 892 aut
1763 859 1913 900 debeant,
1931 871 1982 893 re-

1228 913 1329 946 tinere
1350 913 1452 956 possis
1477 919 1505 946 et
1533 913 1638 946 valeas
1663 913 1871 947 concedimus
1886 918 1917 947 et
1937 914 1984 947 in-

1227 966 1408 1009 dulgemus.

1271 1020 1285 1063 ξ
1306 1020 1358 1052 Η.
1382 1019 1625 1063 Praemissaque
1652 1020 1760 1053 omnia
1788 1025 1817 1053 et
1843 1021 1980 1064 singula,
2011 1034 2183 1062 Cla-»suiasprn-

1227 1073 1285 1105 sub
1306 1073 1471 1117 quibusvis
1491 1073 1786 1113 reformationibus,
1801 1073 1982 1118 suspensio·
1997 1066 2184 1124 {f‚‘1,v„³c¹³‘':‡pssg¹,³,‘}

1226 1126 1332 1163 nibus,
1358 1127 1623 1163 limitationibus,
1659 1126 1922 1170 derogationibus
1946 1138 1982 1160 ac

1226 1180 1443 1213 Cancellaiiae
1463 1180 1665 1225 Apostolicae
1687 1180 1818 1224 regulis,
1846 1192 1904 1224 per
1925 1191 1983 1214 nos

1227 1233 1319 1266 editis
1335 1239 1363 1266 et
1380 1234 1411 1266 in
1429 1235 1575 1267 futurum
1592 1234 1836 1278 quomodolibet
1851 1234 1984 1268 edendis

1228 1287 1412 1319 nullatenus
1429 1288 1663 1331 comprehensa
1680 1288 1727 1321 vel
1748 1293 1894 1321 revocata
1913 1299 1982 1322 esse

1227 1346 1278 1373 aut
1307 1352 1400 1384 posse
1422 1341 1640 1377 decernimus,
1659 1347 1687 1374 et
1714 1341 1982 1386 quotiescumque

1228 1394 1463 1436 comprehensa
1482 1395 1531 1427 vel
1547 1400 1693 1427 revocata
1710 1394 1906 1436 viderentur,
1929 1396 1982 1428 illa

1228 1447 1321 1480 toties
1342 1447 1373 1480 in
1394 1448 1567 1492 pristinum
1588 1454 1705 1481 statum
1726 1449 1873 1482 restituta
1895 1454 1925 1482 et
1945 1449 1984 1482 (10,

1227 1511 1308 1533 novo
1330 1512 1500 1541 concessa,
1523 1502 1617 1534 etiam
1639 1513 1676 1535 ex
1700 1513 1800 1540 nunc,
1827 1507 1923 1546 prout
1948 1514 1983 1536 ex

1229 1560 1316 1593 tunc,
1334 1554 1429 1587 fuisse
1450 1561 1477 1588 et
1497 1566 1576 1588 csse.
1596 1556 1704 1599 Teque
1721 1557 1984 1600 superpraemis-

1228 1609 1269 1641 sis
1290 1614 1317 1641 et
1339 1610 1468 1642 illorum
1486 1609 1668 1649 occasione,
1686 1620 1704 1641 a
1720 1609 1813 1642 nobis
1835 1620 1890 1642 seu
1915 1621 1986 1642 suc-

1229 1663 1411 1695 cessoribus
1431 1663 1479 1695 vel
1503 1662 1573 1695 aliis
1600 1662 1863 1707 quibuscumque
1883 1664 1985 1696 mole-

1229 1717 1316 1755 stari,
1333 1717 1505 1760 inquietari
1528 1717 1574 1749 vel
1598 1716 1781 1761 perturbari
1802 1718 1987 1751 nullatenus

1231 1781 1321 1814 posse
1344 1781 1447 1815 neque
1465 1770 1595 1810 ‹lebere3
1607 1782 1642 1802 a(-
1660 1776 1856 1814 praesentes,
1879 1772 1918 1804 ad
1935 1782 1986 1804 eo-

1230 1825 1378 1857 rumdem
1396 1825 1647 1867 praemissorum
1664 1824 1810 1858 omnium
1831 1830 1861 1858 et
1877 1825 1986 1868 singu-

2012 606 2183 634 ci.-ricnsquesi-

1999 638 2049 662 gillo
2089 644 2183 660 eamera-

2000 669 2022 689 111
2047 669 2075 688 nti
2104 670 2183 692 debere

1999 702 2116 728 praet-ipim

1209 1915 1211 1927 ‚
1231 1880 1335 1911 lorum
1359 1879 1580 1922 probationem
1603 1879 1937 1924 verificationemque,
1957 1879 1986 1912 in

1209 1952 1211 1957 ν
1231 1932 1350 1965 iudicio
1371 1939 1399 1965 et
1422 1938 1508 1965 extra
1530 1933 1695 1974 sufficere,
1717 1944 1777 1966 nec
1794 1934 1833 1966 ad
1859 1933 1889 1966 id
1914 1944 1987 1978 pro-

596 2019 601 2023 ,
664 2018 669 2023 ,
790 2019 794 2023 ,
848 2019 853 2023 ,
882 2019 912 2023 ,,
1210 1986 1369 2023 filiationis
1402 1986 1534 2019 alterius
1567 1986 1801 2020 adminiculum
1842 1987 1986 2031 requiri,

437 2024 513 2057 tem,
533 2019 763 2059 ordinationes,
788 2019 1006 2059 inhibitiones,
1026 2020 1187 2055 mandata,
1210 2032 1212 2054 i

435 2068 714 2111 approbationem,
734 2069 1014 2101 confirmationem
1038 2080 1088 2108 ac,
1115 2080 1188 2101 cuni
1210 2073 1240 2126 l}
1289 2094 1293 2099 .
1434 2106 1440 2112 Ἴ
1552 2105 1561 2110 ἢ
1713 2094 1718 2098 .
1751 2094 1757 2099 .

1211 2119 1213 2130 ,
1242 2099 1393 2127 1311011011]
1425 2105 1525 2137 ictipi
1549 2106 1605 2127 seu
1634 2095 1770 2135 admitti,
1800 2105 1837 2127 ac
1856 2094 1896 2128 de
1911 2095 1988 2128 sub-

1232 2051 1291 2073 nec
1319 2040 1517 2073 contrarium
1548 2040 1691 2083 probari,
1708 2041 1756 2073 vel
1786 2041 1887 2073 ullam
1913 2052 1986 2084 pro-

1234 2148 1400 2192 reptionis,
1420 2148 1618 2192 obreptionis
1641 2159 1696 2181 seu
1722 2148 1878 2181 nullitatis
1899 2148 1987 2187 vitio,

1213 2224 1214 2230 1
1233 2208 1285 2235 3111
1308 2202 1495 2235 intentionis
1514 2202 1560 2235 vel
1583 2202 1646 2235 alio
1668 2203 1774 2235 forsan
1799 2202 1913 2235 maiori
1934 2202 1990 2235 dc-

1235 2257 1338 2293 fectu,
1361 2261 1413 2288 aut
1443 2256 1507 2288 alio
1535 2256 1645 2299 quovis
1670 2261 1857 2299 praetextu,
1887 2256 1990 2289 notari

1236 2320 1291 2341 seu
1309 2308 1490 2352 impugnari
1513 2314 1566 2341 aut
1593 2309 1624 2341 in
1646 2309 1755 2353 aliquo
1772 2309 1901 2342 alterari
1918 2311 1989 2342 nul-

1236 2364 1360 2395 latenus
1390 2373 1502 2406 posse:
1535 2363 1644 2407 sicque
1674 2374 1734 2407 per
1752 2374 1988 2407 quoscumque,

1236 2416 1345 2460 quavis
1354 2416 1544 2449 auctoritate
1555 2417 1735 2459 fungentes,
1747 2416 1870 2450 iudices
1881 2422 1911 2450 et
1922 2427 1992 2461 per-

1237 2480 1342 2509 sonas,
1355 2470 1478 2502 sublata
1495 2470 1540 2502 cis
1561 2476 1588 2503 et
1606 2481 1719 2503 eorum
1736 2470 1868 2503 cuilibet
1883 2471 1994 2514 quavis

1238 2519 1331 2552 aliter
1356 2519 1517 2552 iudicandi
1539 2524 1569 2552 et
1594 2519 1826 2563 interpretandi
1843 2520 1993 2552 facultate

1238 2574 1265 2601 et
1284 2569 1486 2607 auctoritate,
1505 2568 1640 2601 iudicari
1669 2574 1699 2602 et
1725 2568 1929 2613 interpretari
1946 2575 1993 2601 at-

1239 2628 1301 2660 quc
1313 2617 1415 2651 decidi
1425 2618 1555 2657 debere,
1566 2618 1692 2651 irritum
1704 2628 1834 2662 quoque
1845 2623 1875 2651 et
1885 2618 1991 2658 inane,

1240 2667 1264 2699 si
1285 2678 1378 2700 secus
1397 2677 1495 2711 super
1514 2667 1563 2700 liis
1583 2678 1601 2700 a
1615 2678 1792 2712 quoquam,
1806 2666 1916 2711 quavis
1935 2677 1993 2701 au-
