2227 3001
200 261 381 289 An.(1.15?‚9

242 1332 312 1353 Eidem
332 1334 374 1358 trgi

189 1369 313 1384 eoncessum
343 1370 374 1383 ius

189 1396 340 1414 nominationi·
350 1395 373 1414 1111

188 1426 253 1445 dicias
262 1426 315 1445 evel-
324 1431 332 1445 ι
345 1431 373 1445 as.

208 2592 317 2613 clausulae
337 2593 367 2612 ir-

180 2624 277 2644 tuamen.

440 247 505 283 564

395 312 560 356 repartitio
586 309 770 344 huiusmodi
790 310 909 347 factae,
933 319 969 341 ae
995 309 1143 341 effectum

394 366 523 399 sortitae
557 365 638 404 sint,
662 371 688 397 et
715 374 778 397 non
804 363 903 401 ultra,
926 360 1144 393 Mecliliniensi

395 419 491 452 trium
513 418 661 458 millium,
685 428 721 449 ae
742 416 869 448 cuilibet
894 426 931 447 ex
955 414 1145 457 episcopali-

393 473 453 505 bus
483 472 599 505 mensis
629 469 801 514 praedictis
827 468 914 500 mille
935 472 965 500 et
985 467 1144 510 quingen-

394 532 498 558 torum
521 525 710 557 ducatorum
737 522 890 555 similium
919 532 1044 553 annuos
1071 520 1144 553 red-

393 578 486 617 ditus,
508 588 565 620 per
577 577 679 620 ipsum
697 575 881 618 Philippum
898 585 1006 616 regem
1024 585 1060 605 ex
1076 573 1145 606 red-

393 631 510 663 ditibus
531 635 558 662 et
585 628 803 673 proventibus,
827 638 907 670 quos
928 638 965 659 ex
989 626 1071 659 dicta
1093 637 1143 658 re-

391 685 484 727 gione
506 683 661 726 percipit,
684 681 909 724 assignandos,
932 686 962 713 et
982 680 1143 724 archiepi-

391 747 488 780 scopo
514 734 732 768 Mecliliniensi
763 745 798 766 ac
824 733 958 776 singulis
985 733 1145 777 episcopis

391 789 540 834 praefatis
561 800 618 832 pro
638 794 783 831 tempore
802 787 1019 827 existentibus,
1038 787 1145 830 >ingu-

390 844 427 876 lis
447 843 549 881 annis,
575 852 744 885 quousque
770 841 964 884 specificatio
983 846 1008 873 et
1034 852 1143 884 repar-

390 896 457 928 titio
479 895 672 939 praedictae,
694 906 731 927 ac
752 905 809 938 pro
831 905 867 926 ea
887 899 1011 926 tantum
1034 900 1141 937 parte,

389 960 470 992 quae
506 948 688 992 plenarium
726 958 820 980 suum
856 947 1005 979 0110011101
1038 947 1144 979 minus

389 1002 499 1036 sortita
516 1002 623 1041 suerit,
642 1007 672 1034 et
689 1012 753 1034 non
769 1001 864 1041 ultra,
883 1000 1005 1043 integre
1018 1012 1053 1033 ac
1070 1012 1145 1044 pro-

388 1055 646 1100 portionabiliter
678 1054 906 1098 persolvendos
939 1065 997 1097 pro
1032 1066 1141 1087 earum

390 1109 475 1146 dote,
498 1109 535 1141 de
557 1108 625 1151 pari
647 1107 794 1147 consilio,
808 1107 920 1140 eadem
938 1107 1140 1147 auctoritate,

391 1161 485 1195 etiam
506 1167 663 1206 perpetuo
684 1161 885 1205 applicamus
906 1167 934 1194 et
956 1162 1143 1205 appropria-

389 1226 472 1248 mus.

433 1269 447 1312 ξ
467 1269 521 1303 «15.
540 1269 649 1302 Eidem
671 1274 779 1301 autem
800 1268 948 1311 Philippo
970 1268 1035 1311 regi
1057 1268 1141 1301 eius—

390 1334 452 1366 que
472 1322 726 1362 successoribus,
744 1322 799 1366 qni
820 1332 879 1365 pro
896 1326 1042 1365 tempore
1063 1322 1144 1354 eius-

390 1376 462 1408 dem
483 1376 621 1419 regionis
642 1375 673 1408 in
694 1375 927 1419 temporalibus
947 1375 1067 1408 domini
1090 1387 1142 1408 ex-

388 1429 520 1469 titerint,
545 1429 593 1462 ius
613 1428 800 1461 nominandi
830 1439 983 1472 personas
1013 1428 1143 1461 idoneas

390 1483 421 1514 in
438 1482 600 1524 theologia
616 1482 796 1524 magistros,
815 1486 867 1513 aut
887 1481 916 1513 in
934 1481 1071 1514 decretis
1087 1483 1141 1515 do-

388 1542 491 1568 ctores
511 1546 567 1568 seu
587 1535 776 1575 licentiatos,
807 1534 965 1567 nobilium
991 1535 1142 1568 universi-

387 1593 487 1621 tatum
514 1599 621 1628 more,
652 1588 796 1631 diligenti
830 1588 974 1621 examine
1009 1599 1141 1632 praece,-

387 1642 493 1681 dente,
514 1648 689 1686 promotos,
713 1642 752 1674 ad
768 1641 1049 1679 Mecblinienscm,
1076 1644 1140 1675 An-

387 1695 622 1738 tuerpiensem,
654 1695 909 1735 Traiectensem,
940 1695 1140 1728 Attrebaten-

386 1758 465 1787 sem,
488 1749 735 1787 Tornacensem,
750 1748 1005 1787 Harlemensem,
1020 1748 1139 1781 Daven-

385 1801 549 1841 triensem,
573 1801 840 1841 Lewardicnsem,
868 1801 1138 1843 Gruningensem,

385 1855 720 1895 Middelburgt¹1ise1n,
750 1855 1051 1894 Buscoducensem,
1074 1856 1139 1887 Ru-

385 1908 633 1940 reinundensem
648 1934 654 1947 ,
677 1908 947 1947 Namurcensem,
975 1908 1136 1940 Andoma-

386 1970 523 2001 rensem,
547 1962 722 2004 iprensem,
746 1961 985 1993 Gandavensem
1007 1966 1037 1993 et
1057 1961 1138 1993 Bru-

384 2024 513 2057 gensem
551 2014 701 2047 ecclesias
737 2014 935 2057 praedictas,
973 2019 1037 2046 tam
1079 2015 1138 2047 bac

385 2067 488 2109 prima
504 2067 569 2100 vice
581 2078 677 2111 quam
695 2067 964 2110 quotiescumque
992 2067 1061 2100 illas
1080 2078 1137 2110 pro

386 2123 529 2162 tempore
556 2130 666 2152 vacare
697 2119 877 2162 contigerit,
903 2119 995 2152 nobis
1020 2125 1047 2152 et
1074 2120 1136 2153 Ro-

385 2182 479 2205 mano
500 2172 666 2213 Pontifici,
696 2173 750 2216 qui
776 2184 834 2217 pro
859 2179 1004 2216 tempore
1026 2174 1134 2214 fuerit,

383 2241 441 2274 per
461 2241 518 2264 nos
539 2236 569 2263 et
589 2231 737 2264 eumdem
755 2231 942 2264 Pontificem
960 2232 992 2264 in
1011 2231 1135 2264 archic—

382 2288 531 2332 piscopos
552 2294 579 2320 et
602 2288 770 2331 episcopos
791 2300 903 2321 earum
929 2289 966 2321 ad
987 2289 1135 2322 nomina-

383 2345 502 2379 tionem
524 2346 709 2379 huiusmodi
726 2346 948 2387 instituendos,
968 2347 1006 2380 de
1022 2347 1133 2380 eodem

382 2402 526 2442 consilio,
539 2403 671 2436 scientia
689 2409 718 2436 et
729 2404 917 2437 auctoritate
934 2405 1132 2448 praemissis,

382 2460 413 2492 in
435 2467 628 2504 perpetuum
659 2472 858 2504 reservamus
893 2467 988 2504 atque
1019 2472 1134 2495 conee-

383 2517 500 2550 dimus.

426 2575 441 2616 ξ
462 2574 513 2607 113.
539 2575 581 2607 Ac
604 2575 729 2608 irritum
750 2581 779 2607 et
806 2574 898 2607 inane
921 2575 945 2607 si
970 2585 1061 2608 secus
1084 2586 1134 2607 su-

381 2642 440 2678 per
477 2633 524 2664 liis
551 2644 565 2664 a
588 2644 769 2675 quoquam,
796 2632 904 2674 quavis·
931 2632 1131 2671 auctoritate,

991 253 1169 278 nrtLAnu‘M
1195 252 1344 277 ttoMANt'M

1188 306 1325 339 scienter
1351 307 1399 339 vel
1416 306 1616 349 ignoranter,
1644 304 1815 350 contigerit
1837 309 1940 339 atten-

1187 360 1246 392 tari
1267 360 1485 393 decernimus.

1231 414 1245 455 g
1266 413 1319 446 17.
1342 413 1409 445 Non
1432 413 1630 446 obstantibus
1658 412 1942 446 constitutionibus

1188 470 1217 498 et
1237 465 1494 499 ordinationibus
1510 466 1693 510 apostolicis
1708 477 1745 499 ac
1761 466 1941 510 praedicta—

1189 530 1259 551 rum
1289 524 1318 551 et
1342 519 1527 563 ‹piarumvis
1552 519 1689 552 aliarum
1715 519 1939 559 ecclesiarum,

1188 582 1314 605 necnon
1327 572 1596 605 monasteriorum
1614 577 1644 605 et
1654 572 1809 605 Ordinum
1827 572 1941 605 huius-

1188 625 1284 664 modi,
1295 625 1390 658 etiam
1405 625 1595 661 iuramento,
1607 625 1851 659 confirmatione
1863 637 1941 670 apo-

1187 677 1299 711 stolica
1324 679 1371 710 vel
1391 678 1501 722 quavis
1521 678 1671 711 firmitate
1692 678 1754 712 alia
1773 678 1940 714 roboratis,

1187 731 1311 763 statutis
1323 736 1352 764 ct,
1363 731 1664 771 eonsueltulinibus,
1678 731 1853 775 privilegiis
1863 742 1943 776 quo-

1186 794 1259 826 qne,
1271 783 1401 817 indultis
1412 790 1437 816 et
1453 784 1553 817 literis
1564 784 1766 827 apostolocis,
1784 784 1940 824 ecclesiis,

1188 837 1408 877 monasteriis,
1442 838 1615 870 Ordinibus
1629 864 1636 877 ,
1676 837 1940 880 archiepiscopis,

1187 890 1366 933 episcopis,
1399 890 1547 934 capitulis
1572 896 1603 923 et
1631 890 1700 923 aliis
1728 890 1878 934 praefatis
1906 902 1943 923 ac

1186 943 1350 986 quibusvis
1370 944 1449 982 aliis,
1466 945 1526 977 sub
1546 944 1807 987 quibuscumque
1825 944 1943 977 tenori-

1187 997 1275 1029 ribus
1295 1002 1325 1029 et
1351 998 1461 1030 l'orrnis
1485 1009 1522 1030 ac
1549 1008 1622 1030 cum
1649 997 1824 1040 quibusvis,
1848 997 1942 1031 etiam

1186 1051 1462 1093 derogatoriarum
1479 1051 1701 1094 derogatoriis,
1720 1051 1854 1094 aliisque
1874 1051 1942 1084 effi-

1186 1104 1377 1145 cacioribus,
1399 1105 1628 1138 efficacissimis
1648 1110 1679 1138 et
1698 1104 1834 1137 insolitis
1853 1105 1943 1137 clau-

1186 1157 1275 1197 sulis,
1301 1157 1565 1201 irritantiluisque
1591 1162 1621 1190 et
1641 1150 1710 1190 aliis
1730 1157 1883 1197 decretis,
1910 1168 1942 1189 e-

1187 1210 1260 1243 tiam
1284 1216 1373 1243 motu
1395 1211 1529 1255 proprio
1550 1216 1580 1243 et
1601 1221 1637 1244 ex
1653 1215 1741 1243 certa
1756 1209 1888 1243 scientia
1904 1220 1941 1242 ac

1186 1264 1450 1297 consiswrialiter
1470 1265 1642 1304 concessis,
1661 1275 1697 1297 ac
1715 1264 1809 1297 etiam
1822 1263 1942 1296 iteratis

1187 1317 1306 1349 vicibus
1336 1318 1534 1350 renlirmatis
1563 1324 1591 1351 et
1622 1317 1792 1350 innovatis.
1819 1317 1942 1356 Quibus

1185 1370 1346 1407 omnibns,
1367 1370 1460 1403 etiam
1483 1371 1520 1409 si,
1541 1382 1598 1414 pro
1619 1371 1748 1403 illorum
1771 1370 1941 1403 sufficienti

1185 1425 1404 1466 derogatione,
1423 1424 1460 1457 de
1482 1424 1543 1456 illis
1560 1435 1739 1467 eorumque
1755 1424 1828 1456 totis
1849 1429 1940 1456 teno-

1185 1477 1273 1509 ribus
1289 1477 1447 1521 speeialis,
1466 1477 1615 1520 specifica
1636 1482 1663 1509 et
1682 1487 1830 1520 expressa
1848 1487 1939 1509 men-

1185 1530 1227 1562 tio
1249 1531 1406 1570 babenda,
1422 1535 1476 1563 aut
1491 1530 1598 1573 aliqua
1619 1529 1679 1563 alia
1703 1529 1859 1573 exquisita
1874 1530 1939 1562 sor-

1185 1596 1233 1616 ma
1256 1584 1294 1615 ad
1316 1584 1377 1617 1100
1399 1584 1553 1616 servanda
1570 1585 1662 1624 soret,
1680 1588 1808 1616 tenores
1828 1583 1940 1616 liuius-

1185 1637 1281 1673 modi,
1308 1649 1343 1670 ac
1365 1637 1388 1669 si
1415 1638 1453 1669 de
1479 1638 1576 1670 verbo
1597 1638 1636 1670 ad
1661 1637 1794 1669 verbum
1816 1636 1938 1670 insere-

1185 1695 1306 1727 rentur,
1324 1690 1548 1734 praesentibus
1569 1701 1627 1733 pro
1656 1690 1855 1722 sitiliieienter
1884 1700 1937 1722 ex-

1184 1743 1301 1786 pressis
1330 1748 1360 1776 et
1380 1743 1507 1776 insertis
1527 1743 1702 1782 habentes,
1725 1742 1787 1775 illis
1806 1741 1885 1774 alias
1906 1742 1938 1774 in

1184 1808 1241 1829 suo
1269 1797 1385 1830 robore
1407 1797 1647 1841 permansuris,
1670 1796 1729 1828 liae
1755 1797 1822 1829 vice
1843 1795 1936 1828 dum-

1183 1855 1277 1889 taxat,
1302 1851 1415 1882 barum
1430 1850 1511 1884 serie
1530 1850 1711 1893 specialiter
1731 1854 1761 1882 et
1790 1840 1937 1892 expresse

1182 1903 1399 1944 deroganuis,
1432 1903 1550 1946 illaque
1585 1903 1735 1936 adversus
1763 1902 1936 1946 praemissa

1182 1956 1350 1999 suffragari
1379 1957 1467 1989 nullo
1495 1956 1591 1989 modo
1612 1967 1705 1999 posse
1734 1967 1789 1989 seu
1819 1956 1937 1989 debere

1181 2009 1398 2050 decernimus,
1418 2009 1598 2052 ceterisque
1615 2009 1786 2042 contrariis
1801 2008 1936 2052 quibus-

1181 2075 1332 2106 cumque.

1224 2119 1238 2157 ,ξ
1259 2117 1312 2150 18.
1344 2116 1429 2149 Nulli
1455 2127 1531 2159 ergo
1552 2116 1684 2149 omnino
1705 2115 1875 2149 hominum
1896 2115 1934 2148 li—

1180 2176 1246 2202 ceat
1269 2171 1352 2203 banc
1374 2170 1522 2213 paginam
1553 2175 1737 2203 nostrarum
1763 2170 1936 2214 exemptio-

1179 2228 1240 2268 nis,
1264 2228 1502 2271 segregationis,
1520 2227 1692 2268 divisionis,
1711 2227 1933 2271 separationis,

1179 2287 1395 2327 liberationis,
1423 2287 1645 2326 erectionum,
1675 2286 1932 2326 institutionum,

1179 2343 1443 2383 concessionum,
1466 2343 1730 2386 assignationum,
1754 2343 1934 2377 attributio·
1953 2388 1957 2394 ⁶

1178 2401 1236 2442 nis,
1258 2401 1376 2442 statuti,
1397 2401 1617 2440 subiectionis,
1638 2401 1855 2441 decretorum,
1879 2412 1935 2444 ap-

1178 2459 1379 2503 plicationis,
1403 2459 1685 2503 appropriationis,
1714 2459 1935 2493 reservationis

1179 2522 1209 2550 et
1229 2518 1444 2560 derogationis
1471 2518 1644 2561 infringere
1665 2519 1713 2551 vel
1733 2518 1761 2550 ei
1786 2528 1868 2550 ausu
1888 2523 1934 2550 te-

1180 2576 1318 2609 merario
1338 2577 1510 2609 contraire.
1533 2577 1563 2609 Si
1585 2576 1656 2620 quis
1677 2581 1783 2608 autem
1804 2576 1866 2609 hoc
1887 2581 1933 2608 111-

1178 2638 1300 2664 tentare
1315 2633 1579 2677 praesumpserit,
1593 2633 1847 2676 indignationem
1864 2642 1934 2666 om-

1955 249 2005 277 An.
2025 250 2055 278 C.
2076 247 2142 277 1:559

1970 429 2081 454 Doroa-'itio
2094 435 2142 450 cor.—

1956 460 2076 480 {rari-irum.

1964 2135 2047 2157 Poena<-
2063 2138 2137 2156 contra

1951 2170 2091 2187 temerator-en
2099 2166 2137 2186 hu-

1951 2199 2008 2217 iusce
2031 2198 2136 2217 eonstitu-

1951 2229 2021 2249 tionis.
