2227 3001
55 249 106 276 An.
123 248 151 276 C.
171 248 237 280 151³«)

79 1211 240 1233 Retereudarios

56 1247 114 1264 erent
129 1243 189 1264 Sedis
209 1244 239 1264 A-

57 1275 174 1302 postolicao
198 1281 239 1295 no-

55 1308 122 1326 iarios
137 1309 157 1327 ει
173 1307 241 1327 comi-

57 1340 89 1357 trs
100 1336 206 1357 Palatinos
216 1342 240 1357 nc

56 1373 119 1388 verae
139 1368 240 1388 nobilita-

57 1400 84 1418 tis
99 1398 160 1419 titulo
179 1399 241 1420 deco-

57 1432 88 1450 iat
103 1433 151 1455 σίας

897 242 1015 265 PAt'Lt's
1034 241 1067 264 ΠΙ
1087 241 1135 263 Pr.

251 301 294 334 cti
312 300 369 333 filii
388 299 420 332 in
440 297 618 331 minoribus
633 295 808 335 constituti,
832 295 998 338 utriusque

251 354 433 397 signaturae
453 378 460 391 ‚
495 349 767 393 supplicationum
797 348 941 381 videlicet
969 353 997 380 et

252 405 526 444 commissionum,
550 414 607 446 per
626 413 683 435 nos
699 413 754 435 seu
773 402 805 434 in
821 401 999 446 praesentia

252 465 359 494 nostra
378 457 618 502 signandarum,
641 455 836 499 infrascripti
857 455 998 487 referen-

252 512 330 546 darii
358 511 475 551 nostri,
497 510 552 554 qui
573 521 648 554 prae
671 509 784 542 ceteris
810 508 999 541 officialibus

252 572 281 600 et
301 564 453 599 ministris
472 563 589 596 nostris
608 562 822 607 propinquius
838 562 929 595 nobis
949 572 998 594 as-

251 619 374 658 sistunt,
396 617 482 651 circa
498 617 581 661 ipsas
596 615 845 660 supplicationes
861 621 889 648 et
910 626 999 648 com-

251 672 428 712 missiones,
446 682 504 715 pro
521 676 630 703 nostro
647 676 675 702 et
687 669 890 714 Apostolicae
911 668 1000 701 Sedis

250 727 371 760 honore
398 736 434 758 ac
467 724 655 757 universalis
679 723 839 756 Ecclesiae
865 722 999 755 utilitate

251 786 281 814 et
299 779 389 817 alias,
411 778 519 822 gratis,
543 783 693 822 prompta
712 777 886 815 voluntate,
910 775 999 808 inde-

250 835 329 867 fesse
347 832 506 871 laborant,
529 831 680 874 dignum,
709 830 787 874 quin
814 829 921 873 potius
944 829 1000 862 de-

250 887 350 920 bitum
372 890 562 929 reputamus
582 889 617 916 ut
644 883 716 916 illos
736 883 882 927 specialis
902 883 999 916 bene-

249 939 403 973 volentiae
416 937 576 971 favoribus
588 937 838 981 amplectamur,
854 947 890 969 ac
906 947 1000 980 prae-

252 993 345 1028 claris
381 991 572 1035 dignitatum
611 990 711 1023 titulis
748 990 939 1024 decoremus
972 996 1001 1023 ct

251 1047 328 1080 alias
355 1056 414 1079 nos
440 1045 486 1078 eis
519 1046 635 1089 (prout
656 1044 822 1087 convenit)
846 1044 1001 1086 gratiosos

251 1100 469 1135 exhibeamus.

295 1154 310 1199 ξ
328 1154 358 1187 1.
381 1153 462 1187 Hinc
481 1157 528 1186 est
543 1153 630 1197 quod
644 1162 712 1191 nos,
728 1151 832 1184 felicis
852 1151 1002 1184 recorda-

252 1207 346 1242 tionis
370 1207 485 1241 Leonis
512 1207 537 1239 Χ
561 1205 775 1239 etClementis
792 1205 856 1245 Vll,
881 1205 1001 1238 Roma-

253 1271 369 1295 norum
403 1259 596 1293 Pontificum
623 1258 911 1303 praedecessorum
946 1269 1003 1292 no-

255 1320 405 1355 strorum,
426 1313 566 1356 vestigiis
581 1313 794 1352 inhaerentes,
807 1312 935 1345 eosdem
953 1313 1002 1345 in-

255 1367 437 1412 frascriptos
454 1366 690 1401 referendarios
703 1371 839 1405 nostros,
851 1366 907 1410 qui
919 1378 1002 1410 prae-

254 1421 309 1455 lati
327 1432 363 1454 ac
385 1421 480 1454 etiam
503 1420 676 1453 familiares
695 1424 727 1452 et
751 1419 896 1452 continui
918 1430 1004 1453 com-

255 1475 410 1508 mensales
429 1473 529 1507 nostri
549 1473 700 1513 existunt,
723 1472 873 1515 condigni
889 1473 1004 1507 favoris

253 1528 353 1573 gratia
371 1533 401 1561 et
420 1527 627 1561 excellentiae
647 1526 798 1570 dignitate
815 1527 1001 1567 sublimare,

255 1593 291 1616 ac
310 1582 498 1626 opportunis
518 1580 681 1614 favoribus
700 1579 828 1613 munire
847 1581 1001 1621 volentes,

255 1635 403 1680 ipsosque
422 1634 656 1668 referendarios
675 1644 711 1666 ac
732 1644 845 1666 eorum
862 1633 1004 1677 singulos

255 1700 272 1722 a
291 1688 454 1733 quibusvis
482 1686 836 1727 excommunicationis,
869 1697 1004 1731 suspen-

255 1741 352 1776 sionis
376 1746 406 1774 et
430 1740 590 1774 interdicti
615 1739 750 1784 aliisque
780 1740 1005 1774 ecclesiasticis

255 1795 399 1829 censuris
418 1800 448 1828 et
465 1795 588 1840 poenis,
611 1805 628 1827 a
647 1793 718 1827 iure
731 1794 781 1826 vel
800 1793 839 1826 ab
859 1794 1001 1835 homine,

255 1848 365 1892 quavis
379 1848 545 1882 occasione
560 1849 608 1881 vel
629 1858 726 1881 causa
741 1846 824 1887 latis,
842 1847 867 1880 si
887 1848 1005 1890 quibus

255 1903 303 1936 vel
332 1903 573 1947 quomodolibet
600 1901 743 1935 innodati
777 1901 933 1942 existunt,
965 1903 1005 1935 ad

256 1956 406 1990 effectum
438 1955 656 2000 praesentium
694 1955 857 1988 dumtaxat
892 1966 1004 1990 conse-

255 2010 440 2055 quendum,
474 2010 590 2043 harum
628 2009 709 2042 serie
730 2009 939 2049 absolventes,
976 2016 1006 2044 et

255 2064 418 2097 absolutos
446 2064 512 2098 fore
539 2070 717 2104 censentes,
747 2069 837 2096 motu
856 2065 1002 2109 proprio,

254 2128 320 2151 non
341 2117 379 2150 ad
394 2117 537 2161 ipsorum
554 2116 848 2151 referendariorum
864 2118 912 2150 vel
929 2118 1005 2152 alio-

255 2182 329 2205 rum
349 2181 407 2214 pro
429 2171 473 2204 eis
491 2171 583 2204 nobis
603 2182 702 2215 super
720 2171 783 2204 hoc
803 2169 927 2204 oblatae
947 2183 1004 2216 pe-

255 2224 376 2258 titionis
409 2224 601 2266 instantiam,
633 2225 687 2258 sed
716 2225 754 2257 de
788 2230 896 2258 nostra
916 2236 1006 2259 mera

256 2279 496 2320 deliberatione,
515 2284 547 2313 et
565 2290 601 2313 ex
621 2284 707 2312 certa
726 2278 870 2319 scientia,
893 2285 1004 2313 aucto-

256 2332 347 2365 ritate
362 2332 547 2375 apostolica,
560 2339 670 2366 tenore
686 2333 916 2377 praesentium,
926 2345 1006 2377 prae-

256 2387 337 2419 fatos
349 2386 583 2420 referendarios
602 2392 634 2420 et
652 2397 765 2420 eorum
776 2387 930 2430 singulos,
949 2388 1005 2432 qui

257 2439 422 2482 praesules
441 2449 506 2472 non
525 2444 608 2479 sunt,
633 2450 669 2472 ac
689 2440 767 2473 alios
786 2441 1006 2484 infrascriptos

257 2494 288 2522 et
314 2499 426 2522 eorum
455 2489 599 2532 singulos
623 2489 656 2523 in
678 2496 804 2524 nostros
837 2496 865 2524 et
904 2491 1005 2525 dictae

256 2537 346 2571 Sedis
362 2537 504 2571 notarios
529 2538 665 2581 gratiose
684 2540 869 2584 recipimus,
887 2551 1005 2585 eosque

258 2593 289 2622 et
307 2587 398 2627 alios,
419 2587 475 2631 qui
494 2588 658 2631 praesules
673 2589 821 2630 existunt,
836 2601 872 2622 ac
892 2601 1006 2623 eorum

259 2636 402 2681 singulos
421 2636 453 2669 in
473 2636 561 2670 Sacri
580 2637 691 2670 Palatii
711 2643 742 2671 et
764 2639 863 2672 Aulae
879 2639 1006 2672 Latera-

1678 230 1740 263 287

1040 293 1146 325 nensis
1166 293 1316 330 comites;
1345 303 1470 326 necnon
1496 291 1550 335 qui
1576 290 1698 324 nobiles
1722 302 1786 324 non

1041 352 1124 386 sunt,
1147 346 1270 379 nobiles
1289 347 1435 387 facimus,
1450 345 1684 383 constituimus
1700 344 1786 377 ordi-

1041 410 1154 432 namus
1174 405 1201 432 et
1219 399 1411 443 deputamus
1426 411 1461 433 ac
1478 398 1698 438 nobilitamus,
1715 408 1788 430 nec-

1040 463 1104 485 non
1125 453 1299 486 nobilitatis
1315 454 1406 486 titulo
1421 458 1448 486 et
1466 453 1571 486 favore
1587 452 1788 491 decoramus,

1041 517 1075 538 ac
1092 506 1230 539 aliorum
1247 513 1430 540 nostrorum
1451 512 1481 540 et
1496 505 1585 540 Sedis
1608 505 1789 549 praedictae

1040 560 1253 600 notariorum,
1276 572 1401 594 necnon
1421 560 1532 594 Palatii
1553 565 1583 593 et
1606 560 1705 592 Aulae
1725 559 1788 592 hu—

1041 612 1179 645 iusmodi
1197 613 1364 653 comitum,
1383 625 1418 646 ac
1440 625 1476 646 ex
1492 623 1607 656 magno
1627 613 1787 646 baronum

1041 672 1069 698 et
1087 666 1243 699 nobilium
1260 677 1376 709 genere
1393 672 1636 711 procreatorum
1652 675 1788 699 numero

1041 724 1069 752 et
1104 720 1266 753 consortio
1307 720 1522 753 favorabiliter
1558 730 1786 764 aggregamus,

1042 784 1160 816 eosque
1177 774 1329 818 deinceps
1345 775 1470 807 nobiles
1490 785 1557 807 esse
1578 780 1607 807 et
1623 785 1681 818 pro
1697 774 1789 807 nobi-

1041 827 1125 859 libus
1150 828 1306 871 reputari,
1325 828 1496 865 nominari,
1523 828 1637 869 teneri,
1667 827 1790 861 censeri

1042 886 1071 913 et
1100 881 1253 921 iudicari,
1283 893 1319 914 ac
1352 882 1390 915 de
1420 888 1525 915 cetero
1563 882 1596 914 in
1629 881 1792 925 quibusvis

1043 935 1306 969 concessionibus
1339 941 1367 968 et
1401 936 1520 975 literis,
1555 941 1619 968 tam
1656 935 1791 978 gratiam

1042 999 1139 1030 quam
1173 989 1325 1022 iustitiam
1359 989 1642 1029 concernentibus,
1664 999 1681 1021 a
1700 988 1793 1022 nobis

1043 1052 1098 1074 seu
1119 1042 1199 1075 Sede
1229 1042 1391 1086 praedicta
1417 1042 1594 1086 impetratis
1613 1052 1670 1074 seu
1689 1041 1792 1086 impe-

1043 1095 1175 1135 trandis,
1201 1097 1249 1129 vel
1273 1096 1318 1129 eis
1338 1107 1355 1129 a
1374 1096 1466 1129 nobis
1486 1101 1541 1128 aut
1566 1094 1635 1128 aliis
1659 1095 1793 1139 quibus-

1044 1159 1182 1192 cumque
1203 1149 1362 1182 concessis
1382 1155 1412 1182 et
1437 1149 1660 1188 concedendis,
1682 1159 1718 1181 ac
1742 1148 1793 1180 in-

1044 1203 1230 1236 strumentis
1260 1214 1316 1236 sen
1350 1203 1421 1236 aliis
1455 1202 1602 1246 scriptis,
1624 1202 1718 1235 etiam
1739 1213 1795 1235 au-

1043 1256 1192 1289 thenticis
1212 1262 1241 1290 et
1262 1257 1402 1301 privatis,
1425 1257 1550 1290 nobiles
1569 1255 1742 1295 nominari,
1765 1260 1796 1288 et

1044 1320 1102 1352 pro
1121 1310 1238 1343 talibus
1259 1311 1371 1343 haberi
1393 1321 1486 1354 posse
1516 1315 1546 1343 et
1570 1309 1688 1342 debere
1703 1309 1794 1341 volu-

1045 1373 1127 1396 mus.
1159 1364 1275 1407 Eisque
1305 1364 1393 1408 quod
1427 1363 1576 1396 omnibus
1607 1367 1635 1395 et
1663 1361 1797 1405 singulis

1045 1416 1230 1460 privilegiis,
1249 1417 1512 1461 praeeminentiis,
1524 1416 1667 1455 indultis,
1677 1415 1796 1448 immu-

1046 1470 1208 1511 nitatibus,
1231 1471 1443 1511 libertatibus,
1461 1469 1729 1514 exemptionibus,
1750 1468 1793 1501 fa-

1046 1524 1238 1565 cultatibus,
1284 1525 1484 1565 honoribus,
1527 1522 1794 1561 antelationibus‚

1047 1577 1287 1620 praerogativis,
1310 1578 1405 1611 etiam
1435 1578 1467 1610 in
1488 1576 1689 1610 assecutione
1719 1586 1797 1619 quo-

1046 1642 1262 1675 rumcumque
1295 1631 1528 1664 beneficiorum
1565 1628 1796 1663 ecclesiastico-

1046 1694 1135 1723 rum,
1167 1684 1263 1717 etiam
1282 1684 1390 1728 vigore
1424 1684 1600 1727 gratiarum
1628 1682 1797 1726 expectati-

1045 1748 1158 1770 varum
1178 1743 1207 1771 et
1227 1738 1356 1771 illarum
1382 1737 1615 1776 mutationum,
1642 1735 1796 1769 extensio-

1046 1802 1125 1823 num
1159 1796 1189 1824 et
1222 1791 1501 1831 revalidationum,
1528 1789 1737 1823 collationum
1767 1794 1797 1822 et

1046 1855 1327 1889 quarumcumque
1369 1844 1504 1877 aliarum
1544 1843 1720 1886 gratiarum
1767 1847 1798 1875 et

1046 1898 1258 1938 indultorum,
1276 1897 1393 1941 quibus
1413 1897 1511 1930 ceteri
1530 1896 1630 1929 nostri
1650 1901 1681 1930 et.
1695 1896 1797 1929 dietae

1047 1951 1135 1985 Sedis
1160 1951 1277 1985 notarii
1308 1951 1347 1984 de
1375 1961 1513 1984 numero
1535 1949 1797 1995 participantium

1047 2006 1225 2046 existentes,
1247 2011 1277 2039 et
1291 2006 1412 2049 absque
1431 2006 1562 2038 illorum
1583 2003 1795 2048 praeiudicio,

1046 2071 1082 2094 ac
1102 2061 1214 2094 Palatii
1230 2067 1258 2094 et
1278 2062 1377 2095 Aulae
1394 2061 1633 2106 praedictorum
1650 2060 1794 2100 comites,

1047 2127 1173 2150 necnon
1203 2116 1269 2149 veri
1300 2122 1331 2149 et
1357 2115 1527 2149 indubitati
1554 2115 1678 2148 nobiles
1704 2119 1733 2148 et
1760 2125 1797 2148 ex

1047 2172 1204 2204 nobilium
1224 2182 1341 2215 genere
1361 2182 1399 2203 ex
1419 2176 1557 2214 utroque
1571 2174 1704 2214 parente
1724 2180 1797 2213 pro-

1047 2226 1156 2266 creati,
1182 2231 1245 2258 tam
1274 2226 1313 2259 de
1340 2225 1411 2258 iure
1436 2235 1533 2267 quam
1562 2223 1797 2257 consuetudine

1047 2290 1102 2313 seu
1123 2279 1201 2312 alias
1228 2278 1534 2322 quomodocumque
1563 2282 1712 2318 utuntur,
1737 2288 1796 2322 po-

1046 2333 1172 2366 tiuntur
1185 2339 1215 2366 et
1241 2333 1392 2376 gaudent,
1415 2343 1452 2365 ac
1472 2332 1530 2371 uti,
1553 2331 1649 2375 potiri
1669 2337 1699 2365 et
1717 2342 1796 2374 gau-

1047 2388 1121 2420 dere
1146 2391 1299 2431 poterunt
1318 2385 1561 2430 quomodolibet
1583 2385 1616 2417 in
1636 2386 1795 2425 futurum,

1047 2441 1079 2474 in
1094 2440 1212 2474 iudicio
1229 2446 1258 2473 et
1268 2446 1366 2479 extra,
1378 2451 1415 2473 ac
1426 2439 1623 2483 ubicumque
1634 2440 1794 2478 locorum,

1047 2491 1105 2528 uti,
1123 2490 1217 2535 potiri
1235 2496 1263 2523 et
1283 2490 1423 2532 gaudere
1440 2489 1574 2522 debeant
1594 2489 1627 2522 in
1647 2488 1797 2522 omnibus

1047 2546 1075 2573 et
1091 2551 1148 2583 per
1161 2539 1280 2578 omnia,
1297 2538 1430 2582 perinde
1450 2549 1486 2571 ac
1505 2538 1530 2571 si
1545 2537 1752 2571 referendarii
1767 2542 1796 2570 et

1047 2590 1100 2622 alii
1121 2588 1315 2633 infrascripti
1337 2588 1375 2621 de
1396 2588 1480 2621 dicto
1500 2598 1616 2630 magno
1636 2586 1794 2619 baronum

1048 2644 1079 2672 et
1098 2638 1257 2671 nobilium
1284 2648 1401 2681 genere
1431 2648 1467 2670 ex
1491 2642 1629 2679 utroque
1648 2640 1803 2679 parente,

1800 238 1850 264 An.
1868 237 1894 263 C.
1916 237 1982 265 15'10
