2227 3001
103 245 153 272 An.
171 245 199 272 C.
221 244 285 272 ¹337

114 566 283 593 (lenierunt-inque

109 600 276 626 praescriptione

100 630 191 655 giudere
216 630 283 650 iuuit.

112 889 231 909 Alexander
256 887 283 908 Vt

98 921 209 948 privilegia
226 926 284 947 prae-

99 953 154 972 dicta
181 951 283 976 decrevit,

98 985 118 1003 in
135 983 209 1007 dubiis,
219 983 285 1002 inter-

98 1017 180 1041 pretan.
197 1019 245 1033 esse
256 1014 282 1033 ad

97 1045 191 1065 favorem
230 1050 282 1064 eon-

98 1076 227 1102 gregntonis
236 1091 241 1101 ,

117 2291 154 2311 lli·
171 2291 217 2311 iil-³0
236 2289 294 2310 Pon-

104 2323 154 2343 ΜΛ
184 2323 218 2343 ilia
251 2330 289 2349 ap-

104 2356 155 2381 }›t‘ub
173 2357 191 2380 l,

952 236 1070 260 muns
1090 236 1123 259 ΠΙ
1144 234 1191 258 ΡΡ.

1740 220 1797 254 ⁶261

302 300 426 340 posset3
448 304 575 328 necnon
596 292 699 326 eidem
720 291 825 325 abbati
847 291 941 325 etiam
963 292 1053 324 indu-
1097 289 1173 321 dicti
1189 287 1323 330 aliisque
1344 284 1567 319 ecelesiasticis
1587 285 1763 324 sententiis,
1778 296 1850 318 cen-

303 354 421 389 menta‚
439 359 521 391 quae
542 348 581 380 ad
603 357 698 380 usum
714 346 822 379 altaris
838 352 867 379 ct
888 346 919 378 in
940 346 1052 379 eodem

300 401 495 435 monasterio
512 402 614 433 forent
632 399 824 437 necessaria,
843 399 1053 433 benedicendi

300 456 485 488 facultatem
507 454 675 488 concessit.

343 509 358 552 ἓ
378 508 409 541 6.
428 509 471 541 Ac
488 508 593 540 statuit
612 513 640 539 et
658 507 786 539 sancivit
802 513 836 539 ut
850 507 929 540 sicut
943 513 1054 540 contra

298 563 477 596 Romanam
506 562 683 595 Ecclesiam
705 562 831 594 nonnisi
853 561 1051 596 centenaria,

300 616 479 649 secundum
503 616 746 649 constitutiones
767 615 939 648 canonicas
959 620 989 648 et
1008 615 1053 647 le—

299 669 425 709 gitimas
446 669 636 705 sanctiones,
659 669 810 701 currebat
830 668 1051 712 praescriptio,

299 721 341 754 ita
361 722 504 765 praefato
532 722 726 755 monasterio
755 721 862 755 Sancti
882 721 971 754 Pauli
994 721 1054 753 mi—

299 775 387 808 noris
403 775 557 818 temporis
574 775 783 819 praescriptio
797 786 861 808 nou
875 774 1050 807 obsisteret.

343 830 358 871 ξ
378 829 407 862 7.
432 829 468 862 Et
484 830 615 862 demum
631 829 810 862 Alexander
827 829 1055 872 praedecessor

300 884 461 927 praefatus
489 890 578 916 motu
606 884 740 927 proprio
768 883 868 916 voluit
897 890 927 916 et
947 883 1053 915 decla-

299 937 398 977 ravit,
426 937 582 981 quidquid
604 937 693 970 dubii
720 937 752 969 in
781 937 967 969 huiusmodi
988 936 1053 980 pri—

298 990 419 1033 vilegiis
448 1002 504 1023 seu
534 991 643 1034 aliquo
670 1001 784 1023 eorum
814 1001 874 1034 pro
907 995 1053 1032 tempore

298 1049 488 1087 emergeret,
511 1044 582 1077 data
598 1044 771 1077 verborum
792 1044 1010 1087 ambiguitate,
1024 1048 1053 1076 et

297 1097 381 1129 varia
405 1097 584 1141 peritorum
604 1097 877 1140 interpretatione,
908 1097 939 1130 in
968 1099 1052 1130 savo-

297 1161 365 1183 rem
394 1150 496 1183 dictae
530 1149 808 1193 congregationis,
837 1161 873 1183 ac
903 1151 1052 1183 locorum

298 1203 545 1247 particularium
566 1203 634 1236 eius
655 1203 871 1247 interpretari.

341 1258 355 1300 ξ
371 1257 402 1291 8.
420 1257 553 1290 Necnon
569 1257 708 1290 cuiusvis
725 1258 930 1301 particularis
943 1269 1052 1290 mona-

112 1310 236 1338 ¹¹¹‘¹¹¹¹¹⁵“1¹¹⁰
249 1317 283 1331 0¹¹*
297 1310 385 1343 sterii
400 1310 501 1354 ipsius
521 1310 780 1353 congregationis
799 1311 977 1354 privilegia,
996 1311 1050 1344 toti

97 1349 283 1399 iiisiui-'ii'megig-
297 1364 538 1408 congregationi
560 1364 742 1408 praedictae
764 1370 791 1397 et
809 1364 895 1397 illius
912 1365 1053 1408 particu—

97 1409 211 1458 :luant-'²⁰
228 1412 272 1426 ⁰⁰⁰¹

298 1419 420 1451 laribus
436 1418 639 1451 monasteriis
655 1418 840 1451 communia
857 1430 945 1458 csse:
964 1424 991 1451 et
1013 1419 1052 1451 ad

297 1472 351 1504 illa
375 1477 503 1505 extensa
531 1483 568 1504 ac
596 1471 721 1504 extendi
746 1472 862 1505 debere
891 1472 1049 1513 decrevit,

296 1532 393 1570 prout
413 1526 508 1559 etiam
524 1526 673 1559 extendit.

341 1580 406 1623 ξθ.
430 1580 509 1613 Cum
539 1586 665 1619 autem,
688 1580 768 1612 sicut
800 1580 909 1613 eadem
941 1580 1052 1624 petitio

98 1678 107 1688 Q
142 1639 283 1690 (ii'ii'imi-iiiiff
297 1634 527 1677 subiungebat,
548 1634 734 1678 praesidens
755 1640 783 1666 et
804 1635 989 1667 definitores
1016 1646 1052 1667 ac

99 1678 202 1728 Sillii„
218 1702 283 1722 dicio.
298 1689 503 1731 congregatio
525 1688 657 1732 praefati
684 1688 815 1732 cupiant
845 1689 969 1732 singula
991 1689 1053 1732 pri-

100 1739 143 1753 rum
155 1734 282 1753 indultorum

99 1765 267 1785 contii-mistione.

298 1742 409 1785 vilegia
430 1748 457 1776 et
480 1743 602 1776 indulta
625 1743 798 1786 praedicta,
813 1748 846 1775 ut
868 1743 1052 1776 uberiorem

299 1797 461 1830 obtineant
485 1797 609 1830 roboris
625 1787 936 1837 firmitatemJetiam
954 1797 1052 1829 nostri

301 1850 489 1883 muniminis
508 1850 668 1894 pracsidio
689 1849 807 1887 fulciri,
823 1861 881 1893 pro
898 1856 986 1893 parte¹
1004 1863 1055 1883 eo-

300 1904 448 1936 rumdem
477 1903 688 1947 praesidentis
722 1908 752 1935 et
785 1903 992 1936 definitorum
1019 1916 1055 1935 ac

300 1957 558 2001 congregationis
586 1958 679 1990 nobis
704 1957 761 1990 suit
789 1957 958 1989 lmmilitvr
978 1969 1055 2001 sup-

301 2012 455 2055 plicatum
487 2018 522 2044 ut
548 2011 720 2055 privilegiis
746 2017 775 2044 et
801 2011 934 2044 indultis
962 2023 1056 2055 prae-

301 2065 393 2099 dictis
402 2067 502 2099 robur
513 2071 639 2099 nostrae
652 2065 895 2109 approbationis
906 2066 1055 2104 adiicere,

301 2133 337 2153 ac
364 2121 441 2153 alias
468 2121 499 2153 in
527 2120 711 2164 praemissis
738 2126 920 2164 opportuiu·
950 2121 1055 2163 provi-

302 2175 377 2208 dcrc
392 2174 429 2207 de
440 2174 633 2216 benignitate
645 2173 819 2217 apostolica
836 2174 1053 2215 dignaremur.

346 2228 361 2271 ,ξ
377 2228 428 2261 10.
447 2228 509 2259 Nos
522 2227 629 2270 igitur,
642 2227 839 2260 attendentes
849 2227 963 2260 uberes
975 2227 1059 2260 sruc-

303 2288 365 2322 tus,
388 2292 469 2324 quos
494 2280 595 2314 dietae
617 2280 873 2324 congregationis
894 2281 1056 2317 monachi,

305 2334 361 2379 qui
381 2340 545 2378 tamquam
562 2334 681 2367 mortui
698 2335 832 2370 mundo,
851 2334 1056 2375 scdiClrristo,

305 2389 360 2433 qui
382 2393 429 2421 est
447 2389 528 2429 vita,
550 2388 700 2428 viventes,
723 2399 781 2432 pro
807 2388 977 2421 universali
999 2388 1058 2421 Ec-

306 2443 403 2476 clesia
436 2443 475 2476 ad
509 2444 609 2476 Deum
638 2454 750 2487 preces
776 2443 807 2475 in
829 2442 978 2475 militanti
1000 2443 1059 2475 Ec-

305 2492 401 2525 clesia
422 2493 453 2525 in
471 2492 537 2525 dies
556 2493 752 2535 producunt,
770 2503 805 2524 ac
824 2491 1058 2535 praesidentem

306 2547 336 2574 et
345 2542 540 2582 definitores,
552 2552 677 2574 necnon
688 2542 968 2585 congregationem
981 2553 1061 2585 pra}-

305 2591 385 2624 satos
405 2596 433 2623 et
461 2602 574 2623 eorum
603 2591 746 2634 singulos
770 2601 787 2623 a
816 2591 979 2634 quibusvis
1007 2602 1060 2623 ex-

307 2641 628 2682 communicationis,
657 2640 877 2684 suspensionis
905 2646 934 2673 et
965 2640 1060 2673 inter-

1097 343 1179 375 snris
1204 347 1231 375 et
1262 340 1392 385 poenis,
1418 351 1436 373 a
1455 341 1526 372 iure
1548 340 1594 371 vel
1628 340 1667 371 ab
1696 340 1847 380 homine,

1096 397 1205 441 <pravis
1226 396 1394 428 occasione
1409 395 1457 428 vel
1473 405 1569 427 causa
1585 394 1667 435 latis,
1690 394 1715 427 si
1735 395 1852 439 quibus

1096 449 1339 494 quomodolibet
1361 447 1503 481 innodati
1526 448 1680 487 existunt,
1700 448 1739 480 ad
1758 449 1852 482 effec-

1098 510 1163 535 tum
1174 501 1391 546 praesentium
1399 502 1562 534 dumtaxat
1572 501 1849 544 consequendum,

1098 558 1212 589 barum
1235 555 1315 588 serie
1332 555 1532 588 absolventes
1548 559 1578 587 et
1597 554 1763 587 absolutos
1785 555 1851 587 sore

1097 614 1275 645 ‹zeiisenttss·s,
1294 608 1480 641 huiusmodi
1497 607 1787 652 supplicationibus
1807 608 1854 640 in-

1097 663 1226 698 clinati,
1250 663 1358 695 onmia
1384 667 1414 695 et
1439 663 1565 705 singula
1586 661 1768 705 In'ivilegia,
1792 661 1851 694 im-

1099 716 1281 755 munitates,
1306 715 1536 759 exemptiones,
1563 716 1736 755 libertates,
1759 727 1851 760 prae—

1099 770 1266 813 rogativas,
1289 770 1428 809 favores,
1452 769 1723 809 conservatorias,
1746 769 1852 802 decla-

1100 823 1249 859 rationes,
1268 822 1448 860 facultates,
1467 822 1595 864 gratias,
1614 822 1850 862 concessiones,

1099 876 1313 919 indulgentias
1329 881 1359 909 et
1379 876 1502 908 indulta
1523 876 1701 919 spiritualia
1722 883 1752 909 et
1770 882 1852 910 tem-

1099 930 1232 974 poralia,
1257 929 1497 970 congregationi
1519 934 1548 962 et
1564 929 1650 962 illius
1672 931 1852 973 praesiden-

1099 985 1200 1021 tibus,
1223 983 1451 1022 visitatoribus,
1474 983 1654 1024 abbatibus,
1676 983 1850 1026 prioribus,

1099 1037 1273 1077 monacbis,
1282 1036 1417 1074 novitiis,
1429 1036 1600 1074 conversis,
1611 1037 1766 1080 personis,
1778 1049 1853 1080 cap-

1098 1090 1245 1134 pellanis,
1260 1089 1482 1129 familiaribus,
1498 1089 1705 1122 servitoribus
1721 1096 1751 1123 et
1761 1090 1851 1131 locis,

1096 1145 1191 1177 «itiam
1214 1144 1323 1185 unitis,
1347 1154 1474 1177 necnon
1495 1143 1659 1185 ecclesiis,
1684 1144 1849 1188 cappellis,

1098 1198 1252 1232 membris
1277 1204 1308 1231 et
1334 1198 1445 1238 bonis,
1469 1209 1528 1242 pro
1549 1203 1695 1241 tempore
1716 1198 1852 1231 existen-

1097 1254 1192 1293 tibus,
1206 1253 1238 1285 in
1253 1263 1370 1296 genere
1388 1258 1417 1285 et
1434 1252 1465 1284 in
1483 1252 1602 1296 specie,
1614 1257 1678 1285 tam
1694 1263 1752 1296 per
1762 1264 1853 1297 prac-

1095 1308 1197 1341 dictos
1213 1312 1240 1340 et
1258 1318 1482 1351 quoscumque
1499 1306 1578 1340 alios
1595 1307 1757 1340 Romanos
1771 1307 1853 1339 Pon—

1096 1362 1197 1395 titices
1223 1362 1488 1405 praedecessores
1514 1366 1641 1394 nostros
1674 1366 1704 1394 et
1738 1360 1852 1394 Sedem

1097 1416 1304 1459 praedictam,
1324 1426 1421 1459 qnam
1443 1427 1500 1459 per
1515 1415 1739 1459 imperatores,
1763 1426 1853 1458 reges

1095 1477 1125 1502 et
1149 1469 1329 1513 principes,
1367 1469 1463 1501 etiam
1493 1468 1744 1513 particularibus
1782 1479 1852 1502 mo-

1097 1523 1260 1563 nasteriis,
1284 1522 1379 1555 etiam
1414 1521 1595 1566 ampliative
1620 1523 1666 1555 vel
1696 1521 1852 1555 extensive

1096 1583 1147 1610 aut
1169 1577 1258 1613 alias,
1277 1577 1334 1609 sub
1355 1587 1561 1620 quacumque
1579 1577 1681 1609 forma
1697 1582 1727 1609 et
1741 1577 1853 1610 verbo-

1095 1642 1168 1663 rum
1185 1630 1400 1674 expressione,
1419 1630 1636 1663 communiter
1650 1630 1698 1662 vel
1713 1629 1849 1671 divisim,

1097 1696 1249 1719 concessa
1275 1691 1306 1718 et
1336 1685 1522 1729 approbata,
1543 1696 1580 1718 ac
1607 1695 1681 1717 cum
1703 1684 1853 1718 omnibus

1097 1746 1125 1773 et
1147 1739 1280 1782 singulis
1300 1739 1436 1772 decretis
1452 1744 1482 1772 et
1498 1739 1651 1772 clausulis
1671 1738 1702 1770 in
1719 1738 1763 1772 eis
1780 1749 1854 1772 con-

1097 1793 1191 1826 tentis
1211 1794 1350 1836 desuper
1379 1793 1540 1826 consectas
1561 1792 1669 1825 literas
1690 1797 1720 1825 et
1749 1791 1780 1824 in
1809 1792 1854 1825 eis

1098 1852 1245 1880 contenta
1262 1852 1292 1879 et
1312 1846 1384 1879 inde
1397 1852 1506 1879 secuta
1522 1857 1759 1889 quaecumque,
1772 1857 1853 1889 quo-

1101 1912 1170 1933 rum
1188 1900 1334 1933 omnium
1351 1906 1491 1939 tenores,
1511 1900 1641 1939 formas,
1660 1900 1748 1932 datas
1764 1904 1793 1932 et
1814 1899 1855 1931 es-

1100 1956 1200 1987 t'ectns
1215 1964 1250 1986 ac
1268 1954 1396 1986 decreta
1412 1954 1443 1985 in
1466 1953 1526 1986 illis
1544 1952 1700 1996 apposita,
1719 1964 1755 1985 ac
1774 1952 1799 1986 si
1816 1952 1855 1985 de

1100 2008 1194 2040 verbo
1211 2007 1250 2039 ad
1269 2007 1416 2047 verbum,
1431 2006 1510 2039 nihil
1524 2006 1653 2050 penitus
1664 2005 1796 2046 omisso,
1811 2005 1856 2038 in—

1100 2067 1302 2102 sererentur,
1325 2060 1549 2105 praesentibus
1576 2072 1635 2105 pro
1661 2060 1857 2093 sufficienter

1100 2116 1379 2160 ‹·:xp1‘essisliabei*i
1399 2116 1560 2156 volumus,
1584 2126 1621 2148 cx
1642 2120 1728 2148 certa
1748 2119 1857 2147 nostra

1101 2170 1233 2203 scientia
1250 2197 1257 2211 ,
1293 2169 1483 2202 auctoritate
1515 2168 1709 2213 apostolica,
1747 2174 1857 2201 tenore

1103 2224 1332 2268 praesentium,
1344 2223 1561 2268 approbamus
1578 2229 1608 2256 et
1624 2223 1856 2256 confirmamus

1101 2291 1137 2312 :ic
1166 2284 1322 2322 perpetua
1350 2278 1476 2311 roboris
1501 2278 1653 2311 firmitate
1683 2277 1856 2310 subsistere

1103 2339 1129 2366 ct
1152 2333 1288 2366 tirmiter
1312 2333 1494 2374 observari,
1524 2343 1651 2365 necnon
1681 2342 1856 2375 congrega-

1104 2388 1181 2420 tioni
1201 2387 1388 2421 huiusmodi
1409 2393 1440 2420 et
1464 2387 1550 2421 illius
1576 2387 1722 2432 personis
1742 2387 1856 2419 suffra-

1103 2442 1168 2481 grari
1185 2443 1301 2476 debere
1316 2443 1532 2476 decernimus.
1543 2443 1736 2487 Supplentes
1746 2452 1858 2475 omnes

1103 2499 1130 2525 vt
1153 2492 1308 2535 singulos,
1326 2499 1390 2525 tam
1408 2492 1486 2525 iuris
1502 2504 1599 2536 quam
1620 2492 1693 2525 sacti
1715 2491 1858 2524 desectus

1104 2542 1126 2573 <i
1148 2541 1202 2584 qui
1223 2542 1329 2574 forsan
1358 2541 1390 2574 in
1415 2542 1667 2586 imperatorum,
1690 2551 1802 2583 regum
1828 2545 1857 2574 et

1105 2590 1284 2634 principum
1307 2591 1569 2625 concessionibus
1596 2590 1784 2624 huiusmodi
1804 2590 1855 2623 in-

1104 2640 1305 2674 tcrvcnerint.

1864 226 1912 253 An.
1931 226 1960 254 C.
1981 225 2047 254 ¹557
