2227 3001
111 253 159 280 An.
177 253 205 280 C.
228 252 293 280 125123

117 788 212 809 Omnium
230 788 289 813 prio-

104 825 148 841 rum
177 819 289 839 confirma-

104 856 182 873 tionem
233 850 288 871 ultra

103 883 216 905 triennium
239 887 289 909 pro-

103 915 168 940 bibet;

113 1137 193 1158 nictum
203 1137 287 1163 priora-

100 1173 141 1189 tum
161 1169 186 1188 de
212 1170 286 1187 cetero

102 1201 232 1225 cuicumque,
263 1203 286 1217 e-

101 1234 150 1251 twun
174 1229 194 1250 S.
212 1228 234 1249 R.
264 1227 284 1248 E.

102 1261 211 1285 cii-dinan,
231 1266 287 1280 coin<

103 1294 195 1313 mendari
216 1292 286 1312 inter-

102 1324 160 1349 dici13

101 1965 231 1986 Eiet-utores
246 1965 286 1984 liu-

101 1999 133 2018 ius
149 1997 287 2018 constituito-

101 2030 134 2050 nis
149 2030 243 2056 deputam

962 251 1078 273 1¹At‘Lt‘s
1105 251 1134 272 tlt
1163 250 1207 272 ΙΨ.

310 303 469 347 praefatos
490 303 661 336 nominatis
691 308 717 334 ct
755 302 935 346 deputatis,
960 314 1061 335 reser-

307 362 376 389 vata
405 356 464 389 sibi
493 366 600 388 annua
635 355 788 398 pensione
809 355 1062 399 vigintiquinque

308 413 474 441 scutorum
496 418 555 452 pro
570 408 767 440 vestimentis
788 413 814 440 et
838 408 907 440 aliis
928 408 993 440 suis
1010 418 1063 439 ne-

307 461 466 501 cessariis,
489 461 635 494 deductis
657 461 814 504 expensis,
834 461 892 493 sibi
910 472 967 504 per
984 471 1063 504 prse-

306 516 385 547 fatos
404 515 557 547 Ioannem
578 515 774 547 cardinalem
796 520 823 547 et
846 519 1061 557 protectorem

304 580 341 602 ac
362 568 541 612 capitulum
560 568 729 611 assignata,
754 568 910 600 rationem
927 568 966 600 de
987 568 1061 600 reli—

304 621 376 666 quis
404 633 463 665 per
489 633 584 661 eum,
612 622 748 654 durante
765 622 914 664 *triennio
947 621 1061 653 liuius-

306 675 403 715 modi,
427 675 670 717 administratis,
693 675 828 708 reddere
851 680 1031 708 teneantur.

348 729 362 772 g
392 729 445 762 10.
478 729 635 773 Quodque
670 729 795 772 priores
830 735 882 761 aut
920 734 1061 761 rectores

305 782 507 826 prioratuum
542 788 570 816 et
607 782 842 815 beneficiorum
872 781 999 815 Ordinis
1032 786 1059 813 et

304 835 562 879 congregationis
580 836 768 868 huiusmodi
785 835 868 867 ultra
885 835 1059 867 triennium

304 889 335 921 in
357 899 471 922 eorum
492 890 690 933 prioratibus
711 894 741 921 et
761 888 927 921 beneficiis
944 888 1061 920 consu·-

303 943 384 975 mari
404 944 590 977 nullatenus
610 943 749 986 possint,
770 948 927 986 perpetuo
948 942 1060 974 statui-

303 1007 375 1029 mus
396 1002 426 1029 et
450 997 650 1029 ordinamus.

346 1049 360 1092 g
381 1049 433 1082 ll.
457 1050 495 1082 Et
520 1050 653 1093 insuper
673 1059 709 1081 cx
730 1058 817 1080 nunc
837 1058 1060 1091 quascumque

302 1102 491 1135 collationes
506 1107 536 1135 et
553 1102 752 1145 provisiones
768 1111 825 1133 seu
841 1100 1059 1139 commendas,

302 1160 332 1188 et.
351 1156 479 1199 quasvis
500 1155 577 1188 alias
600 1154 843 1198 dispositiones,
866 1153 904 1185 de
925 1153 1059 1195 quibus-

300 1210 345 1242 vis
365 1209 528 1253 personis,
551 1209 646 1241 etiam
668 1213 795 1241 sanctae
816 1207 980 1240 Romanae
1000 1207 1060 1240 Ee-

301 1263 416 1295 clesiae
452 1262 689 1302 cardinalibus,
713 1261 751 1293 de
776 1260 860 1293 (licto
895 1260 1057 1304 prioratu,

300 1316 396 1349 etiam
417 1327 476 1360 per
496 1316 611 1349 Sedcm
639 1314 870 1359 Apostolicam,
893 1326 953 1359 pro
979 1320 1059 1347 teni-

301 1380 379 1414 pore
401 1370 518 1410 factas,
542 1369 664 1401 nullius
684 1368 810 1401 roboris
830 1369 878 1401 vel
905 1370 1059 1402 momenti

300 1423 454 1463 existere,
482 1428 513 1456 et
533 1423 576 1455 sic
598 1433 656 1466 per
676 1432 901 1466 quoscumque
922 1422 1057 1460 iudices,

300 1477 396 1510 etiam
417 1477 562 1510 eiusdem
584 1481 711 1509 sanctae
728 1477 892 1508 Romanae
910 1476 1059 1509 Ecclesia*

301 1531 493 1570 cardinales,
517 1530 643 1563 sublata
663 1529 708 1562 eis
728 1529 839 1571 quavis
862 1529 955 1561 aliter
975 1530 1059 1562 iudi-

302 1584 396 1617 candi
416 1589 447 1617 et
466 1583 699 1627 interpretamli
727 1582 918 1615 auctoritato
950 1589 980 1616 et
1015 1584 1059 1616 sa-

302 1639 439 1678 cultate,
463 1637 599 1670 iudicari
622 1642 652 1669 et
671 1636 801 1668 definiri
822 1636 959 1677 debere,
984 1648 1059 1669 nec-

301 1702 366 1724 non
386 1691 545 1735 quidquid
562 1702 655 1724 secus
671 1701 770 1734 super
784 1690 834 1723 his
850 1702 867 1723 a
882 1701 1059 1734 quoquam,

301 1744 412 1788 quavis
429 1744 632 1784 auctoritate,
651 1744 789 1777 scienter
800 1744 847 1776 vel
860 1743 1058 1786 ignoranter,

301 1793 469 1837 contigerit
491 1794 651 1833 attentari,
675 1793 802 1826 irritum
824 1797 854 1826 et
884 1792 979 1826 inane
1000 1794 1056 1826 de-

301 1855 476 1877 cernimus.

344 1893 359 1937 ,ξ
379 1893 431 1926 12.
456 1894 612 1932 Quocirca
634 1894 759 1926 dilectis
780 1893 853 1926 filiis
869 1893 976 1926 abbati
992 1905 1060 1927 mo-

300 1943 430 1975 nasterii
450 1943 557 1976 Sancti
579 1942 674 1975 Blasii
691 1947 721 1975 et
737 1943 843 1975 Sancti
860 1943 1005 1976 Venantii
1023 1955 1058 1977 ae

300 1992 407 2025 Sancti
428 1991 549 2025 Nicolai
571 1992 609 2024 de
630 1992 801 2031 Fabriano,
823 1992 1059 2025 Camerinensis

300 2040 465 2080 dioecesis,
492 2040 505 2063 1
524 2041 738 2073 saecularium
760 2046 787 2073 et
815 2042 1058 2084 collegiatarum

300 2090 511 2123 ecclesiarum
547 2090 750 2122 existentium
788 2089 997 2123 definitorum
1030 2097 1057 2123 et

300 2138 446 2182 priorum
459 2150 495 2172 ac
507 2144 671 2172 rectorum
683 2138 874 2171 eorumdem
888 2138 1016 2172 Ordinis
1030 2146 1060 2172 et

300 2189 558 2232 congregationis
578 2200 635 2222 seu
655 2189 794 2221 alicuius
815 2199 931 2221 eorum
962 2189 1058 2222 desu-

302 2248 358 2280 per
390 2237 510 2270 suerint
544 2238 709 2281 requisiti,
733 2237 921 2270 solemniter
949 2237 1058 2280 publi—

301 2291 426 2325 cantes,
449 2286 559 2330 cisque
581 2287 612 2319 in
634 2286 820 2330 praemissis
841 2286 982 2319 efficacis
1004 2287 1058 2320 de—

300 2334 454 2368 fensionis
475 2335 635 2378 pracsidio
655 2335 849 2371 assistentes,
872 2335 989 2368 saciant
1004 2347 1059 2368 au-

301 2383 447 2416 ctoritate
474 2389 583 2417 nostra
609 2384 866 2423 revocationem,
894 2384 1057 2417 reductio-

301 2443 387 2473 nem,
397 2433 675 2477 approbationem,
684 2433 976 2473 confirmationem,
985 2445 1060 2478 sup-

301 2482 521 2525 pressionem,
552 2487 727 2522 statutum,
758 2482 995 2515 ordinationem
1030 2488 1059 2515 ct

302 2532 469 2564 decretum
491 2532 654 2576 praedicta
672 2532 809 2565 firmiter
829 2532 1001 2571 observari,
1023 2544 1058 2565 ac

302 2580 465 2623 singulos,
501 2591 583 2624 quos
616 2586 800 2624 praesentes
834 2587 1056 2621 concernunt,

338 2647 521 2674 1Addendum
533 2647 574 2674 bic
593 2647 661 2674 forte
680 2651 778 2680 quoties
795 2657 847 2681 pro
866 2652 946 2681 parte
956 2648 1057 2684 (nnn).

381 2691 455 2723 Ball.
477 2692 552 2722 Rom.
581 2693 635 2722 t'ol.
659 2692 702 2723 t'l.
861 2693 898 2723 46

1756 238 1796 270 ,³5⁴3
1806 239 1814 270 l

1083 302 1167 334 lillis
1203 301 1334 344 pacifice
1369 300 1528 343 gaudii-e,
1553 311 1616 332 uon
1643 303 1863 344 permittentesv

1107 366 1160 387 vos
1180 355 1319 399 desuper
1345 366 1402 399 per
1422 364 1646 397 quoscumque
1680 356 1861 396 quomodo-

1107 409 1179 441 libet
1216 409 1354 441 indebite
1383 407 1566 443 molestari,
1590 407 1859 445 contradictores,

1106 462 1295 495 auctoritate
1326 467 1453 498 nostra,
1481 460 1699 504 apl‘aeellationo
1730 465 1860 504 postpo-

1106 515 1175 552 sita,
1195 515 1444 558 compescendo.

1150 571 1164 611 ,ξ
1194 569 1246 601 13.
1284 569 1351 601 Non
1386 568 1586 601 obstantibus
1614 567 1799 611 praemissis
1824 580 1860 599 ac

1105 623 1389 655 constitutionibus
1409 628 1437 654 ct
1458 621 1715 655 ordinationibus
1735 627 1861 665 aposto-

1107 676 1184 711 licis,
1197 688 1232 708 ac
1245 676 1408 719 prioratus
1419 681 1446 708 et
1464 676 1590 709 Ordinis
1607 675 1858 718 [uaedictoruim

1105 730 1200 762 etiam
1230 730 1430 767 iuramento,
1455 729 1701 762 contirnuitione
1731 734 1861 772 aposto-

1106 784 1165 816 lica
1199 785 1245 815 rel
1275 784 1385 827 quavis
1419 784 1568 816 firmitate
1594 783 1654 815 alia
1689 783 1860 821 roboratis,

1104 837 1229 869 statutis
1250 843 1276 869 et
1300 837 1611 873 consuettulinilnis,
1636 848 1761 869 necnon
1789 837 1861 880 qui-

1104 891 1210 923 busvis
1241 891 1432 934 pririlegiis,
1456 891 1586 923 indultis
1606 902 1643 923 ac
1665 891 1763 923 literis
1783 901 1861 934 apo-

1104 944 1223 976 stolicis
1239 944 1343 976 cidem
1365 945 1475 977 Ordini
1492 950 1519 976 et
1538 945 1625 976 illius
1646 944 1724 977 lot-is
1745 950 1770 977 et
1793 956 1861 987 per-

1104 998 1203 1037 sonis,
1223 997 1253 1029 in
1272 1008 1389 1040 genere
1406 999 1453 1030 vel
1475 998 1506 1030 in
1522 998 1639 1040 specie,
1652 998 1711 1030 sub
1729 998 1861 1040 quibus-

1104 1061 1244 1093 cumque
1264 1050 1431 1083 tenoribus
1452 1056 1479 1082 et
1502 1051 1623 1087 formis,
1645 1062 1681 1083 ac
1698 1061 1772 1083 cum
1793 1050 1861 1094 qui-

1103 1103 1226 1141 busvis,
1255 1103 1350 1135 etiam
1379 1104 1656 1143 derogatoriarum
1691 1104 1860 1145 derogato-

1104 1156 1182 1195 riis,
1217 1156 1351 1199 aliisque
1386 1156 1621 1189 edictu-ictibus
1657 1162 1687 1189 et
1725 1156 1861 1189 insolitis

1104 1209 1272 1249 clausulis,
1295 1220 1422 1242 necnon
1443 1210 1644 1242 irritantibus
1665 1215 1693 1242 et
1715 1211 1785 1242 aliis
1805 1211 1860 1243 de-

1103 1262 1209 1302 cretis,
1233 1263 1329 1295 etiam
1351 1274 1408 1306 per
1428 1263 1561 1295 modum
1579 1263 1685 1295 statuti
1702 1264 1860 1306 perpetui,

1103 1317 1199 1349 etiam
1228 1322 1317 1349 motu
1347 1316 1479 1360 proprio
1505 1323 1532 1349 et
1563 1328 1599 1349 cx
1620 1322 1707 1349 certa
1728 1317 1861 1350 scicntia

1103 1383 1139 1404 ac
1160 1371 1198 1404 de
1223 1371 1420 1414 apostolicae
1448 1371 1612 1415 potestatis
1642 1372 1860 1414 plenitudine,

1103 1426 1199 1459 etiam
1220 1426 1342 1459 iteratis
1362 1426 1486 1459 vicibus
1507 1427 1678 1466 concessis,
1699 1426 1860 1470 approba-

1103 1480 1142 1512 tis
1158 1485 1185 1512 ot
1208 1479 1374 1519 innovatis,
1392 1480 1487 1512 ctiam
1504 1480 1591 1523 quod
1611 1480 1674 1512 illis
1695 1491 1753 1523 per
1768 1492 1862 1523 quas-

1104 1544 1243 1576 cumque
1265 1533 1374 1565 literas
1389 1533 1592 1576 apostolIcas,
1613 1533 1740 1576 quasvis
1765 1534 1860 1566 etiam

1102 1586 1381 1629 derogatoriarum
1416 1587 1635 1629 derogatorias
1667 1593 1698 1619 et
1718 1587 1862 1620 insolitas

1104 1640 1264 1673 clausulas
1286 1639 1317 1672 in
1339 1651 1370 1672 se
1383 1641 1594 1679 continentes,
1616 1640 1780 1683 derogari,
1801 1652 1861 1674 nec

1102 1696 1292 1737 derogatum
1309 1693 1433 1726 censeri
1454 1694 1639 1726 nullatenus
1660 1694 1777 1737 possit,
1800 1695 1861 1728 nisi

1104 1749 1206 1781 modis
1240 1754 1269 1781 et
1298 1747 1409 1781 formis
1430 1748 1461 1779 in
1483 1748 1603 1780 eisdem
1625 1749 1786 1782 contentis
1805 1749 1860 1781 de-

1103 1803 1225 1845 rogatio
1247 1801 1435 1835 huiusmodi
1452 1802 1533 1834 sacta
1554 1802 1662 1841 suerit,
1687 1802 1861 1846 disponen-

1103 1857 1198 1889 tibus.
1214 1856 1336 1895 Quibus
1348 1855 1660 1895 omnibus,etiams1,
1676 1867 1734 1899 pro
1747 1867 1861 1889 eorum

1103 1910 1273 1943 sufficienti
1295 1909 1518 1952 derogatione,
1540 1911 1578 1943 de
1600 1911 1661 1943 illis
1682 1922 1861 1955 eorumque,

1104 1963 1176 1996 totis
1193 1964 1358 1996 tenoribus
1379 1963 1541 2007 specialis,
1563 1963 1729 2007 specifica,
1747 1964 1860 1996 indivi-

1103 2018 1165 2050 dua
1187 2023 1214 2049 et
1237 2028 1386 2061 expressa
1407 2027 1444 2049 ac
1472 2017 1510 2049 de
1531 2017 1628 2050 verbo
1650 2018 1689 2049 ad
1709 2018 1859 2055 verbum,

1103 2082 1166 2103 non
1191 2077 1298 2104 autem
1321 2082 1377 2115 per
1398 2071 1560 2104 clausulas
1579 2071 1746 2113 generales
1775 2071 1857 2104 idem

1102 2125 1323 2168 ii‘nportantes,
1351 2125 1470 2157 mentio
1492 2136 1547 2157 seu
1573 2125 1702 2168 quaevis
1724 2125 1786 2157 alia
1806 2136 1859 2157 ex-

1104 2179 1225 2222 pressio
1250 2178 1396 2211 liabenda
1417 2183 1472 2211 aut
1493 2178 1600 2222 aliqua
1621 2178 1681 2210 alia
1703 2179 1857 2222 exquisita

1096 2232 1205 2274 ⁴forma
1225 2232 1263 2264 ad
1284 2232 1345 2264 hoc
1367 2232 1519 2263 servanda
1540 2231 1633 2269 foret,
1657 2237 1784 2264 tenores
1801 2232 1859 2264 liu<

1103 2286 1253 2325 iusmodi,
1274 2285 1496 2329 praesentibus
1518 2296 1576 2329 pro
1597 2285 1795 2318 sufficienter
1810 2297 1860 2318 ex-

1103 2339 1220 2382 pressis
1248 2339 1417 2378 habentes,
1442 2338 1503 2370 illis
1518 2338 1596 2371 alias
1616 2338 1647 2370 in
1669 2349 1725 2370 suo
1744 2339 1859 2371 robore

1103 2392 1342 2436 permansuris,
1366 2393 1425 2424 liae
1446 2392 1513 2424 vice
1534 2392 1715 2431 dumtaxat,
1736 2392 1858 2435 specia-

1102 2446 1175 2478 liter
1203 2452 1231 2479 ot
1266 2456 1414 2489 expresse
1449 2446 1651 2487 ‹slei‘og-aiiitis,
1678 2445 1857 2488 ceterisque

1103 2494 1272 2527 contrariis
1284 2495 1559 2538 quibuscumque3
1570 2500 1625 2527 aut
1640 2494 1665 2527 si
1681 2493 1856 2536 aliquibus,

1103 2544 1319 2577 communiter
1337 2545 1386 2577 vel
1403 2544 1535 2582 divisim,
1552 2544 1590 2576 ab
1607 2544 1717 2576 cadem
1729 2542 1857 2575 sitSede

1102 2594 1263 2626 indultum
1290 2594 1385 2637 'quod
1420 2593 1587 2632 interdici,
1623 2591 1774 2636 suspendi
1809 2593 1855 2624 vel

1102 2642 1376 2676 excommunicari
1410 2653 1476 2676 non
1510 2641 1631 2687 possint
1665 2651 1724 2685 per
1749 2641 1856 2674 literas

1882 251 1928 278 An.
1948 253 1976 278 tj.
1998 252 2063 279 15j'15

1890 578 2006 598 Contrariis
2025 579 2064 598 de-

1877 614 1943 636 rogah
