2227 3001
221 269 272 298 Αη.
289 266 317 297 C.
338 266 403 298 1530

232 756 343 777 lurisvlicti.
356 762 402 776 ues-

240 791 528 838 ‘⁸2‘iiis.'.i1e-i¹.‘011111‹³s
562 809 591 836 et
620 803 764 846 singulos
796 803 932 843 fructus,
969 803 1112 836 redditus
1140 810 1169 836 ct

218 853 249 869 los
262 851 317 869 dedu
331 857 334 869 :

247 2097 277 2116 Ac
296 2096 403 2116 decretum

222 2126 267 2147 tutti
283 2126 301 2147 ll
326 2128 404 2147 eduum

220 2162 295 2179 eontra
314 2160 404 2179 1111111511,

220 2193 242 2210 et
258 2189 349 2210 clericos
367 2189 405 2209 Ca-

220 2226 291 2241 merae
321 2222 340 2240 in

221 2253 348 2273 contractu.
361 2259 372 2279 p
382 2259 406 2272 *r-

221 2284 333 2309 tictpnutes
353 2289 406 2304 ron-

221 2315 318 2335 firmavit.

460 260 525 295 406

418 328 448 356 et
468 322 696 364 exercendum,
719 326 807 355 motu
834 321 967 365 proprio
996 327 1025 354 et
1045 321 1083 355 de
1104 322 1168 354 fra-

416 381 503 409 trum
524 387 658 410 suorum
679 375 826 415 consilio,
854 375 1012 408 concessit
1037 380 1067 408 et
1090 375 1168 408 assi—

416 430 540 473 gnavit,
578 441 615 463 ac
639 435 668 462 te
696 429 857 461 inlocum
891 427 966 461 dicti
1001 429 1168 471 Augustini

418 484 589 516 cardinalis
602 510 609 521 ,
639 481 745 526 quoad
779 481 965 514 huiusmodi
1003 482 1166 518 effectum,

417 536 577 569 substituit
600 541 627 568 et
649 535 844 577 subrogavit.
866 535 998 568 Necnon
1014 540 1043 568 te
1074 546 1168 568 suum

417 590 560 622 etdietac
576 588 737 622 Ecclesiae
754 589 970 622 camerarium
987 589 1071 629 fecit,
1095 599 1169 622 con<

416 643 514 676 stituit
536 648 567 675 et
586 642 759 686 deputavit.

459 697 474 740 g
489 696 520 729 3.
537 696 684 740 Tibique,
703 707 761 729 suo
777 702 805 729 et
824 696 1006 740 praedictae
1018 696 1169 730 Ecclesia]

415 749 557 789 nomine,
573 750 725 783 Gamerae
739 749 942 794 Apostolicae
958 750 1166 794 praesidenti,

415 861 590 900 proventus
604 856 643 889 ad
661 856 766 900 ipsum
786 862 817 890 et
838 856 1035 900 praedictam
1058 857 1168 890 Eccle-

415 910 494 942 siam
512 909 719 953 pertinentes,
737 909 777 942 ad
788 909 957 943 Cameram
974 909 1077 954 ipsam
1098 921 1169 954 per-

414 963 522 996 venire
544 963 693 1003 faciendi,
716 969 745 997 et
766 964 804 997 de
825 963 888 996 illis
903 964 1009 997 debita
1025 963 1168 997 eiusdem

414 1017 567 1050 Gamerae
587 1017 741 1057 solvendi,
764 1016 918 1050 officiales
945 1028 1169 1060 quoscumqui¹

416 1071 447 1104 in
468 1070 660 1111 civitatibus,
678 1071 772 1103 terris
792 1076 823 1103 et
842 1071 922 1104 locis
938 1071 1170 1104 iurisdictionis

415 1124 602 1168 temporalis
623 1124 784 1167 praefatae
804 1124 965 1157 Ecclesiae
978 1124 1166 1168 deputandi,

416 1184 445 1210 et
457 1177 497 1210 ab
509 1189 622 1211 eorum
639 1177 763 1218 officiis,
782 1188 856 1210 cum
872 1177 1044 1222 expediens
1060 1178 1167 1212 fuerit.

417 1232 603 1272 amovendi,
618 1236 648 1264 et
660 1231 739 1264 alios
748 1241 861 1264 eorum
875 1232 948 1264 loco
959 1231 1167 1273 subrogandi,

418 1290 528 1328 gentes
548 1284 724 1328 armigeras
747 1295 806 1318 suo
831 1290 860 1317 et
887 1285 989 1318 dictae
1010 1285 1169 1317 Ecclesia·-

419 1338 514 1370 statui
539 1338 650 1371 fideles
675 1344 704 1371 et
729 1338 859 1371 devotos
891 1338 1113 1375 conducendi,
1141 1344 1167 1370 et

1015 269 1194 294 BULLARIUM
1218 269 1323 293 ROMAN
1329 269 1370 294 UM

1189 1251 1192 1302 Ι
1212 1283 1312 1316 literis
1332 1284 1520 1316 huiusmodi
1542 1294 1607 1317 non
1628 1283 1841 1323 obstantibus,
1871 1282 1966 1316 etiam
1983 1304 2092 1324 mmmm,

1978 267 2026 294 An.
2044 268 2074 295 C.
2096 268 2165 294 1550

1210 333 1248 355 ac
1267 321 1385 355 eisdem
1408 321 1676 366 praesidentibus,
1699 321 1825 355 clericis
1840 325 1871 354 et
1890 331 1963 365 per-

1211 374 1309 415 sonis,
1338 375 1398 408 sub
1420 375 1764 408 excommunicationis
1784 375 1866 407 latae
1894 384 1964 407 sen-

1212 429 1327 462 tentiae
1349 435 1379 462 ct
1399 428 1585 473 privationis
1604 438 1890 473 quorumcumque
1918 427 1964 460 of-

1211 482 1362 516 ficiorum
1397 493 1456 526 per
1488 482 1575 526 ipsos
1608 483 1815 515 obtentorum
1850 481 1964 525 poenis

1211 536 1280 579 ipso
1314 536 1396 569 facto
1425 535 1639 576 incurrendis,
1669 546 1708 569 ne
1736 540 1848 568 contra
1868 545 1962 579 prae-

1212 589 1306 621 missa
1316 588 1559 633 quomodolibet
1580 589 1686 622 venire
1702 594 1961 633 praesumerent,

1210 642 1411 682 inhibendo,
1453 641 1632 675 innovasset
1671 647 1702 675 et
1739 642 1959 687 approbasset.

1255 696 1270 735 ἓ
1297 696 1327 729 5.
1358 697 1402 729 Ac
1423 701 1576 728 statutum
1606 701 1635 728 et
1663 696 1829 729 decretum
1849 695 1984 757 huius·⁸
2015 706 2167 758 1110119118,-

1989 743 2014 758 Εῐὶ
2031 741 2046 757 ΙΙ
2062 743 2074 757 1¹1
2103 741 2169 758 ΙΠΙΕΓ·

1212 749 1318 789 modi,
1347 749 1386 782 ad
1407 750 1467 783 hoc
1490 755 1522 782 ut
1544 749 1651 783 clerici
1665 777 1672 789 ,
1695 748 1915 793 praesidentes
1935 753 1965 781 et
1980 769 2118 789 ,0„,e„,e,i„
2129 767 2167 788 c„

1211 813 1367 846 personae
1384 803 1558 847 praefatae,
1575 813 1717 846 quorum
1733 801 1965 846 consanguinei
1979 799 2167 850 {Qlssngf'ssg'nfrffj

1211 861 1239 888 ct
1261 856 1373 889 affines
1405 855 1507 889 dictas
1527 856 1689 895 dohanas,
1726 855 1942 888 thesaurarias
1956 881 1963 893 ‚
1980 861 2048 881 cmm,-
2083 866 2167 880 suornm

1981 891 2072 912 affinium
2080 891 2130 911 vele
2133 898 2168 910 ιιιιι

1211 909 1342 942 salarias
1375 914 1406 942 et
1439 910 1590 942 introitus
1627 909 1874 949 conducebant,
1909 919 1965 942 seu
1981 923 2151 948 ⁵..ng-micorum.

1211 963 1394 997 conducere
1414 963 1573 1004 volebant,
1592 963 1623 995 in
1644 963 1764 996 eisdem
1785 962 1918 996 Camera
1937 967 1968 995 et

1211 1017 1282 1050 loco
1295 1016 1460 1056 camerali,
1477 1016 1553 1049 dmn
1571 1015 1833 1049 delocationibus
1844 1015 1922 1060 ipsis
1937 1020 1969 1049 et

1211 1069 1348 1113 negotiis
1369 1070 1438 1103 illas
1472 1069 1744 1103 concernentibus
1768 1069 1967 1103 discuterent

1212 1129 1263 1156 aut
1293 1129 1488 1162 tractarent,
1511 1123 1704 1156 intervenire
1739 1133 1805 1155 non
1839 1128 1970 1167 possent

1214 1188 1271 1221 per
1291 1177 1359 1209 eius
1380 1178 1488 1210 literas
1509 1176 1701 1210 extendisset
1721 1182 1749 1209 et
1771 1175 1964 1220 ampliasset.

1255 1231 1270 1271 ,ξ
1291 1231 1321 1263 6.
1352 1230 1442 1269 Quod
1473 1230 1542 1263 Iulii
1568 1230 1825 1274 praedecessoris
1844 1240 1882 1262 ac
1901 1229 1968 1263 suis
1983 1241 2106 1298 15111πηῖ
2117 1240 2169 1276 pau-

1991 1279 2015 1293 us
2107 1278 2167 1292 cunis

2095 1310 2107 1324 0
2135 1303 2168 1323 hie

1214 1337 1242 1369 111
1267 1338 1409 1370 futurum
1436 1338 1651 1370 locationibus
1671 1343 1697 1369 et
1721 1336 1791 1369 aliis
1811 1337 1967 1380 praemis—
1982 1334 2169 1385 'c'jq‘ssin-''ss'gf'ff

420 1391 481 1424 illis
515 1392 738 1424 convenientia
772 1392 810 1424 dc
841 1391 985 1424 ciusdem
1018 1392 1170 1424 (1011101111-
1213 1391 1274 1427 sis,
1293 1391 1413 1434 absque
1445 1391 1581 1423 alicuius
1602 1400 1724 1434 poenae
1745 1400 1800 1422 seu
1822 1397 2095 1422 censurwmerurium
2125 1401 2167 1415 non

420 1446 626 1488 provi-utilms
647 1445 866 1489 promittendi,
885 1449 913 1477 et
931 1445 1087 1487 promissa
1107 1445 1169 1477 sol-

419 1499 530 1539 vendi,
562 1504 591 1531 et
614 1499 807 1541 generaliter
839 1498 947 1531 onmia
973 1503 1003 1530 et
1031 1498 1168 1541 singula,

419 1564 501 1596 quac
531 1552 560 1584 in
589 1551 864 1585 iurisdictionibus
889 1557 919 1584 et
939 1551 1010 1584 aliis
1039 1551 1171 1594 quibus-

1214 1444 1359 1481 incursu,
1384 1444 1536 1476 interesse
1562 1444 1662 1476 libere
1689 1450 1716 1475 et
1740 1443 1826 1475 licite
1847 1428 2048 1484 valeres-¹55³?
2074 1427 2168 1448 dmm*

1213 1498 1335 1536 statuit,
1367 1498 1504 1529 det-rexit
1533 1505 1561 1531 et
1593 1497 1775 1530 declaravit.
1811 1497 1968 1541 Quodque

1214 1552 1273 1583 sub
1290 1556 1407 1583 statuto
1423 1557 1453 1583 et
1468 1551 1672 1584 ordinatione
1689 1550 1759 1583 Iulii
1778 1551 1967 1594 praedeces-

420 1617 561 1649 eumque
587 1605 723 1647 negotiis
750 1612 778 1638 et
800 1605 905 1638 causis
930 1605 968 1637 ad
990 1605 1095 1649 ipsum
1118 1616 1170 1637 ea-
1213 1605 1294 1638 soris
1323 1605 1507 1638 huiusmodi
1534 1616 1570 1638 ac
1602 1605 1701 1637 literis
1727 1605 1792 1637 suis
1819 1604 1970 1648 praefatis

419 1659 610 1692 merariatus
635 1659 777 1693 officium
813 1660 851 1692 de
873 1659 942 1692 iure
968 1659 1016 1692 vel
1037 1659 1076 1692 dc
1097 1670 1172 1692 cou-

418 1713 589 1746 suetudine
625 1713 869 1757 quomodolibet
895 1713 1115 1756 pertiuebant,
1143 1719 1169 1745 et

419 1778 502 1810 quae
518 1766 678 1810 praefatae
691 1767 850 1799 Ecclesiae
867 1766 1035 1799 camerarii
1053 1767 1169 1800 facere.

420 1821 604 1861 emendare,
631 1820 792 1861 ordinare,
811 1820 1034 1854 administrare
1054 1825 1084 1853 et
1103 1831 1174 1853 exe—

420 1874 475 1917 qui
508 1874 590 1907 soliti
626 1880 735 1914 erant,
773 1874 928 1914 faciendi,
966 1873 1170 1908 emendandi.

419 1927 662 1961 administrandi
692 1934 721 1961 et
755 1927 945 1971 exequendi,
982 1928 1109 1971 plenam
1144 1933 1170 1959 et

419 1981 554 2016 liberam
575 1981 733 2015 concessit
753 1982 950 2015 facultatem.

464 2036 480 2079 §t
498 2036 529 2069 4.
549 2037 583 2069 Et
601 2036 728 2075 deiude,
756 2047 830 2069 cuin
857 2041 1011 2068 statutum
1037 2041 1064 2068 et
1086 2035 1171 2067 ordi-

420 2090 584 2123 nationem
609 2090 680 2134 piae
706 2089 882 2123 memoriae
906 2089 978 2122 Iulii
1003 2089 1106 2132 Papae
1127 2089 1171 2125 ΙΙ,

421 2144 515 2176 etiam
541 2143 798 2187 praedecessoris
827 2143 945 2183 nostri,
973 2143 1174 2186 disponentia

421 2197 508 2240 quod
521 2197 738 2240 praesidentes
754 2202 782 2230 et
796 2196 904 2230 clerici
921 2196 1072 2230 Gamerae
1090 2197 1174 2239 Apo-

421 2250 552 2283 stolicae
573 2256 601 2283 ct
622 2262 847 2294 quaecumque
877 2261 1013 2294 persona
1039 2250 1071 2282 in
1092 2249 1175 2282 dicta

421 2304 554 2337 Camera
574 2309 602 2337 et
628 2305 701 2337 loco
727 2304 878 2338 camerali
907 2303 1173 2337 intervenientes.

422 2357 517 2391 etiam
538 2357 563 2390 si
584 2357 757 2401 episcopali
780 2364 809 2390 et
831 2356 1099 2400 archiepiscopali
1122 2362 1174 2389 aut

422 2410 536 2444 maiori
562 2411 714 2454 dignitate
736 2411 907 2453 fulgerent,
930 2411 1086 2450 dohanas,
1109 2410 1177 2443 the-

423 2464 583 2498 saurarias
608 2470 638 2497 et
658 2464 737 2497 alios
771 2464 922 2498 introitus
948 2470 977 2497 et
998 2474 1050 2497 res
1069 2464 1107 2496 ad
1129 2463 1176 2496 di-

422 2519 505 2547 ctam
540 2514 708 2548 Cameram
743 2519 934 2558 spectantes,
970 2525 1028 2558 per
1063 2524 1095 2546 se
1128 2514 1176 2546 vel

423 2563 521 2598 alium
538 2574 595 2597 seu
617 2563 713 2603 alios,
737 2562 844 2596 intoto
865 2563 912 2595 vel
929 2563 961 2595 in
978 2568 1079 2606 parte,
1099 2573 1176 2596 eon-

422 2613 558 2653 ducere,
587 2618 641 2646 aut
666 2621 740 2645 cum
766 2611 895 2644 illorum
925 2611 1178 2644 conductoribus

424 2662 480 2706 ipsi
493 2661 734 2705 quomodolibet
749 2661 941 2705 participare
953 2671 1016 2693 11011
1034 2666 1174 2703 [10580111.

1215 1659 1399 1692 nullatcnus
1433 1659 1708 1703 comprehensus,
1744 1658 1799 1692 sed
1832 1658 1872 1691 ab
1906 1658 1970 1691 illis

1215 1724 1348 1757 prorsus
1364 1718 1515 1756 exceptus
1532 1724 1616 1746 esses
1632 1719 1662 1746 et
1684 1723 1752 1746 esse
1775 1712 1967 1751 censereris,

1215 1772 1308 1810 prout
1341 1777 1376 1799 ex
1399 1772 1475 1800 tunc
1495 1772 1525 1800 te
1554 1766 1678 1810 excepit
1703 1765 1734 1798 in
1762 1766 1915 1799 omnibus
1940 1771 1968 1798 et

1215 1831 1273 1864 per
1302 1820 1427 1859 omnia,
1469 1820 1602 1864 perinde
1631 1831 1668 1853 ae
1702 1819 1728 1852 si
1757 1825 1910 1853 statutum
1939 1824 1971 1852 et

1215 1873 1373 1906 ordinatio
1390 1885 1425 1906 ac
1442 1874 1554 1908 literae
1570 1885 1645 1907 suae
1662 1873 1848 1907 huiusmodi
1863 1872 1970 1916 quoad

1216 1933 1244 1960 te
1265 1927 1450 1960 nullatenus
1470 1932 1682 1966 emanassent,
1711 1927 1860 1968 decrevit.

1260 1982 1274 2023 ξ
1295 1981 1325 2014 7.
1346 1982 1388 2013 ΑΟ
1405 1981 1583 2014 successive
1609 1981 1695 2023 quod
1712 1980 1750 2013 de
1766 1985 1874 2013 cetero
1895 1990 1970 2024 per·
2005 1992 2127 2018 Omnesque
2141 1992 2172 2011 tu-

1217 2034 1323 2078 petuis
1360 2034 1477 2067 futuris
1511 2033 1732 2077 temporibus,
1768 2038 1833 2066 tam
1867 2033 1971 2067 almae
1986 2024 2173 2075 ξξῇζὸηάζζῗζῖ,

1217 2087 1310 2121 Urbis
1336 2088 1546 2131 gubernator,
1575 2087 1702 2119 auditor
1724 2087 1897 2127 Gamerae,
1925 2086 2173 2138 x·i-2¹‘;{‚³i⁵fflfi'ff¹¹ffl'³³

1217 2141 1335 2181 carius,
1359 2140 1481 2173 iudices
1501 2140 1668 2179 ordinarii,
1691 2151 1789 2184 quam
1816 2140 1869 2172 alii
1899 2135 1993 2183 quis
2087 2133 2092 2143 ’

1217 2206 1357 2238 cumque
1403 2195 1567 2227 Romanae
1605 2193 1720 2226 Curiae
1762 2204 1799 2226 ac
1843 2193 1974 2226 ditionis

1217 2248 1359 2282 eiusdem
1381 2249 1543 2282 Romanae
1576 2248 1737 2281 Ecclesiae
1764 2247 1821 2280 tibi
1845 2247 1974 2291 tuisque

1217 2302 1474 2336 ordinationibus
1494 2307 1525 2335 et
1545 2302 1714 2342 mandatis,
1738 2302 1874 2345 perinde
1894 2312 1932 2334 ac
1947 2301 1973 2334 si

1217 2357 1256 2389 ab
1278 2368 1315 2389 eo
1333 2348 1381 2389 vel
1401 2356 1546 2388 Romano
1571 2355 1727 2389 Pontificc
1748 2366 1807 2399 pro
1829 2361 1975 2400 tempore

1219 2411 1370 2444 existente
1388 2416 1602 2448 emanassent,
1633 2409 1765 2442 omnino
1785 2420 1901 2453 parere
1921 2409 1974 2442 de-

1218 2465 1331 2497 berent
1344 2490 1351 2504 ,
1374 2469 1403 2496 et
1424 2464 1575 2496 adversus
1594 2463 1661 2503 illa,
1684 2463 1871 2498 directevel
1891 2462 1974 2496 indi-

1219 2518 1318 2551 recte,
1333 2513 1427 2546 modo
1443 2512 1553 2555 aliquo
1572 2512 1680 2545 venire
1697 2512 1883 2545 nullatenus
1903 2523 1975 2556 pos—

1220 2568 1300 2603 sent,
1323 2561 1423 2594 voluit
1448 2567 1477 2593 et
1497 2561 1672 2601 ordinavit,
1701 2572 1738 2594 ac
1758 2568 1836 2594 tunc
1863 2566 1895 2594 et
1914 2571 1973 2604 pro

1221 2616 1365 2654 tempore
1377 2610 1586 2643 existentibus
1601 2610 1744 2642 eiusdem
1762 2611 1865 2642 almae
1881 2609 1975 2643 Urbis

1219 2659 1440 2693 01111011101011,
1465 2659 1601 2692 auditori
1624 2660 1788 2700 Gamerae,
1811 2658 1928 2691 vicario
1945 2663 1975 2692 et
