2227 3001
206 240 257 267 Aa.
276 241 305 266 C.
325 242 385 267 t5tit

207 302 232 321 de
249 301 390 353 nmlatsebex·
404 303 462 337 per
477 292 568 333 alios,
586 292 680 325 etiam
697 292 969 335 quandocumque
986 291 1086 322 multo
1099 300 1156 322 an-

206 338 280 359 [ΙΓΘΞΕ-Ἰ
295 338 338 354 One
355 339 389 353 En-

206 366 246 383 lut.

222 2577 318 2600 Pontitex
337 2579 385 2600 ideo

199 2609 287 2631 turmam
304 2611 329 2632 do
350 2616 374 2631 ee

448 229 513 264 314

404 352 454 379 tea
474 351 619 389 tempore
645 345 799 378 canonice
829 343 874 376 eis
902 344 1017 375 collata
1041 348 1155 386 etpos-

404 410 501 439 sessa,
522 410 603 444 quos
622 397 868 431 valetudinarios
893 407 948 429 seu
974 395 1062 429 senio
1083 407 1156 429 con-

404 454 502 486 sectos
526 452 740 496 conspiciunt,
763 455 818 483 aut
844 450 921 483 alias
949 455 1035 483 certo
1062 449 1156 481 modo

404 506 466 539 cito
491 505 698 538 defuncturos
724 504 772 536 vel
794 514 905 536 eorum
931 502 1087 536 beneficia
1112 502 1156 534 di-

404 559 559 592 missuros
579 562 719 601 sperant,
744 556 889 600 improbe
914 567 950 588 ae
976 567 1033 599 per
1053 555 1157 588 media

404 611 513 643 illicita
546 609 743 654 aspirantes,
779 608 964 641 huiusmodi
989 608 1155 647 beneficia,

404 671 566 707 tamquam
593 667 679 696 certo
706 662 800 695 modo
821 661 962 694 vacantia
988 666 1017 694 et
1037 662 1156 704 absque

402 717 465 749 alio
486 716 578 749 titulo
598 727 654 748 seu
675 715 782 748 minus
803 715 958 748 canonico
979 715 1116 755 detenta,
1139 726 1157 747 a

402 770 482 803 Sede
503 768 684 814 Apostolica
710 768 942 812 impetrabant,
972 773 1002 801 et
1026 767 1155 800 illorum

403 822 639 867 possessoribus
659 822 746 854 litem
763 833 861 865 super
880 821 971 854 dictis
992 821 1156 854 beneficiis

402 876 446 909 sic
471 875 624 921 possessis
649 875 829 915 movebant,
853 880 881 907 et
906 885 1018 907 causas
1042 874 1155 906 huius-

402 930 488 963 modi
501 934 611 962 contra
623 939 676 961 eos
685 927 841 961 committi
851 927 1018 967 faciebant,
1034 932 1064 960 et
1079 927 1156 960 alias

401 983 485 1022 illos,
508 993 592 1015 nune
613 982 723 1015 titulos
744 982 1005 1024 fingendo‚minc
1021 980 1155 1014 crimina

402 1036 620 1080 impingendo,
644 1035 675 1067 in
705 1035 782 1079 ipsis
807 1034 972 1067 beneficiis
996 1034 1155 1078 inquieta-

401 1090 476 1122 bant
510 1094 540 1121 et
575 1088 801 1128 molestabant,
838 1099 894 1120 nec
926 1099 1039 1120 causas
1072 1087 1156 1132 ipsas

401 1144 519 1186 (proutv
548 1142 654 1181 etiam,
676 1142 760 1174 iuxta
780 1140 1038 1174 constitutionem
1066 1152 1155 1184 prae-

402 1195 530 1235 dictam,
548 1194 760 1237 tenebantur)
786 1193 928 1237 expediri
945 1193 1048 1226 facere
1065 1205 1155 1226 cura-

401 1249 488 1289 bant,
508 1248 562 1281 sed
584 1248 615 1280 in
636 1248 768 1291 longum
789 1247 1036 1291 protrahebant,
1059 1258 1154 1291 expe-

401 1307 522 1335 ctantes
541 1301 665 1334 obitum
686 1301 846 1333 dictorum
868 1311 1103 1344 possessorum,
1123 1306 1156 1333 ut

402 1355 432 1386 in
458 1355 526 1387 iure
547 1355 665 1387 eisdem
688 1353 925 1398 possessoribus
941 1353 971 1385 in
988 1353 1079 1386 dietis
1100 1354 1154 1387 be—

400 1407 523 1440 nefieiis
542 1407 589 1440 vel
623 1407 661 1440 ad
688 1407 741 1439 illa
768 1412 969 1450 competente
1003 1406 1154 1449 subroga-

402 1467 523 1494 rentur.
539 1461 653 1504 Sicque
670 1471 728 1504 per
745 1459 938 1492 indirectum
956 1459 1076 1492 eisdem
1094 1459 1154 1492 im-

401 1514 599 1558 petrantibus
614 1518 721 1546 votum
732 1513 908 1557 captandae
926 1512 1036 1545 mortis
1053 1513 1153 1545 [licto-

401 1578 472 1600 rum
507 1577 728 1610 possessorum
761 1566 993 1609 praebebatur,
1029 1565 1154 1609 ipsique

402 1630 599 1663 possessores
619 1619 758 1652 indebite
783 1619 978 1651 vexabantur
1004 1630 1039 1651 ae
1065 1619 1154 1651 labo-

402 1674 489 1706 ribus
509 1678 539 1706 et
558 1674 704 1717 expensis
732 1672 957 1715 fatigabantur:
985 1677 1015 1704 et
1042 1684 1153 1717 saepe-

401 1738 537 1761 numero
575 1726 772 1760 vexationem
812 1725 998 1758 huiusmodi
1036 1726 1154 1758 illicitis

401 1781 512 1813 mediis
522 1780 679 1813 redimere
696 1779 905 1822 cogebantur,
919 1784 947 1811 et
959 1779 1154 1823 quandoque

399 1833 541 1867 destituti
562 1845 617 1866 seu
638 1832 809 1876 desperati,
829 1832 859 1864 in
881 1832 1072 1865 anxietatem
1093 1834 1152 1865 du-

399 1888 575 1927 cebantur,
605 1898 784 1930 eorumque
810 1886 966 1919 beneficia
992 1886 1153 1929 resignare

399 1951 455 1974 seu
476 1945 671 1985 permutare,
692 1951 728 1973 ac
752 1939 846 1972 etiam
868 1939 997 1972 illorum
1024 1941 1153 1972 collato-

398 2006 468 2035 res,
491 1995 666 2038 quominus
692 1995 730 2027 de
750 1993 930 2031 beneficiis,
954 2005 1012 2037 per
1030 1994 1153 2026 obitum

399 2048 558 2081 (lictorum
572 2058 792 2092 possessorum
814 2047 1009 2085 vacantibus,
1030 2053 1058 2079 et
1078 2058 1152 2091 pro-

399 2108 468 2146 pter
488 2102 558 2135 lites
578 2102 777 2138 huiusmodi,
800 2101 955 2134 malitiose
976 2106 1005 2133 et
1026 2102 1152 2134 fraudo-

400 2157 501 2188 lenter
522 2162 623 2188 motas
644 2167 698 2188 seu
725 2155 894 2191 contis-tas,
924 2155 1023 2188 libere
1049 2155 1154 2198 dispo-

400 2220 476 2241 nere
497 2214 526 2242 et.
546 2220 602 2241 sua
627 2208 789 2241 ordinaria
809 2208 998 2241 auctoritate
1015 2208 1045 2240 in
1063 2220 1153 2252 prae-

401 2262 503 2295 missis
520 2262 564 2294 nti
586 2267 724 2305 possent,
744 2261 1013 2305 impediebantur,
1033 2261 1063 2293 in
1085 2262 1153 2293 ani-

401 2326 527 2348 marum
541 2315 683 2359 ipsorum
704 2315 943 2359 impedientium
957 2314 1151 2358 perieulum,

400 2374 431 2402 et
450 2369 609 2402 dictorum
631 2380 851 2413 possessorum
872 2380 966 2412 grave
990 2369 1152 2413 praeiudi-

400 2422 484 2456 cium
507 2428 536 2455 et
567 2422 747 2454 ordinariae
776 2422 939 2466 potestatis
967 2422 1153 2455 huiusmodi

400 2478 591 2510 collatorum
612 2477 797 2509 laesionem.

443 2532 458 2575 §
481 2530 512 2564 3.
540 2531 713 2564 Attendens
742 2530 869 2563 malitiis
895 2531 1062 2563 hominum
1090 2541 1154 2563 non

401 2592 469 2615 esse
489 2581 734 2623 indulgendum,
749 2581 802 2612 sed
824 2580 929 2623 potius
945 2581 1151 2616 obviandum.

200 2644 246 2663 tem
262 2642 387 2663 servantiam
404 2641 440 2666 ac
464 2631 572 2664 volens
592 2631 736 2676 ipsorum
763 2629 917 2663 beneficia
942 2629 1153 2662 obtinentium

999 238 1178 261 BULLARIL'M
1204 236 1353 260 ROMANUM

1199 287 1297 330 quieti
1319 292 1349 321 et
1372 288 1534 321 securitati
1552 287 1731 332 providere,
1749 285 1949 319 constitutio-

1201 351 1273 373 nem
1299 341 1496 385 praedictam
1525 341 1705 374 innovando
1735 345 1765 372 et
1784 339 1823 372 ad
1848 338 1949 383 inipe-

1199 398 1317 426 trantes
1336 393 1493 426 beneficia
1514 394 1656 433 illorum,
1678 392 1733 436 qui
1758 392 1867 436 aliquo
1887 391 1950 424 evi-

1199 446 1285 479 denti
1305 447 1535 491 impedimento
1555 447 1786 487 detinerentur,
1809 445 1952 490 quamvis

1199 500 1286 533 senio
1312 500 1449 534 consecti
1469 506 1523 533 aut
1543 500 1728 533 infirmitate
1749 499 1867 534 detenti
1887 510 1951 532 non

1200 555 1314 594 terent,
1338 553 1550 593 extendendo,
1568 553 1662 585 etiam
1671 553 1782 593 voluit,
1800 552 1907 585 statuit
1923 557 1953 585 et

1200 607 1355 640 ordinavit
1375 608 1461 651 quod
1480 607 1517 639 de
1539 612 1644 639 cetero
1665 607 1873 650 impetrantes
1898 607 1952 639 be-

1200 660 1315 693 neficia
1334 660 1563 699 ecclesiastiea,
1576 659 1811 703 cuiuscumque
1819 659 1952 703 qualita-

1200 714 1248 754 tis,
1263 725 1321 758 per
1332 714 1543 758 privationem
1558 718 1588 746 et
1599 713 1794 746 amotionem
1811 714 1859 746 vel
1875 713 1953 746 alias

1200 773 1333 812 propter
1364 768 1534 801 commissa
1568 777 1716 800 excessus
1741 772 1772 799 et.
1799 766 1950 807 crimina,

1198 821 1340 854 vacantia
1356 822 1402 854 vel
1423 826 1584 861 vacatura,
1596 820 1625 852 in
1648 820 1882 864 supplicatione
1897 821 1952 853 de-

1199 886 1297 917 super
1316 880 1482 918 porrecta,
1511 885 1658 907 excessus
1678 879 1708 907 et
1728 873 1864 906 crimina
1886 873 1954 917 ipsa

1199 939 1356 961 aceornm
1368 922 1549 972 qualitates,
1565 939 1691 961 necnon
1708 928 1820 960 modos
1835 932 1865 960 et
1881 938 1954 960 cau-

1199 993 1248 1014 sas
1269 983 1345 1015 tales
1359 1009 1366 1023 ,
1387 993 1423 1015 ex
1443 982 1562 1025 quibus
1583 982 1621 1014 de
1642 981 1711 1014 iure
1732 980 1865 1026 privatio
1886 980 1954 1024 ipsa

1199 1036 1328 1068 incursa
1352 1041 1405 1068 aut
1427 1035 1573 1068 facienda
1599 1040 1784 1075 censeatur,
1807 1040 1838 1068 et
1864 1034 1953 1067 simi-

1198 1088 1269 1121 liter
1290 1089 1517 1132 impetrantes,
1540 1088 1636 1121 etiam
1661 1098 1719 1132 per
1745 1088 1877 1120 modum
1897 1086 1953 1120 de-

1197 1141 1381 1181 volutionis,
1399 1142 1556 1174 beneficia
1572 1146 1736 1185 tamquam
1754 1146 1842 1174 certo
1859 1139 1954 1173 modo

1198 1193 1340 1227 vacantia
1361 1199 1390 1227 et
1405 1195 1444 1226 ab
1466 1194 1545 1234 aliis,
1567 1194 1661 1227 etiam
1683 1204 1748 1227 non
1766 1193 1854 1226 senio
1875 1203 1953 1226 con-

1198 1246 1286 1279 sectis
1325 1257 1384 1279 nec
1420 1246 1605 1279 infirmitate
1638 1251 1693 1279 aut,
1721 1245 1953 1290 impedimento

1198 1300 1349 1339 detentis,
1373 1305 1536 1343 tamqnam
1564 1300 1654 1332 nullo
1684 1310 1740 1332 seu
1767 1299 1874 1332 minus
1899 1309 1953 1332 ca-

1197 1353 1314 1386 nonico
1335 1353 1426 1385 titulo
1448 1363 1605 1396 possessa,
1625 1353 1757 1385 modum
1782 1351 1954 1385 vacationis

1198 1406 1328 1438 illorum
1350 1405 1381 1437 in
1398 1405 1633 1449 supplicatione
1651 1405 1790 1449 desuper
1805 1410 1953 1449 porrecta

1198 1459 1346 1503 specifice
1366 1464 1393 1491 et
1415 1459 1624 1491 determinate
1644 1470 1681 1491 ac
1701 1458 1882 1503 dispositive
1898 1469 1953 1491 ex-

1198 1512 1338 1556 primere
1359 1518 1541 1549 teneantur:
1554 1517 1584 1545 et
1604 1517 1776 1556 antequam
1787 1512 1953 1545 decretum

1198 1566 1355 1599 citationis
1389 1578 1406 1598 a
1440 1566 1560 1606 iudice,
1588 1566 1639 1599 cui
1661 1577 1756 1599 causa
1784 1565 1954 1599 commissa

1198 1620 1311 1659 suerit,
1342 1630 1399 1663 per
1427 1631 1459 1652 se
1493 1620 1541 1652 vel
1569 1624 1812 1663 procuratorem
1839 1630 1953 1652 eorum

1197 1678 1318 1716 petant,
1341 1683 1449 1705 coram
1472 1683 1509 1705 eo
1530 1672 1748 1705 iuramentum
1776 1672 1862 1716 quod
1883 1683 1953 1706 cre-

1197 1726 1276 1758 dunt
1296 1737 1344 1763 ea,
1367 1736 1448 1769 qnae
1470 1725 1513 1758 sic
1535 1731 1771 1770 expresserunt,
1793 1737 1865 1759 vera
1886 1737 1953 1759 esse

1197 1785 1224 1812 ct
1239 1790 1330 1823 posse
1348 1790 1384 1812 ca
1394 1780 1543 1823 probare,
1556 1780 1951 1824 corporaliterpraestare,

1197 1839 1227 1866 et
1244 1834 1358 1866 deinde
1380 1845 1528 1866 excessus
1544 1839 1574 1866 et
1595 1833 1731 1867 crimina
1747 1839 1801 1867 aut
1819 1834 1952 1867 modum

1196 1887 1368 1919 vacationis
1384 1887 1571 1919 huiusmodi
1598 1897 1779 1931 proponere
1802 1892 1832 1920 et
1851 1888 1952 1921 dedu-

1197 1952 1279 1980 cere,
1295 1945 1324 1972 et
1340 1940 1422 1972 intra
1443 1945 1513 1973 octo
1535 1940 1602 1973 dies
1618 1941 1871 1974 observationem
1888 1946 1952 1974 ter-

1197 1993 1274 2026 mini
1295 1994 1333 2026 ad
1359 1993 1610 2033 articulandum,
1634 2004 1692 2037 per
1712 2005 1786 2025 eum
1806 1995 1855 2026 vel
1875 2005 1951 2038 pro-

1197 2052 1379 2080 curatorem
1408 2058 1515 2084 sumn,
1539 2058 1596 2080 sno
1618 2047 1729 2079 ordine
1751 2053 1781 2080 et
1802 2048 1872 2081 loco
1897 2048 1953 2091 (ita

1196 2101 1282 2144 qnod
1308 2101 1332 2133 si
1360 2100 1425 2144 ipse
1455 2100 1612 2133 terminus
1640 2101 1682 2133 sie
1710 2112 1775 2134 non
1796 2107 1950 2142 servetur,

1196 2154 1272 2187 dieti
1294 2159 1366 2186 octo
1397 2153 1481 2193 dies,
1512 2159 1582 2197 post
1606 2154 1860 2188 observationem
1888 2161 1952 2189 ter-

1197 2207 1274 2240 mini
1295 2207 1436 2239 secundo
1458 2207 1529 2239 loco
1551 2208 1682 2247 servati,
1704 2208 1902 2253 quicumque
1927 2209 1953 2242 is

1196 2261 1303 2300 suerit,
1322 2259 1503 2292 cucurrisse
1522 2264 1727 2302 censeantur)
1744 2263 1872 2302 factam,
1894 2262 1951 2295 im-

1197 2314 1333 2347 mediate
1346 2318 1514 2356 sequentes
1526 2315 1676 2356 probare:
1686 2326 1811 2349 necnon
1825 2327 1861 2348 ex
1875 2322 1951 2350 tunc

1196 2368 1278 2400 infra
1294 2377 1430 2404 annum,
1452 2367 1599 2400 similiter
1614 2379 1631 2401 a
1647 2368 1697 2401 die
1718 2369 1952 2414 impetrationis

1197 2433 1311 2455 eornm
1328 2422 1595 2466 computandum,
1610 2434 1741 2456 causam
1754 2430 1865 2458 contra
1880 2436 1950 2458 eos—

1196 2476 1267 2507 dem
1302 2486 1521 2519 possessores,
1563 2488 1663 2519 usque
1698 2477 1737 2509 ad
1773 2477 1951 2510 definitivae

1197 2529 1370 2561 sententiae
1386 2530 1612 2573 prolationem,
1631 2530 1785 2564 inclusive
1801 2531 1951 2575 prosequi

1196 2578 1329 2611 debeant
1351 2583 1381 2611 et
1401 2584 1580 2612 teneantur.

1241 2627 1255 2672 ἓ
1275 2627 1306 2660 4.
1330 2627 1485 2671 Quodque
1506 2628 1747 2674 impetrationes
1772 2630 1810 2663 de
1829 2629 1949 2664 benefi-

1966 233 2013 259 Ᾰη.
2032 233 2061 259 C.
2081 233 2145 260 15111

1964 295 1984 315 in
2014 295 2147 320 impeti-nio-

1965 326 2025 345 nttms
2037 325 2148 345 beneflcio-

1965 362 2008 377 rum
2025 357 2095 384 ponit;
