2227 3001
273 272 321 297 Αη.
341 271 370 297 C.
388 271 453 298 0535

286 332 388 353 ruentis
406 339 455 368 quq·
470 328 523 356 tur
535 329 567 367 ut
585 324 717 357 cumbis
737 324 790 369 qui
802 324 974 357 Ecclesiam
993 327 1215 357 contemnunt.

272 367 454 419 ,33202255251'25

272 428 321 445 suast
357 426 453 448 mandat,

272 456 309 475 tub
333 457 398 481 pernis
419 456 452 476 hffc

271 488 384 511 ‘omentis
402 493 452 513 aua>
469 481 629 525 obsequiis
638 487 760 517 vacant„
774 487 1013 516 conversentur,
1026 481 1216 523 quodetiam

271 519 331 537 tenua
347 518 372 537 de
388 522 452 542 regno
470 533 475 540 .
598 535 604 541 ,
990 534 995 539 .

270 545 358 572 Anguste
382 542 451 568 diste<
468 534 538 566 illos
561 534 570 557 ¹
590 537 693 567 tacere
722 545 784 567 non
807 545 899 578 posse
920 534 1131 566 dubitandum
1153 538 1214 569 est.

270 578 329 600 dmm

516 263 580 297 ⁵200

470 376 545 409 dum
563 377 748 420 pracsertim
771 388 804 409 ex
822 387 933 409 eorum
955 375 1130 419 pertinacia
1148 386 1220 417 spes

470 429 716 471 corrigibilitatis
736 440 799 461 non
820 429 966 464 habetur,
989 429 1020 460 hi
1043 427 1219 471 quidivinis

468 586 610 619 omnium
633 592 660 618 et
683 586 1215 629 singularummetropolitanarum

467 646 495 673 ct
525 639 659 672 aliarum
692 640 925 673 cathedralium
952 644 1216 682 caeterarumque

468 692 654 726 inferiorum
668 692 875 725 ecclesiarum
893 699 919 725 et
934 692 1213 726 monasteriorum,

465 746 634 778 domorum
652 751 678 778 et
696 746 841 779 locorum
865 746 1088 787 religiosorum
1105 750 1132 777 et
1149 745 1216 788 pio-

465 808 536 830 rum
558 809 850 841 quorumcumque,
869 798 963 831 etiam
981 799 1011 831 S.
1035 797 1213 840 Augustini,

465 851 494 882 S.
515 850 695 886 Benedicti.
718 851 953 887 Cluniacensis,
977 850 1212 889 cisterciensis,

464 904 775 941 l'racmostratensis.
799 915 834 936 ac
858 904 1136 942 Praedicatorum,
1161 903 1214 935 Mi-

464 966 598 991 norum„
627 956 871 989 Carmelitarum
902 956 1104 999 aliorumque
1133 966 1214 999 quo-

464 1019 677 1052 rumcumque
687 1008 842 1042 Ordinum
863 1015 890 1042 et
907 1009 1100 1045 Militiarum,
1120 1009 1214 1041 etiam

463 1061 628 1104 hospitalis
648 1062 945 1106 Hierosolymitani,
968 1062 1135 1106 praelatis,
1158 1062 1213 1093 ab·

463 1115 600 1155 batibus,
627 1115 802 1159 prioribus.
821 1115 1098 1159 praeceptoribus,
1120 1125 1213 1159 prae-

463 1168 583 1212 positis,
606 1168 770 1205 ministris.
794 1169 992 1206 custodibus,
1015 1167 1211 1211 guardffinis,

463 1216 681 1252 conventibus.
695 1217 837 1250 monacis
853 1222 881 1250 et
900 1217 1075 1255 canonicis,
1087 1227 1213 1249 necnon

464 1266 695 1308 parochialium
707 1266 916 1299 ecclesiarum
935 1265 1116 1298 rectoribus
1131 1265 1215 1297 aliis-

462 1324 524 1356 que
544 1314 802 1357 quibuscumque
814 1314 960 1358 personis
976 1313 1211 1353 ecelesiasticis,

464 1362 494 1394 in
505 1373 603 1404 regno
615 1367 644 1395 et
664 1363 814 1396 dominiis
830 1362 1000 1406 praedictis
1010 1372 1213 1394 commoran-

464 1410 566 1450 tibus,
593 1412 652 1444 sub
677 1410 1019 1444 excommunicationis
1051 1421 1087 1442 ac
1109 1409 1212 1452 priva-

464 1458 556 1491 tionis
565 1459 877 1492 administrationum
895 1465 922 1491 et
939 1458 1131 1501 regiminum
1149 1469 1214 1491 mo-
1231 1453 1233 1480 l

461 1507 687 1547 nasteriorum‚
697 1508 898 1549 dignitatum,
908 1512 1149 1550 personatuum,
1161 1506 1214 1537 ad·
1231 1500 1234 1556 Ι

464 1556 733 1589 ministrationum
765 1567 800 1588 ac
830 1556 1008 1588 officiorum
1041 1555 1212 1587 canonica·
1232 1558 1234 1566 ⁴

464 1611 618 1647 tuumque
636 1610 663 1637 et
682 1605 951 1648 praebendarum.
978 1602 1211 1647 parochialium

463 1654 707 1687 ecclesiarumet
721 1654 857 1686 aliorum
868 1652 1101 1685 beneficiorum
1111 1652 1213 1685 eccle-

463 1701 661 1735 siasticorum
672 1701 1213 1744 quorumcumque‚quomodolibet

463 1751 720 1793 qualiticatorum
735 1778 741 1785 .
758 1762 816 1794 per
829 1761 884 1783 eos
898 1749 1139 1793 quomodolibet
1155 1749 1211 1781 ob-

464 1804 636 1837 tentorum,
647 1799 771 1842 poenis,
784 1799 1152 1841 mandamusquatenus,
1162 1797 1212 1829 in-

464 1848 508 1879 fra
519 1847 661 1891 quinque
677 1848 743 1880 dies
754 1853 944 1890 postomnes
952 1852 979 1879 et
992 1847 1134 1889 singulos
1148 1852 1212 1879 ter-

464 1897 566 1929 minos
587 1897 766 1940 praedictos
785 1897 922 1940 elapsos,
934 1896 973 1929 de
990 1896 1173 1939 ipsisregno
1183 1900 1214 1928 et

462 1945 623 1984 dominiis,
651 1944 789 1977 dimissis
814 1950 919 1976 tamen
940 1943 1101 1987 aliquibus
1121 1954 1213 1986 pres-

462 1993 578 2036 hyteris
589 1993 620 2026 in
640 1992 795 2029 ecclesiis,
818 2003 956 2035 quarum
973 1991 1214 2024 curanihabue-

463 2041 534 2081 rint,
552 2052 609 2085 pro
624 2041 875 2074 administrando
891 2040 1079 2084 baptismate
1096 2050 1212 2084 parvu-

462 2089 510 2129 lis,
538 2095 565 2122 et
596 2089 791 2134 poenitentia
815 2089 1055 2128 decedentibus,
1083 2099 1119 2121 ac
1143 2088 1214 2121 aliis

462 2138 669 2171 sacramentis
696 2137 937 2175 ecclesiasticis,
961 2148 1042 2180 quae
1067 2142 1213 2180 tempore

462 2186 619 2219 interdicti
641 2187 814 2219 ministrari
836 2187 1078 2230 permittuntur.
1102 2190 1214 2218 exeant
1232 2168 1235 2212 l
1254 2172 1314 2204 Osse

462 2240 491 2266 et
515 2235 690 2271 discedant,
704 2246 807 2278 neque
823 2236 861 2267 ad
874 2245 1008 2278 regnum
1026 2240 1053 2267 et
1072 2234 1214 2267 dominia

463 2284 844 2326 praedictarevertantur,
867 2284 969 2316 donec
986 2283 1097 2315 moniti
1113 2289 1141 2315 et
1159 2293 1212 2315 ex-

462 2331 702 2367 communicati,
724 2331 894 2373 aggravati,
918 2332 1123 2373 reaggravati,
1148 2330 1212 2373 pri-

462 2381 534 2420 vati,
549 2380 708 2412 maledicti
729 2386 759 2412 et,
779 2380 919 2412 damnati
937 2379 1089 2422 praedicti
1110 2380 1214 2413 moni-

458 2428 603 2461 tionibus
635 2433 664 2460 ct
693 2427 849 2460 mandatis
875 2428 990 2461 nostris
1027 2428 1212 2461 huiusmodi

461 2477 762 2519 obtemperaverint.
777 2482 806 2508 et
823 2477 996 2509 meruerint
1008 2476 1023 2500 2
1034 2487 1052 2509 a
1068 2477 1213 2510 censuris

462 2524 645 2558 huiusmodi
672 2524 881 2558 absolutionis
908 2525 1101 2558 beneficium
1127 2525 1210 2558 obti-

503 2592 514 2617 ¹
534 2591 564 2618 P.
586 2590 736 2618 Matthaeus
750 2590 825 2617 addit
842 2593 898 2616 tute
919 2590 959 2625 (a.
977 2591 1029 2625 τ.).
1093 2590 1208 2617 Cherub.

460 2634 522 2671 legit
540 2637 753 2676 obtemperantes
769 2637 918 2661 meruerint
937 2634 975 2668 (a.
993 2634 1045 2669 τε).

1064 271 1242 295 BULLARWM
1269 270 1419 295 ROMANUM

2025 266 2075 293 An.
2094 266 2120 293 C.
2142 268 2209 296 ¹535

1260 332 1348 361 nere,
1362 333 1418 354 seu
1436 321 1638 355 interdictum
1655 322 1685 353 in
1707 331 1804 363 regno
1815 325 1845 353 et
1859 320 2008 353 dominiis

1260 374 1430 417 praedictis
1450 373 1542 407 suerit
1564 374 1737 406 sublatum.

1303 427 1376 468 §lsi¹
1391 426 1605 462 Praetoremsi
1616 426 1797 469 praemissis
1806 436 1868 458 non
1882 425 2008 458 obstan·
2045 436 2164 471 *nucesque
2184 443 2206 460 et

1260 479 1354 514 tibus,
1377 479 1536 511 Henricus
1556 489 1621 516 rex,
1640 479 1825 521 complices,
1852 479 2004 518 fautores,
2022 466 2207 525 ζῖζζῖξζξζξξζιζ

1258 532 1478 567 adhaerentes,
1492 532 1691 564 consultores
1707 537 1734 564 et
1751 542 1903 574 sequaces
1914 542 2006 575 prae·
2022 530 2074 579 ξξξη·
2091 529 2206 582 ξῑιῧθέἰᾞ

1258 585 1332 617 dicti
1353 584 1384 616 in
1405 595 1517 617 eorum
1530 585 1706 628 pertinacia
1724 585 2004 628 perseveraverint,
2022 590 2138 617 cumrtices
2177 592 2204 614 de

1258 648 1315 670 nec
1336 636 1549 669 conscientiae
1564 637 1712 669 stimulus
1723 646 1776 669 eos
1786 637 1823 669 ad
1845 647 1901 669 cor
1915 622 2205 679 redu-{55¹¹‘L532322722

1258 690 1354 724 xerit,
1379 690 1409 721 in
1439 700 1551 722 eorum
1582 690 1662 722 sorte
1689 690 1829 733 potentia
1855 696 1883 722 et
1911 690 2008 723 armis

1257 743 1465 779 confidentes,
1478 752 1590 775 omnes
1599 749 1625 775 et
1644 742 1785 785 singulos
1801 742 1910 782 duces,
1922 754 2008 776 mar-

1256 796 1399 832 chiones,
1413 795 1545 827 comites
1565 800 1593 827 et
1611 795 1690 827 alios
1709 805 1933 839 quoscumque
1944 801 2006 829 tam

1256 849 1436 880 saeculares
1456 858 1552 890 quam
1575 847 1819 886 ecclesiasticos,
1842 848 1937 881 ctiam
1963 849 2010 882 so·

1256 912 1380 937 renses,
1406 901 1443 933 ‹le
1472 901 1553 932 t'acto
1574 900 1658 932 dicto
1678 900 1816 932 Heilrico
1836 900 1902 943 regi
1929 901 2007 935 obe—

1255 954 1388 989 dientes,
1412 953 1471 986 sub
1497 952 1641 986 eiusdem
1667 953 2007 988 excommunicationis

1254 1018 1289 1039 ac
1312 1005 1499 1049 perditionis
1519 1006 1679 1038 bonorum
1700 1015 1832 1038 suorum
1853 1006 2005 1050 (quae‚ut

1256 1060 1335 1091 infra
1363 1058 1499 1096 (licitur,
1529 1057 1674 1090 similiter
1700 1057 1895 1100 capientium
1915 1059 2005 1102 fiant)

1256 1112 1378 1157 poenis,
1402 1111 1598 1154 requirimus
1607 1115 1638 1143 et
1649 1121 1818 1144 monemus
1832 1117 2002 1155 quatenus,

1254 1165 1340 1198 omni
1362 1175 1451 1197 mora
1472 1169 1500 1196 et
1521 1163 1725 1196 excusatione
1746 1164 1933 1207 postposita,
1950 1176 2005 1199 eos

1254 1224 1282 1251 et
1304 1228 1416 1250 eorum
1444 1217 1586 1259 singulos
1605 1227 1641 1248 ac
1671 1215 1816 1259 ipsorum
1836 1217 1952 1252 milites
1972 1224 2003 1252 et

1254 1269 1488 1314 stipendiarios,
1520 1274 1584 1301 tam
1605 1274 1770 1311 equestres
1789 1280 1885 1312 quam
1906 1271 2004 1314 pede-

1254 1330 1344 1360 stres,
1367 1323 1510 1366 aliosque
1533 1332 1768 1365 quoscumque.
1786 1322 1842 1365 qui
1865 1323 1910 1356 eis
1930 1335 2003 1357 cum

1253 1377 1351 1409 armis
1361 1375 1505 1411 faverint,
1527 1376 1566 1407 de
1586 1385 1685 1417 regno
1706 1380 1736 1408 et
1755 1375 2005 1420 dominiisprae-

1254 1430 1357 1467 dictis,
1381 1429 1474 1461 etiam
1495 1427 1522 1459 vi
1543 1438 1721 1467 armorum,
1744 1427 1770 1460 si
1790 1438 1872 1471 opus
1887 1429 2001 1469 fuerit,

1253 1483 1431 1526 expellant;
1453 1492 1490 1513 ac
1511 1481 1596 1523 quod
1616 1480 1775 1513 Henricus
1803 1491 1859 1514 rex
1881 1487 1911 1515 et
1936 1482 2004 1516 eius

1253 1535 1439 1578 complices,
1463 1534 1613 1572 fautores,
1636 1533 1856 1574 adhaerentes,
1875 1536 2003 1569 consul-

1254 1593 1370 1621 tatores
1390 1592 1420 1619 et
1445 1597 1610 1630 sequaces,
1635 1586 1790 1619 mandatis
1808 1587 1925 1621 nostris
1938 1598 2002 1622 non

1252 1642 1512 1684 obtemperantes
1539 1638 1721 1682 praedictis,
1745 1639 1783 1671 de
1803 1638 2001 1682 civitatibuS,

1253 1694 1357 1731 terris,
1386 1693 1516 1733 castris,
1544 1692 1643 1732 villis,
1672 1692 1818 1735 oppidis,
1846 1693 2005 1728 fortalitiis

1252 1754 1305 1780 aut
1323 1746 1391 1779 aliis
1412 1745 1490 1779 locis
1510 1745 1601 1788 regni
1621 1750 1648 1777 et
1670 1744 1803 1777 dominii
1823 1746 2002 1789 praedicto-

1254 1811 1325 1833 rum
1346 1811 1378 1832 se
1399 1810 1464 1832 non
1485 1798 1711 1838 intromittant,
1733 1804 1924 1842 procurent;
1946 1800 2003 1841 eis,

1253 1854 1312 1887 sub
1327 1852 1476 1886 omnibus
1496 1857 1526 1884 et
1542 1851 1675 1893 singulis
1690 1852 1803 1895 poenis
1822 1853 2003 1896 praedictis,

1252 1906 1433 1939 inhibentes
1448 1915 1487 1937 ne
1509 1905 1538 1937 in
1558 1905 1697 1937 savorem
1722 1904 1852 1938 Henrici
1871 1906 2004 1950 eiusque

1253 1959 1462 2003 complicum,
1473 1958 1647 1994 santorum,
1660 1957 1916 1998 adhaerentium,
1930 1970 2005 1993 con—

1253 2013 1411 2045 sultorum
1434 2016 1464 2043 et
1482 2009 1669 2053 sequacium
1685 2009 1888 2054 aliorumque
1905 2012 2005 2045 moni-

1253 2072 1360 2098 torum
1382 2062 1789 2106 praedictorummandatis
1808 2063 1926 2097 nostris
1939 2075 2004 2098 non

1253 2115 1557 2160 obtemperantium,
1580 2125 1668 2148 arma
1689 2115 1860 2149 cuiuslibet
1879 2118 2005 2160 generis

1319 2170 1404 2203 nsiva
1425 2175 1454 2203 et
1474 2168 1653 2208 defensiva,
1681 2168 1846 2202 machinas
1874 2181 2004 2214 quoque

1253 2223 1383 2256 bellicas
1408 2233 1464 2255 seu
1490 2226 1648 2254 tormenta
1662 2221 1852 2264 (artellarias
1876 2233 2005 2257 nuncu-

1254 2278 1338 2320 pata)
1358 2280 1482 2308 sumant
1505 2279 1556 2307 aut
1585 2280 1713 2307 teneant
1744 2286 1801 2308 seu
1826 2275 1887 2309 illis
1914 2282 2005 2310 utan-

1253 2336 1317 2368 tur,
1340 2334 1392 2362 aut
1410 2333 1549 2361 armatos
1564 2327 1700 2371 aliquos,
1724 2334 1851 2371 praeter
1867 2340 2003 2364 consue-

1252 2388 1316 2414 tam
1334 2381 1499 2420 familiam,
1517 2381 1901 2424 parent;autabllenrico
1914 2394 2001 2427 rege,

1253 2429 1468 2474 complicibus
1482 2455 1489 2469 ‚
1512 2429 1710 2470 fautoribus,
1733 2430 2000 2471 adhaerentibus,

1253 2477 1492 2511 consultoribus
1512 2482 1542 2510 et
1551 2478 1744 2521 sequacibus
1762 2479 1810 2512 vel
1825 2479 1897 2514 aliis
1908 2479 1940 2516 in
1950 2490 2002 2514 re-

1251 2525 1299 2568 gis
1309 2526 1410 2570 ipsius
1427 2526 1565 2559 savorem
1581 2532 1726 2571 paratos,
1745 2527 2000 2571 quomodolibet,

1251 2575 1362 2618 quavis
1369 2575 1539 2608 occasione
1549 2575 1597 2609 vel
1607 2585 1714 2616 causa,
1727 2586 1784 2621 per
1795 2587 1830 2610 se
1840 2577 1889 2611 vel
1901 2576 2003 2613 aliu-m

1252 2632 1306 2656 seu
1328 2622 1418 2663 alios,
1441 2623 1571 2667 publice
1589 2624 1637 2659 vel
1655 2625 1793 2666 occulto,
1815 2623 1935 2664 directe
1953 2625 2002 2664 vel

1233 2134 1235 2142 r

1233 2145 1235 2159 l
