2227 3001
278 261 304 287 C.
328 261 388 287 15!ss

451 250 516 285 308

406 319 493 347 ctum
524 312 742 358 praesentium
769 312 932 343 dumtaxat
958 321 1154 354 consequen—

404 368 494 404 dum,
506 368 622 399 harum
638 365 719 398 serie
734 364 932 397 absolventes
947 368 975 395 et
991 363 1154 396 absolutos

404 421 471 453 fore
492 425 672 455 censentes:
695 427 820 450 necnon
838 418 1002 449 fructuum
1017 443 1024 456 ,
1047 417 1153 449 reddi-

404 480 495 507 tuum
524 480 551 506 et
581 477 793 516 proventuum
814 471 917 503 dictae
942 470 1153 503 confraterni-

403 528 474 560 tatis
491 537 601 560 verum
617 536 761 558 amnium
773 525 913 557 valorem
932 524 1154 567 praesentibus

405 591 462 624 pro
483 579 639 623 expressis
659 579 824 614 habentes,
852 578 997 621 ipsorum
1026 578 1153 609 confra-

404 641 489 667 trum
510 633 800 677 supplicationibus
820 632 851 664 in
872 632 932 664 hac
952 636 1041 675 parte
1066 630 1155 663 incli-

402 688 480 725 nati,
503 686 735 719 institutionem
756 683 1025 718 confraternitatis
1044 683 1155 715 huius-

404 740 491 773 modi
511 751 546 772 ac
567 748 792 783 quaecumque
818 742 932 769 statuta
963 741 990 769 et
1023 736 1153 768 ordina-

402 793 506 826 tiones
522 804 579 836 per
599 792 727 825 eosdem
738 791 914 824 confratres
930 789 1024 826 edita,
1043 794 1154 821 aucto-

403 847 494 879 ritate
516 845 704 890 apostolica,
727 850 837 877 tenore
865 842 1096 887 praesentium,
1120 853 1155 875 cx

404 905 490 933 certa
509 905 618 932 nostra
638 898 769 931 scientia
790 897 1008 940 approbamus
1033 902 1062 928 et
1078 906 1155 928 con-

404 954 590 989 firmamus,
620 952 806 995 supplentes
831 961 943 983 omnes
963 956 991 982 et
1013 949 1156 992 singulos

405 1006 483 1039 iuris
499 1012 527 1038 et
550 1005 622 1038 facti
639 1005 794 1041 defectus,
817 1003 840 1035 si
862 1004 916 1046 qui
934 1004 1039 1035 forsan
1058 1003 1156 1035 inter-

403 1060 545 1093 venerint
567 1059 599 1091 in
620 1059 752 1092 eisdem.

449 1113 464 1156 ξ
496 1113 527 1145 3.
561 1114 730 1156 Ipsamque
765 1110 1074 1145 confraternitatem,
1097 1109 1157 1141 sub

1001 256 1180 282 BULLARIUM
1200 258 1351 282 ROMANt'M

1197 321 1254 353 pro
1292 315 1437 353 tempore
1471 309 1697 347 existentibus,
1725 319 1780 342 seu
1805 309 1946 353 aliquam

1196 374 1305 397 curam
1327 364 1364 396 de
1385 364 1753 404 archiconfraternitate,
1777 364 1946 397 confratri-

1195 418 1272 457 bus,
1299 417 1452 455 ecclesia,
1474 418 1701 460 hospitalibus,
1740 418 1889 451 domibus
1918 423 1948 450 et

1197 470 1397 503 monasteriis
1409 482 1444 503 ac
1461 470 1590 503 illorum
1607 472 1726 505 fabrica
1741 471 1944 511 habentibus,

1197 534 1322 556 necnon
1344 524 1488 567 personis
1509 524 1586 556 inibi
1606 536 1665 567 pro
1685 531 1829 568 ternpore
1853 525 1947 557 dece-

1196 577 1344 610 dentibus
1365 588 1419 609 seu
1437 577 1474 609 de
1490 577 1582 609 bonis
1598 577 1663 610 suis
1678 589 1737 621 pro
1757 579 1849 611 dictis
1869 589 1947 622 ope-

1197 630 1286 662 ribus
1306 630 1426 674 aliquid
1448 630 1718 673 relinquentibus,
1740 632 1827 674 quod
1843 632 1948 664 omni-

1197 682 1256 715 bus
1276 688 1304 715 et
1325 683 1458 726 singulis
1479 683 1662 727 privilegiis,
1680 684 1947 727 exemptionibus

1198 736 1409 775 libertatibus,
1432 736 1700 775 immunitatibus,
1723 736 1946 779 indulgentiis,

1198 789 1293 821 etiam
1314 789 1477 833 plenariis,
1509 794 1537 821 et
1563 794 1770 833 peccatorum
1792 789 1950 822 remissio-

1198 843 1292 875 nibus
1312 854 1348 876 ac
1368 843 1438 876 aliis
1457 843 1565 885 gratiis
1581 843 1801 886 spiritualibus
1820 848 1850 875 et
1868 848 1950 875 tem-

1199 897 1375 940 poralibus,
1411 897 1543 939 Imagini
1569 897 1674 930 Sancti
1709 896 1878 929 Salvatoris
1912 897 1951 929 ad

1199 952 1313 983 Sancta
1333 952 1536 988 Sanctorum,
1553 962 1588 983 ac
1608 951 1764 989 Caritatis,
1784 949 1950 984 arcliihos—

1199 1003 1287 1047 pitali
1304 1004 1409 1037 Sancti
1426 1004 1542 1041 lacobi,
1555 1009 1583 1036 et
1601 1003 1750 1047 hospitali
1763 1003 1869 1036 Sancti
1881 1003 1950 1047 Spi-

1200 1057 1279 1089 ritus
1299 1057 1329 1089 in
1351 1057 1454 1096 Saxia,
1473 1068 1507 1089 ac
1528 1057 1680 1100 Corporis
1696 1056 1822 1096 Christi,
1843 1062 1874 1089 et
1893 1056 1949 1090 Sa-

1200 1111 1366 1147 cranienti,
1387 1122 1423 1143 ac
1443 1111 1554 1154 Campi
1575 1110 1680 1143 Sancti
1697 1116 1726 1144 et
1737 1110 1807 1143 aliis
1823 1111 1950 1143 confra-

1961 254 2010 281 An.
2028 253 2057 280 C.
2076 253 2140 281 ίδῧΙ

405 1167 517 1199 Beatac
553 1166 668 1199 Mariae
702 1163 894 1197 Visitationis
930 1163 1157 1206 Orphanorum
1177 1171 1180 1209 Ι
1199 1164 1301 1196 tribus
1336 1164 1635 1197 confraternitatum
1669 1164 1707 1196 de
1736 1163 1819 1195 dicta
1844 1163 1923 1196 urbe
1942 1190 1949 1199 ,

404 1231 460 1253 seu
482 1219 563 1259 alia,
586 1219 624 1252 de
645 1230 709 1262 qua
729 1217 847 1250 eisdem
876 1216 1092 1249 confratribus
1112 1215 1157 1247 vi-
1200 1228 1326 1250 necnon
1347 1217 1466 1250 eisdem
1487 1217 1632 1260 Imagini,
1661 1223 1691 1250 et
1710 1217 1949 1261 arcbihospitali

404 1273 547 1313 debitur,
577 1272 786 1309 invocatione,
807 1281 866 1314 pro
882 1275 925 1302 tot
944 1268 1158 1302 confratribus
1201 1271 1307 1304 Sancti
1329 1271 1444 1307 las-obi,
1466 1277 1496 1303 et
1511 1269 1660 1314 hospitali
1678 1270 1783 1303 Sancti
1804 1270 1951 1314 Spiritus,

405 1338 459 1360 seu
482 1327 649 1369 utriusque
675 1336 766 1358 sexus
796 1323 957 1367 personis,
984 1328 1059 1366 quot
1087 1333 1155 1354 eant
1201 1335 1237 1357 ac.
1257 1324 1377 1367 Campo
1398 1324 1526 1361 Sancto,
1554 1334 1681 1356 necnon
1702 1323 1841 1356 fabricae
1865 1323 1950 1356 basi-

404 1380 527 1423 ingredi
546 1379 717 1415 voluerint,
740 1378 777 1410 de
793 1387 873 1409 novo
895 1376 1047 1417 erigimus
1064 1380 1091 1407 et
1114 1376 1158 1407 in-
1179 1405 1182 1422 ,
1202 1377 1280 1409 licae
1314 1376 1472 1421 Principis
1505 1377 1731 1420 Apostolorum
1767 1376 1805 1409 de
1840 1375 1950 1409 eadem

220 1180 243 1200 Εῑ
259 1181 283 1200 ste
295 1185 348 1200 novo
361 1181 390 1199 tn-

207 1212 306 1232 stituitur.

230 1548 251 1568 ln
278 1548 391 1568 art-hiron<

208 1580 362 1600 fraternitatem
372 1584 393 1599 e-

208 1612 289 1636 rigitur.

240 2385 354 2411 privilegia
378 2387 399 2405 et

405 1434 578 1466 stituimus.

449 1488 464 1530 ξ
483 1488 515 1520 4.
538 1488 692 1530 lllamque
715 1486 745 1518 in
771 1483 1156 1518 archiconfraternitatcut

406 1546 567 1584 caputque
596 1540 741 1573 omnium
776 1538 912 1571 aliarum
945 1536 1158 1569 confraterni-

407 1600 506 1627 tatum
523 1605 559 1627 ac
570 1593 790 1637 hospitalium,
808 1597 835 1623 et
850 1591 989 1624 aliorum
1005 1600 1159 1632 quorum-

407 1648 484 1681 libet
520 1649 667 1681 locorum
706 1645 893 1679 eorumdem
937 1645 1157 1687 orphanorum

407 1712 584 1746 puerorum
613 1706 642 1733 et
670 1700 852 1743 puellarum
877 1697 1012 1730 ubilibet
1034 1696 1159 1729 institu-

407 1761 511 1788 tarum
524 1760 554 1787 et
565 1752 833 1786 instituendarum
846 1750 1159 1785 confraternitatum,

407 1815 443 1837 ac
460 1809 643 1837 erectorum
661 1808 689 1835 et
706 1802 935 1845 erigendtjwunt
953 1798 1159 1843 hospitalium

407 1865 443 1887 ac
465 1855 610 1886 locorum
632 1861 809 1896 puerorum
836 1855 863 1883 et
892 1849 1074 1893 puellarum
1100 1848 1160 1880 hu-

408 1902 558 1941 iusmodi,
590 1901 778 1934 auctoritate
795 1904 825 1932 et
841 1905 951 1931 tenore
972 1909 1007 1930 ac
1029 1897 1159 1929 scientia

409 1951 580 1995 praedictis
593 1951 619 1989 1,
633 1949 816 1983 immediate
828 1947 1028 1982 subiicimus,
1040 1951 1067 1978 et
1086 1946 1160 1978 faci-

410 2012 481 2033 inus
501 2000 645 2033 membra
667 1999 705 2031 ab
729 1995 1083 2031 archiconfraternitate
1104 1995 1162 2026 liu-

410 2050 549 2083 iusmodi
565 2047 789 2092 dependentia.
812 2047 857 2078 lta
877 2045 963 2088 quod
985 2044 1162 2077 confrater-

410 2099 522 2131 nitates
542 2103 571 2131 et
596 2097 767 2141 hospitalia
787 2107 822 2128 ac
848 2096 918 2127 loca
939 2094 1000 2126 illis
1021 2093 1162 2125 subiecta

411 2153 441 2181 et
466 2148 504 2180 ab
532 2147 576 2180 eis
603 2145 816 2190 dependentia
841 2142 1027 2176 huiusmodi
1061 2142 1162 2185 ipsam

412 2196 705 2229 confraternitatem
724 2194 769 2226 uti
785 2204 897 2226 eorum
915 2191 1114 2235 superiorem
1132 2191 1163 2223 in

411 2246 520 2289 aliquo
541 2246 651 2278 saltem
677 2242 876 2277 reverentiali
897 2239 1077 2274 obedientia
1098 2240 1163 2272 sin-

412 2295 496 2338 gulis
520 2294 611 2326 annis
636 2302 867 2336 recognoscere.
889 2295 1073 2323 teneantur.

457 2345 471 2387 ξ
496 2345 526 2377 5.
554 2344 683 2376 Necnon
704 2339 1065 2374 archiconfraternitatis
1085 2349 1162 2370 con-

1178 1429 1182 1449 ¹
1202 1430 1294 1468 urbe,
1308 1430 1459 1473 illiusque
1476 1430 1647 1473 deputatis,
1670 1440 1859 1473 eorumque,
1879 1440 1953 1462 nec-

1202 1492 1266 1514 non
1288 1483 1400 1515 Beatae
1417 1482 1531 1515 Mariae
1552 1483 1590 1514 de
1608 1483 1743 1526 Populo,
1759 1487 1787 1515 et
1800 1482 1952 1515 Consola—

1202 1535 1308 1576 tionis,
1331 1547 1367 1569 ae
1396 1537 1502 1569 Sancti
1535 1536 1662 1568 loannis
1694 1535 1953 1569 Florentinorum

1202 1590 1336 1633 aliisque
1357 1589 1499 1623 eiusdem
1521 1590 1610 1623 urbis
1630 1590 1784 1629 ecclesiis,
1804 1600 1839 1622 ac
1855 1589 1908 1623 illa
1924 1595 1954 1622 et

1202 1642 1272 1676 illas
1299 1643 1496 1677 visitantibus
1515 1644 1563 1676 vel
1587 1644 1632 1676 eis
1660 1643 1950 1684 benefacientibus,

1202 1708 1381 1741 eorumque
1401 1697 1733 1735 administratoribus,
1755 1697 1950 1739 guardianis,

1203 1751 1394 1789 rectoribus,
1418 1750 1648 1788 familiaribus,
1675 1750 1872 1790 oeconomis,
1894 1761 1952 1793 gu-

1203 1804 1428 1837 bernatoribus
1448 1810 1477 1837 et
1498 1804 1567 1837 aliis
1587 1804 1732 1847 personis
1747 1804 1883 1837 similem
1900 1815 1954 1837 cu-

1206 1869 1271 1890 ram
1294 1858 1325 1890 in
1350 1859 1395 1891 eis
1415 1859 1628 1896 sumentibus,
1651 1869 1686 1891 ac
1708 1857 1906 1902 pauperibus
1925 1862 1956 1890 et

1204 1912 1341 1944 infirmis
1361 1923 1492 1952 eorum,
1521 1912 1615 1945 etiam
1640 1923 1699 1955 per
1722 1922 1781 1945 nos
1806 1916 1836 1944 et
1860 1922 1955 1955 quos-

1205 1976 1344 2009 cumque
1378 1966 1538 1998 Romanos
1562 1965 1732 1998 Pontifices
1764 1965 1954 2008 praedeces-

1205 2030 1293 2051 sores
1326 2024 1356 2051 et
1384 2030 1586 2052 successores
1616 2023 1741 2051 nostros
1771 2029 1807 2051 ac
1841 2018 1955 2051 Sedem

1205 2073 1350 2105 eamdem
1368 2072 1528 2105 concessis
1548 2077 1578 2104 et
1599 2071 1824 2111 concedendis,
1838 2076 1869 2105 et
1883 2072 1955 2115 qui-

1206 2125 1265 2158 bus
1282 2125 1339 2166 illi,
1358 2126 1429 2158 illae
1450 2131 1480 2158 et
1500 2125 1552 2157 illa
1568 2130 1716 2163 utuntur,
1738 2124 1907 2169 potiuntur
1926 2130 1957 2157 et

1206 2180 1356 2222 gaudent,
1371 2191 1407 2212 ac
1424 2180 1482 2220 uti,
1496 2179 1591 2223 potiri
1607 2185 1635 2212 et
1652 2179 1791 2222 gaudere
1804 2184 1955 2223 poterunt

1206 2234 1449 2277 quomodolibet
1478 2234 1509 2266 in
1542 2234 1700 2270 futurum,
1737 2233 1955 2266 archiconfra-

1206 2287 1338 2320 ternitas
1357 2288 1470 2320 Beatae
1484 2287 1599 2320 Mariae
1620 2286 1812 2319 visitationis
1832 2286 1954 2330 Orpha-

1206 2351 1323 2373 norum
1342 2340 1491 2384 illiusque
1508 2340 1693 2380 confratres,
1712 2340 1859 2379 ecclesia,
1880 2341 1955 2373 hof-

216 2418 358 2438 ,ndupenme
375 2423 400 2436 b
413 2393 577 2433 fratribus,
595 2391 760 2430 eeclesiae,
777 2389 1001 2434 hospitalibus,
1016 2388 1165 2420 domibus

217 2433 290 2483 ’ῑέ’ψῖ
306 2449 398 2485 Ιῦῖοψω
414 2448 444 2476 et
464 2442 664 2475 monasteriis
688 2440 870 2484 praedictis,
893 2439 1088 2480 illorumque
1108 2437 1164 2469 ad-

216 2486 297 2531 flii'iaussu
323 2478 401 2530 [fciijl
416 2491 685 2525 ministratoribus
699 2517 706 2530 ,
741 2488 1026 2532 gubernatoribus,
1059 2491 1164 2519 recto-

218 2541 365 2563 ⁰⁰nff³²0f¹¹ff¹*
382 2546 403 2561 ⁰·
416 2542 517 2582 ribus,
536 2539 732 2577 oeconomis,
756 2537 977 2576 familiaribus,
996 2535 1162 2573 ministris,

217 2575 291 2600 iusque
305 2573 402 2599 personis
501 2590 507 2596 ,
703 2588 708 2593 .
846 2586 863 2591 ..
966 2597 970 2598 ⁷
1024 2586 1029 2590 .
1069 2584 1074 2589 .
1141 2584 1147 2589 .

218 2604 370 2626 conceduntur.
417 2601 526 2635 pueris
553 2595 583 2623 et
611 2589 727 2633 puellis
752 2598 787 2620 ac
812 2587 882 2619 alus
903 2596 1048 2629 personis
1068 2595 1099 2616 m
1121 2595 1165 2617 eis

1206 2394 1313 2438 pitalis
1326 2421 1333 2435 ,
1356 2395 1471 2427 domus
1487 2400 1515 2427 et
1532 2394 1735 2435 monasteria,
1758 2393 1957 2426 administra-

1206 2453 1312 2487 tores,
1348 2454 1508 2486 rectores,
1544 2449 1730 2489 servitores,
1765 2447 1954 2485 familiares,

1207 2498 1356 2537 ministri,
1369 2499 1537 2531 oeconomi
1554 2504 1582 2531 et
1598 2499 1829 2541 gubernatores
1842 2497 1957 2530 huius-

1207 2548 1311 2587 modi,
1341 2547 1486 2591 aliaeque
1510 2559 1667 2592 personae
1687 2548 1823 2581 similem
1845 2557 1955 2580 curam

1207 2596 1283 2628 inibi
1309 2602 1470 2629 sumentes·
1494 2608 1529 2630 ac
1556 2598 1609 2630 illa
1641 2597 1801 2629 risitantes
1832 2596 1880 2628 vel
1912 2596 1956 2628 eis

453 2653 832 2685 1Βεθεῑῐοῐῐεενίςίηιιιεαοει·
844 2651 1052 2676 ῑηιηιειιιάιορῑς.
1065 2646 1163 2681 (a.·r.).
1182 2663 1189 2703 l
1207 2644 1461 2686 benefacientes,
1498 2657 1533 2678 ex
1570 2656 1656 2679 nunc
1690 2645 1723 2678 in
1760 2648 1955 2688 perpetuum
