2227 3001
52 247 101 274 An.
118 246 147 274 C.
166 245 232 274 itm

55 1539 170 1560 Publicatio
187 1538 225 1559 1111-

42 1573 99 1592 iusce
122 1572 225 1591 eonstitu-

42 1603 105 1623 tionis
127 1603 147 1621 in
168 1601 226 1627 mpi-

42 1635 91 1655 tu'is
110 1633 210 1654 iacienda.

887 242 1004 266 PAULth
1028 243 1061 267 ΠΙ
1086 244 1131 265 ΙῬ.

247 298 404 338 ctoritate,
423 302 533 330 tenore
553 296 769 340 praesentium
782 296 951 329 statuimus
967 302 992 329 et

246 351 434 384 ordinamus
453 350 539 394 quod
566 360 677 382 omnes
697 354 727 382 et
743 350 858 393 singuli
880 350 911 383 in
933 351 995 383 ele·
1038 372 1061 410 Q

246 405 407 438 ctionibus
423 403 608 437 huiusmodi
634 414 743 436 vocem
764 404 917 437 habentes
940 410 993 437 aut

245 458 277 491 in
297 457 342 490 eis
357 456 600 500 quomodolibet
615 456 872 498 intervenientes,
891 457 995 490 cuius-

244 522 383 554 cumque
398 511 528 553 gradus,
546 515 645 543 status
660 511 706 543 vel
723 511 993 544 conditionissue-

244 564 323 603 rint,
346 564 402 607 qui
414 564 446 596 in
467 563 679 597 electionibus
698 563 774 608 ipsis
786 575 843 597 seu
860 564 871 586 1
886 564 992 608 publi-

242 618 372 658 candis,
403 628 500 661 quam
531 617 608 649 alias
636 617 941 661 quomodocumque
964 623 991 650 et

241 671 522 715 qualitercumque
545 670 691 703 fraudem
705 698 712 711 ,
731 671 899 704 salsitatem
914 698 921 711 ,
939 672 992 704 do-

241 725 326 765 lum,
354 724 509 757 malitiam
538 725 586 758 rel
609 725 827 768 corruptelam
855 725 993 758 scienter

241 779 474 819 commiserint,
488 790 544 812 seu
560 779 835 812 committentibus
843 779 993 812 adhaese-

240 833 316 874 rint,
340 844 397 866 seu
412 833 552 876 desuper
571 832 803 873 consenserint,
827 838 882 865 aut
905 833 991 865 sran-

239 887 325 928 dem,
344 886 524 927 salsitatem,
544 887 710 927 malitiam,
729 887 838 919 dolum
856 887 902 919 vel
920 898 991 920 cor-

240 940 400 984 ruptelam
411 940 596 973 huiusmodi
605 951 668 973 non
676 940 896 977 revelaverint,
909 941 990 973 ultra

240 993 318 1025 alias
332 1004 485 1025 censuras
500 998 527 1025 et
546 1004 677 1037 poenas,
696 999 758 1025 tam
775 1004 792 1025 a
808 993 878 1026 iure
894 1005 989 1037 quam

239 1057 298 1090 per
317 1046 562 1079 constitutiones
583 1058 639 1079 seu
664 1045 828 1089 privilegia
849 1045 990 1079 eiusdem

239 1100 496 1144 congregationis
506 1099 866 1133 51111311351111310513135·
881 1105 908 1132 ct
920 1111 992 1143 pro-

238 1155 395 1197 mulgatas
410 1165 466 1187 seu
483 1155 634 1194 inflictas,
651 1153 992 1186 excommunicationis

238 1209 442 1247 sententiam,
461 1220 476 1240 a
493 1220 566 1251 qua,
583 1208 737 1241 nonnisia
754 1208 898 1239 Romano
911 1208 992 1240 Pon-

238 1257 338 1297 titiee,
365 1263 492 1301 praeter
519 1268 615 1301 quam
642 1257 674 1289 in
699 1256 811 1289 mortis
840 1256 989 1296 articulo,

237 1306 356 1339 absolvi
377 1306 511 1350 possint,
525 1317 562 1339 00
582 1306 650 1350 ipso
668 1305 847 1344 incurrant,
865 1305 990 1337 etnilii-

239 1354 380 1389 lominus
400 1356 438 1387 ab
468 1366 581 1388 eorum
603 1354 826 1399 superioribus
858 1354 990 1388 arbitrio

239 1401 296 1437 suo
314 1405 462 1437 mulctari
479 1410 506 1437 et
526 1404 633 1448 puniri
654 1403 775 1447 possint
793 1408 823 1436 et
839 1404 986 1437 debeant.

283 1454 347 1498 5⁹2.
378 1454 562 1486 Mandantes
590 1453 753 1486 modernis
783 1453 886 1485 dictae
912 1464 990 1486 con-

239 1503 434 1546 gregationis
450 1503 549 1548 priori
565 1502 706 1546 generali
724 1507 754 1535 et
774 1502 991 1536 visitatoribus

240 1553 424 1585 huiusmodi
447 1558 606 1596 quatenus
626 1557 810 1595 praesentes
830 1551 940 1585 literas
958 1552 991 1585 in

241 1612 353 1634 eorum
383 1601 550 1644 capitulis,
581 1606 617 1633 ut
642 1601 680 1633 ad
711 1600 882 1639 omnium,
910 1612 991 1644 quos

241 1656 460 1691 concernunt,
489 1650 635 1683 notitiam
662 1650 811 1682 devenire
844 1650 988 1693 possint,

240 1700 422 1743 publicent,
445 1711 500 1733 seu
522 1699 680 1743 publicari
700 1699 832 1732 faciant:
852 1710 916 1732 non
932 1701 989 1733 ob-

241 1749 397 1782 stantibus
416 1749 601 1792 apostolicis
629 1760 665 1781 ac
687 1748 789 1781 dictae
817 1759 992 1792 congrega-

240 1798 336 1831 tionis
356 1798 638 1831 constitutionibus
664 1804 694 1830 ct
718 1797 988 1835 ordinationibus,

241 1847 414 1892 privilegiis
429 1859 576 1891 quoque,
595 1847 726 1879 indultis
746 1852 776 1879 et
795 1847 895 1879 literis
916 1858 992 1891 apo-

241 1898 360 1931 stolicis
379 1897 543 1940 quibusvis
564 1896 736 1935 concessis,
759 1896 944 1940 approbatis
960 1903 989 1930 et

241 1947 414 1987 innovatis,
437 1946 607 1979 contrariis
631 1946 909 1990 quibuscumque,
937 1954 989 1980 aut

239 1996 264 2029 si
284 1995 457 2040 aliquibus,
486 1996 703 2028 communiter
722 1996 769 2028 vel
795 1995 930 2034 divisim,
953 1997 991 2028 ab

240 2045 423 2089 Apostolica
444 2045 483 2077 sit
506 2045 585 2078 Sede
604 2044 765 2077 indultum
785 2045 871 2088 quod
897 2045 992 2077 inter-

239 2094 312 2135 dici,
325 2094 475 2138 suspendi
487 2094 535 2127 vel
551 2094 823 2127 excommunicari
839 2104 903 2126 non
918 2105 991 2137 pos-

240 2143 303 2177 sint
324 2155 382 2188 per
406 2143 513 2177 literas
540 2154 605 2176 non
629 2144 781 2176 facientes
806 2144 934 2186 plenam
961 2149 991 2176 et

240 2204 422 2237 expressam
443 2204 479 2225 ac
500 2192 538 2226 de
558 2193 654 2226 verbo
675 2193 713 2225 ad
739 2193 871 2225 verbum
893 2193 931 2226 de
948 2193 992 2225 in-

241 2243 329 2275 dulto
350 2242 536 2275 huiusmodi
553 2242 760 2275 mentionem.

284 2291 398 2323 Datum
415 2291 532 2324 Romae
548 2292 632 2335 apud
650 2291 680 2324 S.
695 2291 849 2330 Marcum,
865 2290 924 2324 sub
937 2302 991 2324 an-

242 2340 319 2373 nulo
330 2340 510 2380 piscatoris,
523 2340 573 2373 die
586 2351 648 2373 xxu
657 2340 848 2385 septembris
860 2350 991 2380 itnxtln,

242 2389 447 2433 pontificatus
466 2390 566 2423 nostri
586 2401 671 2424 anno
691 2401 733 2424 IX.

298 2443 360 2486 Dat.
375 2443 422 2473 die
441 2443 478 2473 22
497 2448 569 2483 sept.
587 2444 672 2481 1543,
689 2444 791 2483 pontis.
808 2453 883 2474 anno
900 2453 938 2474 lx.

279 2507 289 2532 1
308 2507 405 2534 Locum
421 2506 493 2533 hunc
508 2507 541 2533 ita
554 2506 659 2542 supplet
675 2507 840 2534 Tomasinus:
861 2516 905 2533 sea
921 2509 992 2533 circa

241 2554 300 2578 illas
317 2555 354 2578 uel
373 2554 484 2578 illarum
501 2554 726 2585 circmnstrmtias,
745 2557 799 2578 tam
820 2555 848 2579 11η
863 2552 992 2579 scrutinio

241 2600 265 2622 et
282 2598 505 2623 nominationibus
521 2597 647 2630 faciendis
662 2606 706 2623 seu
723 2601 773 2624 etc.
792 2597 906 2624 Annales
927 2598 990 2623 Can.

241 2640 344 2668 saecul.
359 2640 387 2668 S.
405 2640 511 2676 Georgii
528 2641 553 2667 in
572 2640 645 2676 Aiga.
665 2641 737 2668 Utini
759 2641 826 2669 1642
843 2642 881 2677 (11.
899 2641 949 2677 Τ.).

322 2685 396 2716 Ball.
420 2684 494 2716 Rom.
518 2685 572 2716 Vol.
594 2685 637 2717 Vl.
835 2686 872 2717 47

1679 231 1742 265 :369

1370 294 1414 327 LI.

1064 372 1124 405 111111
1143 382 1256 404 caus-ae
1277 375 1344 403 [11111
1371 370 1477 402 civiles
1511 379 1607 412 quam
1634 369 1787 401 crimina-

1080 426 1122 457 les
1142 430 1170 458 el
1190 426 1312 457 11111111111]
1329 424 1517 467 prouinciae
1536 422 1702 455 Marcln'ae
1721 422 1787 454 An-

1079 479 1262 518 conz'cauae,
1285 488 1393 510 coram
1427 477 1583 510 iudicibus
1608 477 1786 508 ordinariis

1076 543 1136 575 pro
1159 537 1295 574 ternpore
1310 535 1426 570 motae,
1444 531 1540 563 donec
1559 530 1594 561 ίη
1611 530 1720 572 primu
1739 530 1787 561 in—

1079 586 1203 618 3111111111
1222 585 1453 627 pepi‘mlcri‘nt,
1476 594 1541 616 non
1566 583 1691 625 possint
1711 593 1785 614 avo-

1079 639 1333 680 ε(11·1”]11’111’11’,1’111
1354 638 1525 669 literarum
1545 636 1703 668 ‹citslz'torc's
1725 635 1786 668 Ca-

1078 702 1185 723 merac
1217 692 1262 723 rel
1290 691 1530 733 appellatamis,
1562 694 1590 722 et
1618 689 1787 722 111111111111111)

1080 755 1192 777 causan
1219 745 1326 776 civiles
1359 744 1536 776 biscenlemt
1564 743 1694 776 1111011103
1721 754 1784 776 rnon

1079 797 1232 829 excedant
1250 796 1275 829 ¹.

1080 888 1177 918 Paulus
1192 889 1262 923 Papa
1281 888 1326 921 111,
1343 888 1376 915 ad
1389 887 1512 915 futuram
1526 887 1566 915 rei
1581 887 1746 915 memoriam.

1078 969 1170 1001 Decet
1185 969 1366 1001 Romanum
1383 968 1583 1007 Pontificem,
1595 968 1625 1000 111
1634 979 1786 1010 suprema

1036 1023 1172 1055 iustitiae
1189 1022 1262 1054 sede
1279 1022 1500 1059 constitutum,
1512 1022 1550 1054 ad
1565 1033 1601 1053 ea
1617 1021 1786 1064 diligenter

1035 1075 1211 1113 intendere,
1234 1085 1291 1117 per
1311 1085 1393 1117 quae
1416 1075 1558 1117 personis
1574 1075 1782 1118 quibuslibet,

1034 1128 1223 1172 praesertim
1253 1127 1345 1159 nobis
1378 1132 1405 1159 et
1435 1127 1596 1160 Romanae
1624 1128 1784 1161 Ecclesiae

1034 1182 1217 1214 imnwdiate
1238 1181 1401 1220 subiectis,
1424 1180 1542 1213 institia
1563 1181 1710 1213 celeriter
1728 1182 1784 1214 ad-

1034 1236 1244 1273 ministretur,
1267 1239 1297 1266 et
1316 1234 1448 1273 delicta,
1471 1245 1554 1277 quae
1575 1246 1632 1277 per
1657 1235 1784 1267 easdem

1034 1300 1187 1332 personas
1203 1289 1234 1321 in
1251 1289 1318 1321 dies
1334 1287 1592 1327 committuntur,
1606 1288 1711 1321 debite
1728 1300 1785 1332 pu-

1033 1343 1181 1380 niantur,
1205 1347 1236 1374 ut
1261 1342 1372 1374 exinde
1401 1342 1576 1385 unicuique
1597 1342 1665 1381 ius,
1697 1342 1782 1385 quod

1034 1407 1127 1428 suum
1145 1401 1202 1435 est,
1223 1395 1395 1434 tribuatur,
1408 1400 1434 1427 et
1448 1395 1502 1438 qui
1521 1406 1552 1427 se
1570 1395 1652 1427 intra
1669 1395 1785 1427 limites

1034 1449 1170 1482 iustitiae
1192 1449 1356 1481 continere
1382 1449 1566 1491 negligunt,
1590 1448 1613 1481 si
1639 1459 1701 1481 11011
1722 1449 1784 1481 vir-

1033 1503 1109 1535 tutis
1129 1513 1256 1542 amore,
1280 1503 1390 1535 saltem
1412 1502 1582 1535 formidine
1603 1513 1726 1546 poenae
1746 1502 1785 1536 ab

1034 1554 1151 1587 illicitis
1171 1555 1331 1588 abstinere
1352 1555 1487 1587 discant.

1077 1610 1091 1652 J<
1112 1609 1141 1641 l.
1166 1609 1247 1642 Sane
1269 1620 1355 1648 cum,
1369 1610 1446 1641 sicut
1466 1620 1571 1652 nuper
1586 1609 1783 1653 accepimus,

1034 1663 1065 1695 in
1086 1663 1250 1706 provintia
1270 1668 1379 1695 nostra
1394 1662 1551 1695 Marcbiae
1568 1663 1785 1696 Anconitanae

1033 1716 1147 1749 diversi
1168 1715 1337 1759 litigantes,
1359 1716 1509 1749 iniustam
1531 1727 1660 1749 eausam
1681 1718 1786 1750 fovere

1033 1776 1274 1812 cognoscentes,
1298 1775 1328 1802 ut
1353 1781 1476 1809 causas,
1500 1770 1583 1803 inter
1602 1781 1656 1803 eos
1681 1776 1709 1803 et
1731 1772 1786 1804 ad-

1032 1824 1188 1857 versarios
1217 1834 1291 1856 suos
1319 1824 1477 1856 indecisas
1506 1824 1702 1868 pendentes,
1725 1826 1786 1857 im-

1034 1878 1185 1911 mortales
1206 1878 1358 1917 reddant,
1382 1884 1412 1910 et
1436 1877 1501 1917 alii,
1524 1878 1646 1911 diversa
1672 1879 1787 1912 delicta

1033 1937 1063 1965 et
1083 1942 1231 1964 excessus
1252 1932 1283 1964 in
1305 1932 1371 1965 dies
1391 1937 1625 1976 perpetrantes,
1645 1938 1677 1965 ut
1696 1934 1786 1976 puni-

1034 1986 1153 2018 tionem
1181 1985 1372 2018 delictorum
1402 1996 1460 2028 per
1479 1996 1534 2018 eos
1555 1996 1613 2028 pro
1640 1991 1785 2030 tempore

1034 2039 1282 2072 commissorum
1303 2039 1458 2081 effugiant
1480 2049 1535 2071 seu
1561 2039 1711 2072 differant
1740 2041 1786 2073 vel

1035 2092 1191 2132 minuant,
1213 2092 1271 2126 sub
1292 2096 1457 2135 praetextu
1478 2092 1565 2134 1111011
1585 2092 1617 2124 111
1642 2093 1787 2135 partibus

1034 2146 1157 2189 litigare
1180 2146 1440 2190 perhorrescant,
1463 2156 1519 2178 seu
1535 2145 1735 2187 aiudieibus,
1748 2147 1786 2179 de

1036 2199 1140 2232 causis
1160 2198 1346 2232 huiusmodi
1374 2198 1405 2231 in
1436 2199 1539 2242 prima
1561 2199 1711 2233 instantia
1732 2212 1785 2233 co-

1035 2253 1274 2296 gnoscentibus,
1304 2253 1335 2285 in
1363 2252 1471 2295 aliquo
1501 2253 1619 2296 gravati
1640 2253 1759 2287 suerint
1776 2283 1783 2295 ,

1035 2318 1147 2339 causas
1168 2307 1251 2350 ipsas
1262 2306 1300 2339 de
1313 2306 1459 2350 partibus
1474 2307 1609 2347 avocari,
1628 2313 1656 2340 et
1674 2308 1705 2341 in
1726 2308 1787 2341 Ro-

1035 2371 1129 2394 mana
1156 2360 1250 2393 Curia
1277 2365 1329 2392 aut
1359 2359 1435 2392 alibi
1463 2365 1549 2393 extra
1577 2360 1678 2404 ipsam
1711 2373 1785 2406 pro—

1034 2414 1171 2446 vinciam
1200 2413 1356 2447 committi
1384 2420 1579 2457 procurent,
1608 2425 1645 2447 ac
1674 2415 1785 2448 adrer-

1035 2467 1135 2500 sarios
1155 2477 1230 2500 suos
1245 2466 1284 2499 ad
1300 2466 1490 2509 litigandum
1507 2466 1539 2499 in
1555 2468 1660 2501 causis
1675 2468 1785 2502 liuius-

1036 2521 1121 2553 modi
1141 2526 1229 2553 extra
1249 2531 1362 2553 eorum
1383 2520 1581 2554 domicilium
1598 2522 1736 2561 trahant,
1755 2527 1784 2554 ct

1035 2574 1147 2608 exinde
1158 2575 1256 2607 fiatut,
1267 2575 1462 2618 quandoque
1477 2575 1532 2619 qui
1551 2575 1582 2608 in
1598 2576 1702 2609 causis
1712 2575 1784 2610 civi-

1069 2646 1081 2673 1
1102 2646 1140 2673 Ex
1159 2646 1264 2682 Regest.
1278 2646 1303 2673 in
1316 2645 1423 2674 Archiv.
1441 2645 1524 2674 Vatic.

1803 241 1851 267 An,
1868 240 1897 267 C.
1918 241 1984 267 151111

1828 982 1958 1003 l'rooeniiuin.

1814 1622 1879 1642 Causa
1891 1621 1983 1642 ferend·

1802 1655 1888 1674 huiume
1904 1655 1986 1674 consti-

1804 1688 1899 1707 tutionis.
