<?xml version="1.0" encoding="UTF-8"?>
<!DOCTYPE html PUBLIC "-//W3C//DTD XHTML 1.0 Transitional//EN"
    "http://www.w3.org/TR/xhtml1/DTD/xhtml1-transitional.dtd">
<html xmlns="http://www.w3.org/1999/xhtml" xml:lang="en" lang="en">
 <head>
  <title>
</title>
<meta http-equiv="Content-Type" content="text/html;charset=utf-8" />
  <meta name='ocr-system' content='tesseract 3.04.00' />
  <meta name='ocr-capabilities' content='ocr_page ocr_carea ocr_par ocr_line ocrx_word'/>
</head>
<body>
  <div class='ocr_page' id='page_1' title='image "./bullarumdiplomat06cath/bullarumdiplomat06cath_0483.png"; bbox 0 0 2227 3001; ppageno 0'>
   <div class='ocr_carea' id='block_1_1' title="bbox 83 263 258 291">
    <p class='ocr_par' dir='ltr' id='par_1_1' title="bbox 83 263 258 291">
     <span class='ocr_line' id='line_1_1' title="bbox 83 263 258 291; baseline 0 0"><span class='ocrx_word' id='word_1_1' title='bbox 83 264 132 291; x_wconf 69' lang='lat' dir='ltr'>An.</span> <span class='ocrx_word' id='word_1_2' title='bbox 150 263 178 291; x_wconf 90' lang='lat' dir='ltr'>C.</span> <span class='ocrx_word' id='word_1_3' title='bbox 198 265 258 291; x_wconf 57' lang='lat' dir='ltr'>ttfitit</span> 
     </span>
    </p>
   </div>
   <div class='ocr_carea' id='block_1_2' title="bbox 927 261 1155 295">
    <p class='ocr_par' dir='ltr' id='par_1_2' title="bbox 927 261 1155 295">
     <span class='ocr_line' id='line_1_2' title="bbox 927 261 1155 295; baseline -0.009 -10"><span class='ocrx_word' id='word_1_4' title='bbox 927 262 988 286; x_wconf 68' lang='lat' dir='ltr'>trLt</span> <span class='ocrx_word' id='word_1_5' title='bbox 994 262 1027 285; x_wconf 66' lang='grc' dir='ltr'>ΓΞ</span> <span class='ocrx_word' id='word_1_6' title='bbox 1054 262 1087 295; x_wconf 74' lang='grc' dir='ltr'>ῌΙ</span> <span class='ocrx_word' id='word_1_7' title='bbox 1107 261 1155 283; x_wconf 80' lang='lat' dir='ltr'>Pr.</span> 
     </span>
    </p>
   </div>
   <div class='ocr_carea' id='block_1_3' title="bbox 1705 249 1761 279">
    <p class='ocr_par' dir='ltr' id='par_1_3' title="bbox 1705 249 1761 279">
     <span class='ocr_line' id='line_1_3' title="bbox 1705 249 1761 279; baseline -0.036 -4"><span class='ocrx_word' id='word_1_8' title='bbox 1705 249 1761 279; x_wconf 55' lang='lat' dir='ltr'>sisti</span> 
     </span>
    </p>
   </div>
   <div class='ocr_carea' id='block_1_4' title="bbox 276 309 1814 411">
    <p class='ocr_par' dir='ltr' id='par_1_4' title="bbox 276 309 1814 411">
     <span class='ocr_line' id='line_1_4' title="bbox 278 309 1814 360; baseline -0.004 -10"><span class='ocrx_word' id='word_1_9' title='bbox 278 317 469 350; x_wconf 88' lang='lat' dir='ltr'>beneficium</span> <span class='ocrx_word' id='word_1_10' title='bbox 500 315 710 349; x_wconf 86' lang='lat' dir='ltr'>nihilominus</span> <span class='ocrx_word' id='word_1_11' title='bbox 742 327 799 360; x_wconf 79' lang='lat' dir='ltr'>per</span> <span class='ocrx_word' id='word_1_12' title='bbox 823 316 945 348; x_wconf 85' lang='lat' dir='ltr'>obitum</span> <span class='ocrx_word' id='word_1_13' title='bbox 970 327 1022 348; x_wconf 75' lang='lat' dir='ltr'>ra-</span> <span class='ocrx_word' id='word_1_14' title='bbox 1069 324 1125 357; x_wconf 75' lang='lat' dir='ltr'>pro</span> <span class='ocrx_word' id='word_1_15' title='bbox 1155 311 1351 345; x_wconf 78' lang='lat' dir='ltr'>sufficienter</span> <span class='ocrx_word' id='word_1_16' title='bbox 1377 309 1532 355; x_wconf 76' lang='lat' dir='ltr'>expressis</span> <span class='ocrx_word' id='word_1_17' title='bbox 1558 310 1729 350; x_wconf 77' lang='lat' dir='ltr'>babentes,</span> <span class='ocrx_word' id='word_1_18' title='bbox 1752 311 1814 344; x_wconf 86' lang='lat' dir='ltr'>illis</span> 
     </span>
     <span class='ocr_line' id='line_1_5' title="bbox 276 363 1813 411; baseline -0.005 -7"><span class='ocrx_word' id='word_1_19' title='bbox 276 382 348 404; x_wconf 84' lang='lat' dir='ltr'>care</span> <span class='ocrx_word' id='word_1_20' title='bbox 373 375 575 411; x_wconf 79' lang='lat' dir='ltr'>censeretur3</span> <span class='ocrx_word' id='word_1_21' title='bbox 601 380 637 403; x_wconf 85' lang='lat' dir='ltr'>ac</span> <span class='ocrx_word' id='word_1_22' title='bbox 667 370 767 403; x_wconf 83' lang='lat' dir='ltr'>felicis</span> <span class='ocrx_word' id='word_1_23' title='bbox 792 370 1024 403; x_wconf 87' lang='lat' dir='ltr'>recordationis</span> <span class='ocrx_word' id='word_1_24' title='bbox 1066 366 1142 399; x_wconf 83' lang='lat' dir='ltr'>alias</span> <span class='ocrx_word' id='word_1_25' title='bbox 1163 365 1195 398; x_wconf 91' lang='lat' dir='ltr'>in</span> <span class='ocrx_word' id='word_1_26' title='bbox 1215 376 1274 398; x_wconf 87' lang='lat' dir='ltr'>suo</span> <span class='ocrx_word' id='word_1_27' title='bbox 1290 365 1404 397; x_wconf 83' lang='lat' dir='ltr'>robore</span> <span class='ocrx_word' id='word_1_28' title='bbox 1421 363 1653 408; x_wconf 84' lang='lat' dir='ltr'>permansuris,</span> <span class='ocrx_word' id='word_1_29' title='bbox 1672 364 1731 396; x_wconf 91' lang='lat' dir='ltr'>bac</span> <span class='ocrx_word' id='word_1_30' title='bbox 1747 365 1813 397; x_wconf 84' lang='lat' dir='ltr'>vicc</span> 
     </span>
    </p>
   </div>
   <div class='ocr_carea' id='block_1_5' title="bbox 260 419 1023 2690">
    <p class='ocr_par' dir='ltr' id='par_1_5' title="bbox 260 419 1023 2553">
     <span class='ocr_line' id='line_1_6' title="bbox 276 419 1023 464; baseline -0.003 -10"><span class='ocrx_word' id='word_1_31' title='bbox 276 420 419 464; x_wconf 80' lang='lat' dir='ltr'><strong>Gregorii</strong></span> <span class='ocrx_word' id='word_1_32' title='bbox 448 420 473 452; x_wconf 90' lang='lat' dir='ltr'>X</span> <span class='ocrx_word' id='word_1_33' title='bbox 502 424 533 452; x_wconf 90' lang='lat' dir='ltr'>et</span> <span class='ocrx_word' id='word_1_34' title='bbox 570 430 853 463; x_wconf 83' lang='lat' dir='ltr'>quorumcumque</span> <span class='ocrx_word' id='word_1_35' title='bbox 886 419 1023 452; x_wconf 85' lang='lat' dir='ltr'>aliorum</span> 
     </span>
     <span class='ocr_line' id='line_1_7' title="bbox 275 468 1022 512; baseline -0.003 -9"><span class='ocrx_word' id='word_1_36' title='bbox 275 469 711 512; x_wconf 42' lang='lat' dir='ltr'>Romanorum“Pontificum</span> <span class='ocrx_word' id='word_1_37' title='bbox 737 468 1022 512; x_wconf 82' lang='lat' dir='ltr'>praedecessorum</span> 
     </span>
     <span class='ocr_line' id='line_1_8' title="bbox 274 516 1019 560; baseline -0.004 -8"><span class='ocrx_word' id='word_1_38' title='bbox 274 524 472 558; x_wconf 72' lang='lat' dir='ltr'>nostrorum,</span> <span class='ocrx_word' id='word_1_39' title='bbox 490 529 525 550; x_wconf 86' lang='lat' dir='ltr'>ac</span> <span class='ocrx_word' id='word_1_40' title='bbox 542 517 706 560; x_wconf 73' lang='lat' dir='ltr'>quibusvis</span> <span class='ocrx_word' id='word_1_41' title='bbox 730 517 800 550; x_wconf 88' lang='lat' dir='ltr'>aliis</span> <span class='ocrx_word' id='word_1_42' title='bbox 819 516 1019 560; x_wconf 86' lang='lat' dir='ltr'>apostolicis,</span> 
     </span>
     <span class='ocr_line' id='line_1_9' title="bbox 272 566 1022 610; baseline -0.001 -11"><span class='ocrx_word' id='word_1_43' title='bbox 272 579 399 601; x_wconf 81' lang='lat' dir='ltr'>necnon</span> <span class='ocrx_word' id='word_1_44' title='bbox 429 567 460 600; x_wconf 90' lang='lat' dir='ltr'>in</span> <span class='ocrx_word' id='word_1_45' title='bbox 487 566 792 610; x_wconf 70' lang='lat' dir='ltr'>provincialibuset</span> <span class='ocrx_word' id='word_1_46' title='bbox 819 566 1022 610; x_wconf 67' lang='lat' dir='ltr'>synodalibus</span> 
     </span>
     <span class='ocr_line' id='line_1_10' title="bbox 273 616 1020 659; baseline -0.004 -9"><span class='ocrx_word' id='word_1_47' title='bbox 273 617 416 650; x_wconf 88' lang='lat' dir='ltr'>conciliis</span> <span class='ocrx_word' id='word_1_48' title='bbox 427 616 530 652; x_wconf 84' lang='lat' dir='ltr'>editis,</span> <span class='ocrx_word' id='word_1_49' title='bbox 541 616 744 658; x_wconf 77' lang='lat' dir='ltr'>generalibus</span> <span class='ocrx_word' id='word_1_50' title='bbox 754 616 801 648; x_wconf 89' lang='lat' dir='ltr'>vel</span> <span class='ocrx_word' id='word_1_51' title='bbox 817 616 1020 659; x_wconf 79' lang='lat' dir='ltr'>specialibus,</span> 
     </span>
     <span class='ocr_line' id='line_1_11' title="bbox 273 665 1020 699; baseline -0.003 0"><span class='ocrx_word' id='word_1_52' title='bbox 273 666 556 699; x_wconf 79' lang='lat' dir='ltr'>constitutionibus</span> <span class='ocrx_word' id='word_1_53' title='bbox 581 671 611 698; x_wconf 89' lang='lat' dir='ltr'>et</span> <span class='ocrx_word' id='word_1_54' title='bbox 635 665 893 698; x_wconf 79' lang='lat' dir='ltr'>ordinationibus</span> <span class='ocrx_word' id='word_1_55' title='bbox 916 675 952 698; x_wconf 89' lang='lat' dir='ltr'>ac</span> <span class='ocrx_word' id='word_1_56' title='bbox 975 665 1020 697; x_wconf 90' lang='lat' dir='ltr'>le-</span> 
     </span>
     <span class='ocr_line' id='line_1_12' title="bbox 271 714 1019 760; baseline -0.001 -12"><span class='ocrx_word' id='word_1_57' title='bbox 271 715 364 757; x_wconf 73' lang='lat' dir='ltr'>gibus</span> <span class='ocrx_word' id='word_1_58' title='bbox 393 715 632 760; x_wconf 83' lang='lat' dir='ltr'>imperialibus·,</span> <span class='ocrx_word' id='word_1_59' title='bbox 653 725 779 747; x_wconf 86' lang='lat' dir='ltr'>necnon</span> <span class='ocrx_word' id='word_1_60' title='bbox 805 714 965 747; x_wconf 82' lang='lat' dir='ltr'>civitatum</span> <span class='ocrx_word' id='word_1_61' title='bbox 992 720 1019 747; x_wconf 84' lang='lat' dir='ltr'>et</span> 
     </span>
     <span class='ocr_line' id='line_1_13' title="bbox 272 765 1020 810; baseline -0.001 -13"><span class='ocrx_word' id='word_1_62' title='bbox 272 766 418 799; x_wconf 89' lang='lat' dir='ltr'>locorum</span> <span class='ocrx_word' id='word_1_63' title='bbox 451 776 755 810; x_wconf 83' lang='lat' dir='ltr'>quorumcumque,</span> <span class='ocrx_word' id='word_1_64' title='bbox 788 765 882 797; x_wconf 80' lang='lat' dir='ltr'>etiam</span> <span class='ocrx_word' id='word_1_65' title='bbox 917 765 1020 797; x_wconf 90' lang='lat' dir='ltr'>muni-</span> 
     </span>
     <span class='ocr_line' id='line_1_14' title="bbox 271 814 1018 859; baseline -0.003 -11"><span class='ocrx_word' id='word_1_66' title='bbox 271 815 446 859; x_wconf 85' lang='lat' dir='ltr'>cipalibus,</span> <span class='ocrx_word' id='word_1_67' title='bbox 479 826 516 848; x_wconf 86' lang='lat' dir='ltr'>ac</span> <span class='ocrx_word' id='word_1_68' title='bbox 549 814 786 859; x_wconf 88' lang='lat' dir='ltr'>praedictarum</span> <span class='ocrx_word' id='word_1_69' title='bbox 821 820 851 847; x_wconf 89' lang='lat' dir='ltr'>et</span> <span class='ocrx_word' id='word_1_70' title='bbox 884 814 1018 847; x_wconf 87' lang='lat' dir='ltr'>aliarum</span> 
     </span>
     <span class='ocr_line' id='line_1_15' title="bbox 270 863 1019 908; baseline -0.003 -10"><span class='ocrx_word' id='word_1_71' title='bbox 270 865 493 905; x_wconf 87' lang='lat' dir='ltr'>ecclesiarum,</span> <span class='ocrx_word' id='word_1_72' title='bbox 516 864 677 908; x_wconf 87' lang='lat' dir='ltr'>inquibus</span> <span class='ocrx_word' id='word_1_73' title='bbox 698 863 886 903; x_wconf 87' lang='lat' dir='ltr'>saecularia,</span> <span class='ocrx_word' id='word_1_74' title='bbox 905 875 941 897; x_wconf 87' lang='lat' dir='ltr'>ac</span> <span class='ocrx_word' id='word_1_75' title='bbox 954 875 1019 897; x_wconf 90' lang='lat' dir='ltr'>mo-</span> 
     </span>
     <span class='ocr_line' id='line_1_16' title="bbox 268 913 1016 956; baseline -0.003 -8"><span class='ocrx_word' id='word_1_76' title='bbox 268 915 485 948; x_wconf 83' lang='lat' dir='ltr'>nasteriorum</span> <span class='ocrx_word' id='word_1_77' title='bbox 507 926 562 948; x_wconf 91' lang='lat' dir='ltr'>seu</span> <span class='ocrx_word' id='word_1_78' title='bbox 583 914 721 947; x_wconf 89' lang='lat' dir='ltr'>aliorum</span> <span class='ocrx_word' id='word_1_79' title='bbox 747 913 945 956; x_wconf 76' lang='lat' dir='ltr'>regularium</span> <span class='ocrx_word' id='word_1_80' title='bbox 970 914 1016 946; x_wconf 89' lang='lat' dir='ltr'>lo-</span> 
     </span>
     <span class='ocr_line' id='line_1_17' title="bbox 269 962 1018 1008; baseline -0.007 -9"><span class='ocrx_word' id='word_1_81' title='bbox 269 976 396 1004; x_wconf 88' lang='lat' dir='ltr'>corum,</span> <span class='ocrx_word' id='word_1_82' title='bbox 407 965 439 997; x_wconf 93' lang='lat' dir='ltr'>in</span> <span class='ocrx_word' id='word_1_83' title='bbox 451 964 569 1008; x_wconf 89' lang='lat' dir='ltr'>quibus</span> <span class='ocrx_word' id='word_1_84' title='bbox 584 963 595 986; x_wconf 82' lang='lat'><strong>¹</strong></span> <span class='ocrx_word' id='word_1_85' title='bbox 611 963 678 1007; x_wconf 82' lang='lat' dir='ltr'>ipsa</span> <span class='ocrx_word' id='word_1_86' title='bbox 692 963 852 1005; x_wconf 67' lang='lat' dir='ltr'>regularia</span> <span class='ocrx_word' id='word_1_87' title='bbox 864 962 1018 995; x_wconf 82' lang='lat' dir='ltr'>beneficia</span> 
     </span>
     <span class='ocr_line' id='line_1_18' title="bbox 268 1012 1017 1058; baseline -0.005 -10"><span class='ocrx_word' id='word_1_88' title='bbox 268 1015 450 1058; x_wconf 80' lang='lat' dir='ltr'>dependere</span> <span class='ocrx_word' id='word_1_89' title='bbox 462 1013 642 1055; x_wconf 71' lang='lat' dir='ltr'>contigerit,</span> <span class='ocrx_word' id='word_1_90' title='bbox 654 1019 684 1046; x_wconf 87' lang='lat' dir='ltr'>et.</span> <span class='ocrx_word' id='word_1_91' title='bbox 699 1012 866 1050; x_wconf 74' lang='lat' dir='ltr'>Ordinum,</span> <span class='ocrx_word' id='word_1_92' title='bbox 878 1023 1017 1056; x_wconf 86' lang='lat' dir='ltr'>quorum</span> 
     </span>
     <span class='ocr_line' id='line_1_19' title="bbox 267 1060 1018 1102; baseline -0.003 -5"><span class='ocrx_word' id='word_1_93' title='bbox 267 1064 322 1097; x_wconf 82' lang='lat' dir='ltr'>illa</span> <span class='ocrx_word' id='word_1_94' title='bbox 346 1064 524 1102; x_wconf 80' lang='lat' dir='ltr'>extiterint,</span> <span class='ocrx_word' id='word_1_95' title='bbox 551 1063 744 1101; x_wconf 86' lang='lat' dir='ltr'>iuramento,</span> <span class='ocrx_word' id='word_1_96' title='bbox 773 1060 1018 1095; x_wconf 83' lang='lat' dir='ltr'>confirmatione</span> 
     </span>
     <span class='ocr_line' id='line_1_20' title="bbox 267 1110 1017 1158; baseline -0.003 -12"><span class='ocrx_word' id='word_1_97' title='bbox 267 1113 443 1158; x_wconf 85' lang='lat' dir='ltr'>apostolica</span> <span class='ocrx_word' id='word_1_98' title='bbox 463 1114 510 1146; x_wconf 88' lang='lat' dir='ltr'>vel</span> <span class='ocrx_word' id='word_1_99' title='bbox 531 1111 640 1156; x_wconf 87' lang='lat' dir='ltr'>quavis</span> <span class='ocrx_word' id='word_1_100' title='bbox 660 1110 809 1143; x_wconf 84' lang='lat' dir='ltr'>firmitate</span> <span class='ocrx_word' id='word_1_101' title='bbox 833 1110 896 1143; x_wconf 87' lang='lat' dir='ltr'>alia</span> <span class='ocrx_word' id='word_1_102' title='bbox 921 1111 1017 1144; x_wconf 87' lang='lat' dir='ltr'>robo-</span> 
     </span>
     <span class='ocr_line' id='line_1_21' title="bbox 267 1159 1017 1203; baseline -0.004 -8"><span class='ocrx_word' id='word_1_103' title='bbox 267 1162 356 1203; x_wconf 89' lang='lat' dir='ltr'>ratis,</span> <span class='ocrx_word' id='word_1_104' title='bbox 383 1161 508 1195; x_wconf 81' lang='lat' dir='ltr'>statutis</span> <span class='ocrx_word' id='word_1_105' title='bbox 532 1166 563 1194; x_wconf 91' lang='lat' dir='ltr'>et</span> <span class='ocrx_word' id='word_1_106' title='bbox 587 1159 894 1199; x_wconf 86' lang='lat' dir='ltr'>consuetudinibus;</span> <span class='ocrx_word' id='word_1_107' title='bbox 921 1160 1017 1203; x_wconf 84' lang='lat' dir='ltr'>privi-</span> 
     </span>
     <span class='ocr_line' id='line_1_22' title="bbox 266 1208 1014 1255; baseline -0.004 -11"><span class='ocrx_word' id='word_1_108' title='bbox 266 1211 357 1255; x_wconf 78' lang='lat' dir='ltr'>legiis</span> <span class='ocrx_word' id='word_1_109' title='bbox 367 1222 509 1255; x_wconf 86' lang='lat' dir='ltr'>quoque,</span> <span class='ocrx_word' id='word_1_110' title='bbox 522 1209 654 1243; x_wconf 89' lang='lat' dir='ltr'>indultis</span> <span class='ocrx_word' id='word_1_111' title='bbox 665 1214 693 1242; x_wconf 91' lang='lat' dir='ltr'>et</span> <span class='ocrx_word' id='word_1_112' title='bbox 706 1208 807 1241; x_wconf 85' lang='lat' dir='ltr'>literis</span> <span class='ocrx_word' id='word_1_113' title='bbox 818 1209 1014 1251; x_wconf 85' lang='lat' dir='ltr'>apostolicis,</span> 
     </span>
     <span class='ocr_line' id='line_1_23' title="bbox 265 1262 1015 1309; baseline -0.003 -12"><span class='ocrx_word' id='word_1_114' title='bbox 265 1263 428 1309; x_wconf 86' lang='lat' dir='ltr'>quibusvis</span> <span class='ocrx_word' id='word_1_115' title='bbox 437 1262 713 1302; x_wconf 81' lang='lat' dir='ltr'>Universitatibus,</span> <span class='ocrx_word' id='word_1_116' title='bbox 726 1263 819 1295; x_wconf 87' lang='lat' dir='ltr'>etiam</span> <span class='ocrx_word' id='word_1_117' title='bbox 830 1262 1015 1296; x_wconf 83' lang='lat' dir='ltr'>Studiorum</span> 
     </span>
     <span class='ocr_line' id='line_1_24' title="bbox 265 1315 1016 1362; baseline -0.003 -10"><span class='ocrx_word' id='word_1_118' title='bbox 265 1317 476 1362; x_wconf 78' lang='lat' dir='ltr'>generalium,</span> <span class='ocrx_word' id='word_1_119' title='bbox 492 1322 522 1350; x_wconf 91' lang='lat' dir='ltr'>et</span> <span class='ocrx_word' id='word_1_120' title='bbox 536 1315 746 1360; x_wconf 80' lang='lat' dir='ltr'>scriptoribus</span> <span class='ocrx_word' id='word_1_121' title='bbox 766 1316 898 1349; x_wconf 80' lang='lat' dir='ltr'>arcbivii</span> <span class='ocrx_word' id='word_1_122' title='bbox 914 1316 1016 1350; x_wconf 84' lang='lat' dir='ltr'>dictae</span> 
     </span>
     <span class='ocr_line' id='line_1_25' title="bbox 264 1369 1017 1413; baseline -0.004 -7"><span class='ocrx_word' id='word_1_123' title='bbox 264 1373 369 1407; x_wconf 82' lang='lat' dir='ltr'>Curiae</span> <span class='ocrx_word' id='word_1_124' title='bbox 379 1377 406 1405; x_wconf 92' lang='lat' dir='ltr'>et</span> <span class='ocrx_word' id='word_1_125' title='bbox 419 1372 489 1405; x_wconf 88' lang='lat' dir='ltr'>aliis</span> <span class='ocrx_word' id='word_1_126' title='bbox 503 1370 657 1413; x_wconf 82' lang='lat' dir='ltr'>collegiis,</span> <span class='ocrx_word' id='word_1_127' title='bbox 670 1369 763 1402; x_wconf 90' lang='lat' dir='ltr'>etiam</span> <span class='ocrx_word' id='word_1_128' title='bbox 774 1375 862 1402; x_wconf 89' lang='lat' dir='ltr'>motu</span> <span class='ocrx_word' id='word_1_129' title='bbox 872 1375 901 1402; x_wconf 91' lang='lat' dir='ltr'>et</span> <span class='ocrx_word' id='word_1_130' title='bbox 916 1371 1017 1403; x_wconf 88' lang='lat' dir='ltr'>soien-</span> 
     </span>
     <span class='ocr_line' id='line_1_26' title="bbox 264 1419 1016 1464; baseline -0.003 -9"><span class='ocrx_word' id='word_1_131' title='bbox 264 1422 307 1456; x_wconf 75' lang='lat' dir='ltr'>tia</span> <span class='ocrx_word' id='word_1_132' title='bbox 323 1422 493 1462; x_wconf 81' lang='lat' dir='ltr'>similibus,</span> <span class='ocrx_word' id='word_1_133' title='bbox 505 1432 542 1454; x_wconf 84' lang='lat' dir='ltr'>ao</span> <span class='ocrx_word' id='word_1_134' title='bbox 554 1420 676 1463; x_wconf 72' lang='lat' dir='ltr'>quavis,</span> <span class='ocrx_word' id='word_1_135' title='bbox 688 1420 782 1452; x_wconf 79' lang='lat' dir='ltr'>etium</span> <span class='ocrx_word' id='word_1_136' title='bbox 796 1419 953 1464; x_wconf 82' lang='lat' dir='ltr'>imperiali</span> <span class='ocrx_word' id='word_1_137' title='bbox 970 1422 1016 1453; x_wconf 89' lang='lat' dir='ltr'>vel</span> 
     </span>
     <span class='ocr_line' id='line_1_27' title="bbox 263 1469 1015 1516; baseline -0.004 -11"><span class='ocrx_word' id='word_1_138' title='bbox 263 1471 362 1516; x_wconf 82' lang='lat' dir='ltr'>regia,</span> <span class='ocrx_word' id='word_1_139' title='bbox 370 1471 636 1509; x_wconf 74' lang='lat' dir='ltr'>consideratione,</span> <span class='ocrx_word' id='word_1_140' title='bbox 645 1474 674 1502; x_wconf 88' lang='lat' dir='ltr'>et</span> <span class='ocrx_word' id='word_1_141' title='bbox 685 1480 721 1501; x_wconf 81' lang='lat' dir='ltr'>ex</span> <span class='ocrx_word' id='word_1_142' title='bbox 732 1469 894 1513; x_wconf 71' lang='lat' dir='ltr'>quibusvis</span> <span class='ocrx_word' id='word_1_143' title='bbox 901 1469 1015 1509; x_wconf 73' lang='lat' dir='ltr'>causis,</span> 
     </span>
     <span class='ocr_line' id='line_1_28' title="bbox 264 1519 1014 1564; baseline -0.003 -9"><span class='ocrx_word' id='word_1_144' title='bbox 264 1533 301 1555; x_wconf 89' lang='lat' dir='ltr'>ac</span> <span class='ocrx_word' id='word_1_145' title='bbox 325 1533 398 1555; x_wconf 91' lang='lat' dir='ltr'>cum</span> <span class='ocrx_word' id='word_1_146' title='bbox 424 1520 599 1564; x_wconf 85' lang='lat' dir='ltr'>quibusvis,</span> <span class='ocrx_word' id='word_1_147' title='bbox 620 1519 713 1552; x_wconf 87' lang='lat' dir='ltr'>etiam</span> <span class='ocrx_word' id='word_1_148' title='bbox 740 1519 1014 1559; x_wconf 60' lang='lat' dir='ltr'>‹lerog‘atoriarum</span> 
     </span>
     <span class='ocr_line' id='line_1_29' title="bbox 265 1569 1014 1614; baseline -0.001 -10"><span class='ocrx_word' id='word_1_149' title='bbox 265 1570 488 1614; x_wconf 78' lang='lat' dir='ltr'>derogatoriis,</span> <span class='ocrx_word' id='word_1_150' title='bbox 511 1569 676 1607; x_wconf 53' lang='lat' dir='ltr'>clausulis</span> <span class='ocrx_word' id='word_1_151' title='bbox 700 1569 965 1612; x_wconf 77' lang='lat' dir='ltr'>irritantilnisque</span> <span class='ocrx_word' id='word_1_152' title='bbox 985 1576 1014 1603; x_wconf 90' lang='lat' dir='ltr'>et</span> 
     </span>
     <span class='ocr_line' id='line_1_30' title="bbox 265 1618 1014 1663; baseline -0.003 -10"><span class='ocrx_word' id='word_1_153' title='bbox 265 1620 334 1653; x_wconf 89' lang='lat' dir='ltr'>aliis</span> <span class='ocrx_word' id='word_1_154' title='bbox 353 1619 490 1653; x_wconf 73' lang='lat' dir='ltr'>decretis</span> <span class='ocrx_word' id='word_1_155' title='bbox 510 1618 752 1662; x_wconf 82' lang='lat' dir='ltr'>quomodolibet</span> <span class='ocrx_word' id='word_1_156' title='bbox 769 1618 942 1656; x_wconf 83' lang='lat' dir='ltr'>concessis,</span> <span class='ocrx_word' id='word_1_157' title='bbox 961 1630 1014 1663; x_wconf 90' lang='lat' dir='ltr'>ap-</span> 
     </span>
     <span class='ocr_line' id='line_1_31' title="bbox 264 1667 1016 1715; baseline -0.001 -13"><span class='ocrx_word' id='word_1_158' title='bbox 264 1669 407 1715; x_wconf 89' lang='lat' dir='ltr'>probatis</span> <span class='ocrx_word' id='word_1_159' title='bbox 426 1674 454 1702; x_wconf 90' lang='lat' dir='ltr'>et</span> <span class='ocrx_word' id='word_1_160' title='bbox 471 1668 638 1707; x_wconf 81' lang='lat' dir='ltr'>innovatis,</span> <span class='ocrx_word' id='word_1_161' title='bbox 657 1667 752 1700; x_wconf 81' lang='lat' dir='ltr'>etiam</span> <span class='ocrx_word' id='word_1_162' title='bbox 769 1667 1016 1712; x_wconf 84' lang='lat' dir='ltr'>disponentibus</span> 
     </span>
     <span class='ocr_line' id='line_1_32' title="bbox 263 1717 1014 1763; baseline -0.003 -12"><span class='ocrx_word' id='word_1_163' title='bbox 263 1718 349 1763; x_wconf 88' lang='lat' dir='ltr'>quod</span> <span class='ocrx_word' id='word_1_164' title='bbox 370 1719 532 1751; x_wconf 77' lang='lat' dir='ltr'>naturales</span> <span class='ocrx_word' id='word_1_165' title='bbox 552 1723 581 1751; x_wconf 90' lang='lat' dir='ltr'>et</span> <span class='ocrx_word' id='word_1_166' title='bbox 601 1717 738 1751; x_wconf 78' lang='lat' dir='ltr'>bastardi</span> <span class='ocrx_word' id='word_1_167' title='bbox 762 1717 930 1759; x_wconf 69' lang='lat' dir='ltr'>legitimari</span> <span class='ocrx_word' id='word_1_168' title='bbox 951 1728 1014 1750; x_wconf 89' lang='lat' dir='ltr'>non</span> 
     </span>
     <span class='ocr_line' id='line_1_33' title="bbox 263 1766 1015 1811; baseline 0 -11"><span class='ocrx_word' id='word_1_169' title='bbox 263 1768 397 1811; x_wconf 80' lang='lat' dir='ltr'>possint,</span> <span class='ocrx_word' id='word_1_170' title='bbox 420 1767 480 1800; x_wconf 86' lang='lat' dir='ltr'>nisi</span> <span class='ocrx_word' id='word_1_171' title='bbox 501 1767 539 1800; x_wconf 92' lang='lat' dir='ltr'>de</span> <span class='ocrx_word' id='word_1_172' title='bbox 560 1766 717 1799; x_wconf 85' lang='lat' dir='ltr'>consensu</span> <span class='ocrx_word' id='word_1_173' title='bbox 743 1766 963 1809; x_wconf 64' lang='lat' dir='ltr'>legitimorum</span> <span class='ocrx_word' id='word_1_174' title='bbox 985 1773 1015 1800; x_wconf 91' lang='lat' dir='ltr'>et</span> 
     </span>
     <span class='ocr_line' id='line_1_34' title="bbox 262 1816 1015 1861; baseline -0.001 -10"><span class='ocrx_word' id='word_1_175' title='bbox 262 1818 472 1856; x_wconf 80' lang='lat' dir='ltr'>naturalium3</span> <span class='ocrx_word' id='word_1_176' title='bbox 500 1822 527 1850; x_wconf 87' lang='lat' dir='ltr'>et</span> <span class='ocrx_word' id='word_1_177' title='bbox 554 1817 640 1861; x_wconf 88' lang='lat' dir='ltr'>quod</span> <span class='ocrx_word' id='word_1_178' title='bbox 665 1816 775 1849; x_wconf 84' lang='lat' dir='ltr'>nullus</span> <span class='ocrx_word' id='word_1_179' title='bbox 804 1817 842 1848; x_wconf 87' lang='lat' dir='ltr'>ad</span> <span class='ocrx_word' id='word_1_180' title='bbox 868 1817 1015 1850; x_wconf 82' lang='lat' dir='ltr'>baccala-</span> 
     </span>
     <span class='ocr_line' id='line_1_35' title="bbox 262 1866 1014 1906; baseline -0.003 -5"><span class='ocrx_word' id='word_1_181' title='bbox 262 1867 374 1906; x_wconf 89' lang='lat' dir='ltr'>riatus,</span> <span class='ocrx_word' id='word_1_182' title='bbox 398 1866 619 1899; x_wconf 76' lang='lat' dir='ltr'>licentiaturae</span> <span class='ocrx_word' id='word_1_183' title='bbox 641 1871 671 1899; x_wconf 90' lang='lat' dir='ltr'>et</span> <span class='ocrx_word' id='word_1_184' title='bbox 690 1866 875 1899; x_wconf 79' lang='lat' dir='ltr'>doctoratus</span> <span class='ocrx_word' id='word_1_185' title='bbox 893 1877 928 1898; x_wconf 82' lang='lat' dir='ltr'>ar</span> <span class='ocrx_word' id='word_1_186' title='bbox 951 1878 1014 1899; x_wconf 82' lang='lat' dir='ltr'>ma-</span> 
     </span>
     <span class='ocr_line' id='line_1_36' title="bbox 260 1914 1014 1960; baseline -0.001 -10"><span class='ocrx_word' id='word_1_187' title='bbox 260 1915 381 1960; x_wconf 86' lang='lat' dir='ltr'>gisterii</span> <span class='ocrx_word' id='word_1_188' title='bbox 402 1916 530 1959; x_wconf 73' lang='lat' dir='ltr'>gradus,</span> <span class='ocrx_word' id='word_1_189' title='bbox 549 1915 623 1948; x_wconf 87' lang='lat' dir='ltr'>alibi</span> <span class='ocrx_word' id='word_1_190' title='bbox 641 1926 735 1959; x_wconf 88' lang='lat' dir='ltr'>quam</span> <span class='ocrx_word' id='word_1_191' title='bbox 754 1914 785 1947; x_wconf 93' lang='lat' dir='ltr'>in</span> <span class='ocrx_word' id='word_1_192' title='bbox 806 1915 1014 1949; x_wconf 71' lang='lat' dir='ltr'>Universitate</span> 
     </span>
     <span class='ocr_line' id='line_1_37' title="bbox 262 1964 1014 2010; baseline -0.001 -12"><span class='ocrx_word' id='word_1_193' title='bbox 262 1966 294 1999; x_wconf 92' lang='lat' dir='ltr'>in</span> <span class='ocrx_word' id='word_1_194' title='bbox 314 1977 377 2010; x_wconf 86' lang='lat' dir='ltr'>qua</span> <span class='ocrx_word' id='word_1_195' title='bbox 398 1965 578 2004; x_wconf 83' lang='lat' dir='ltr'>studuerit,</span> <span class='ocrx_word' id='word_1_196' title='bbox 607 1965 787 2008; x_wconf 79' lang='lat' dir='ltr'>promoveri</span> <span class='ocrx_word' id='word_1_197' title='bbox 809 1964 917 2008; x_wconf 79' lang='lat' dir='ltr'>possit,</span> <span class='ocrx_word' id='word_1_198' title='bbox 945 1965 1014 2008; x_wconf 89' lang='lat' dir='ltr'>qui—</span> 
     </span>
     <span class='ocr_line' id='line_1_38' title="bbox 260 2014 1013 2057; baseline -0.001 -8"><span class='ocrx_word' id='word_1_199' title='bbox 260 2015 321 2049; x_wconf 91' lang='lat' dir='ltr'>bus</span> <span class='ocrx_word' id='word_1_200' title='bbox 341 2015 503 2053; x_wconf 90' lang='lat' dir='ltr'>omnibus,</span> <span class='ocrx_word' id='word_1_201' title='bbox 525 2014 621 2047; x_wconf 78' lang='lat' dir='ltr'>etiam</span> <span class='ocrx_word' id='word_1_202' title='bbox 638 2014 674 2052; x_wconf 83' lang='lat' dir='ltr'>si,</span> <span class='ocrx_word' id='word_1_203' title='bbox 700 2025 756 2057; x_wconf 87' lang='lat' dir='ltr'>pro</span> <span class='ocrx_word' id='word_1_204' title='bbox 778 2014 907 2047; x_wconf 88' lang='lat' dir='ltr'>illorum</span> <span class='ocrx_word' id='word_1_205' title='bbox 928 2016 1013 2048; x_wconf 83' lang='lat' dir='ltr'>suffi-</span> 
     </span>
     <span class='ocr_line' id='line_1_39' title="bbox 263 2063 1013 2107; baseline 0 -10"><span class='ocrx_word' id='word_1_206' title='bbox 263 2064 358 2098; x_wconf 87' lang='lat' dir='ltr'>cienti</span> <span class='ocrx_word' id='word_1_207' title='bbox 375 2063 594 2106; x_wconf 71' lang='lat' dir='ltr'>derogatione,</span> <span class='ocrx_word' id='word_1_208' title='bbox 614 2064 651 2096; x_wconf 82' lang='lat' dir='ltr'>de</span> <span class='ocrx_word' id='word_1_209' title='bbox 670 2064 732 2096; x_wconf 86' lang='lat' dir='ltr'>illis</span> <span class='ocrx_word' id='word_1_210' title='bbox 744 2075 922 2107; x_wconf 73' lang='lat' dir='ltr'>eorumque</span> <span class='ocrx_word' id='word_1_211' title='bbox 940 2065 1013 2097; x_wconf 77' lang='lat' dir='ltr'>totis</span> 
     </span>
     <span class='ocr_line' id='line_1_40' title="bbox 262 2113 1011 2157; baseline 0.003 -11"><span class='ocrx_word' id='word_1_212' title='bbox 262 2113 430 2146; x_wconf 82' lang='lat' dir='ltr'>tenoribus</span> <span class='ocrx_word' id='word_1_213' title='bbox 451 2113 610 2157; x_wconf 85' lang='lat' dir='ltr'>specialis,</span> <span class='ocrx_word' id='word_1_214' title='bbox 630 2113 792 2156; x_wconf 80' lang='lat' dir='ltr'>specifica,</span> <span class='ocrx_word' id='word_1_215' title='bbox 816 2125 963 2157; x_wconf 84' lang='lat' dir='ltr'>expressa</span> <span class='ocrx_word' id='word_1_216' title='bbox 984 2121 1011 2148; x_wconf 88' lang='lat' dir='ltr'>et</span> 
     </span>
     <span class='ocr_line' id='line_1_41' title="bbox 262 2162 1012 2204; baseline 0.003 -8"><span class='ocrx_word' id='word_1_217' title='bbox 262 2162 426 2196; x_wconf 82' lang='lat' dir='ltr'>individua</span> <span class='ocrx_word' id='word_1_218' title='bbox 458 2174 494 2196; x_wconf 86' lang='lat' dir='ltr'>ac</span> <span class='ocrx_word' id='word_1_219' title='bbox 519 2163 557 2195; x_wconf 88' lang='lat' dir='ltr'>de</span> <span class='ocrx_word' id='word_1_220' title='bbox 582 2163 679 2196; x_wconf 78' lang='lat' dir='ltr'>verbo</span> <span class='ocrx_word' id='word_1_221' title='bbox 704 2164 741 2196; x_wconf 73' lang='lat' dir='ltr'>acl</span> <span class='ocrx_word' id='word_1_222' title='bbox 769 2163 920 2204; x_wconf 82' lang='lat' dir='ltr'>verbum,</span> <span class='ocrx_word' id='word_1_223' title='bbox 949 2176 1012 2198; x_wconf 92' lang='lat' dir='ltr'>non</span> 
     </span>
     <span class='ocr_line' id='line_1_42' title="bbox 262 2212 1013 2256; baseline 0.001 -11"><span class='ocrx_word' id='word_1_224' title='bbox 262 2218 369 2246; x_wconf 89' lang='lat' dir='ltr'>autem</span> <span class='ocrx_word' id='word_1_225' title='bbox 397 2223 454 2256; x_wconf 92' lang='lat' dir='ltr'>per</span> <span class='ocrx_word' id='word_1_226' title='bbox 478 2213 640 2245; x_wconf 75' lang='lat' dir='ltr'>clausulas</span> <span class='ocrx_word' id='word_1_227' title='bbox 663 2212 830 2254; x_wconf 70' lang='lat' dir='ltr'>generales</span> <span class='ocrx_word' id='word_1_228' title='bbox 850 2213 934 2246; x_wconf 87' lang='lat' dir='ltr'>idem</span> <span class='ocrx_word' id='word_1_229' title='bbox 956 2213 1013 2246; x_wconf 80' lang='lat' dir='ltr'>ini-</span> 
     </span>
     <span class='ocr_line' id='line_1_43' title="bbox 263 2262 1013 2306; baseline 0.001 -11"><span class='ocrx_word' id='word_1_230' title='bbox 263 2267 445 2306; x_wconf 82' lang='lat' dir='ltr'>portantes‚</span> <span class='ocrx_word' id='word_1_231' title='bbox 477 2262 596 2295; x_wconf 90' lang='lat' dir='ltr'>mentio</span> <span class='ocrx_word' id='word_1_232' title='bbox 631 2273 686 2295; x_wconf 87' lang='lat' dir='ltr'>seu</span> <span class='ocrx_word' id='word_1_233' title='bbox 716 2262 845 2305; x_wconf 73' lang='lat' dir='ltr'>quaevis</span> <span class='ocrx_word' id='word_1_234' title='bbox 874 2263 934 2296; x_wconf 82' lang='lat' dir='ltr'>alia</span> <span class='ocrx_word' id='word_1_235' title='bbox 962 2275 1013 2296; x_wconf 77' lang='lat' dir='ltr'>ex-</span> 
     </span>
     <span class='ocr_line' id='line_1_44' title="bbox 262 2311 1012 2356; baseline 0.003 -12"><span class='ocrx_word' id='word_1_236' title='bbox 262 2312 385 2355; x_wconf 86' lang='lat' dir='ltr'>pressio</span> <span class='ocrx_word' id='word_1_237' title='bbox 406 2311 564 2352; x_wconf 81' lang='lat' dir='ltr'>habenda,</span> <span class='ocrx_word' id='word_1_238' title='bbox 578 2316 633 2344; x_wconf 84' lang='lat' dir='ltr'>aut</span> <span class='ocrx_word' id='word_1_239' title='bbox 653 2311 760 2356; x_wconf 89' lang='lat' dir='ltr'>aliqua</span> <span class='ocrx_word' id='word_1_240' title='bbox 780 2312 842 2345; x_wconf 86' lang='lat' dir='ltr'>alia</span> <span class='ocrx_word' id='word_1_241' title='bbox 857 2313 1012 2356; x_wconf 80' lang='lat' dir='ltr'>exquisita</span> 
     </span>
     <span class='ocr_line' id='line_1_45' title="bbox 261 2360 1012 2400; baseline 0.003 -7"><span class='ocrx_word' id='word_1_242' title='bbox 261 2361 366 2393; x_wconf 80' lang='lat' dir='ltr'>forma</span> <span class='ocrx_word' id='word_1_243' title='bbox 395 2361 433 2393; x_wconf 86' lang='lat' dir='ltr'>ad</span> <span class='ocrx_word' id='word_1_244' title='bbox 466 2360 528 2393; x_wconf 88' lang='lat' dir='ltr'>hoc</span> <span class='ocrx_word' id='word_1_245' title='bbox 562 2361 714 2393; x_wconf 85' lang='lat' dir='ltr'>servanda</span> <span class='ocrx_word' id='word_1_246' title='bbox 748 2362 827 2394; x_wconf 86' lang='lat' dir='ltr'>soret</span> <span class='ocrx_word' id='word_1_247' title='bbox 842 2388 850 2400; x_wconf 81' lang='grc'>,</span> <span class='ocrx_word' id='word_1_248' title='bbox 885 2367 1012 2395; x_wconf 86' lang='lat' dir='ltr'>tenores</span> 
     </span>
     <span class='ocr_line' id='line_1_46' title="bbox 260 2408 1009 2451; baseline 0.003 -9"><span class='ocrx_word' id='word_1_249' title='bbox 260 2408 467 2449; x_wconf 87' lang='lat' dir='ltr'>huiusmodi,</span> <span class='ocrx_word' id='word_1_250' title='bbox 497 2420 534 2442; x_wconf 86' lang='lat' dir='ltr'>ac</span> <span class='ocrx_word' id='word_1_251' title='bbox 563 2409 588 2442; x_wconf 90' lang='lat' dir='ltr'>si</span> <span class='ocrx_word' id='word_1_252' title='bbox 617 2410 656 2442; x_wconf 89' lang='lat' dir='ltr'>de</span> <span class='ocrx_word' id='word_1_253' title='bbox 675 2411 771 2443; x_wconf 84' lang='lat' dir='ltr'>verbo</span> <span class='ocrx_word' id='word_1_254' title='bbox 805 2410 844 2443; x_wconf 87' lang='lat' dir='ltr'>ad</span> <span class='ocrx_word' id='word_1_255' title='bbox 865 2411 1009 2451; x_wconf 87' lang='lat' dir='ltr'>verbum,</span> 
     </span>
     <span class='ocr_line' id='line_1_47' title="bbox 260 2457 1012 2501; baseline 0.004 -11"><span class='ocrx_word' id='word_1_256' title='bbox 260 2457 341 2490; x_wconf 89' lang='lat' dir='ltr'>nihil</span> <span class='ocrx_word' id='word_1_257' title='bbox 361 2458 490 2501; x_wconf 88' lang='lat' dir='ltr'>penitus</span> <span class='ocrx_word' id='word_1_258' title='bbox 510 2458 638 2498; x_wconf 88' lang='lat' dir='ltr'>omisso,</span> <span class='ocrx_word' id='word_1_259' title='bbox 655 2464 686 2492; x_wconf 89' lang='lat' dir='ltr'>et</span> <span class='ocrx_word' id='word_1_260' title='bbox 701 2460 801 2493; x_wconf 82' lang='lat' dir='ltr'>forma</span> <span class='ocrx_word' id='word_1_261' title='bbox 824 2460 855 2492; x_wconf 91' lang='lat' dir='ltr'>in</span> <span class='ocrx_word' id='word_1_262' title='bbox 872 2460 934 2492; x_wconf 90' lang='lat' dir='ltr'>illis</span> <span class='ocrx_word' id='word_1_263' title='bbox 949 2465 1012 2493; x_wconf 87' lang='lat' dir='ltr'>tra-</span> 
     </span>
     <span class='ocr_line' id='line_1_48' title="bbox 261 2506 1012 2553; baseline 0.004 -14"><span class='ocrx_word' id='word_1_264' title='bbox 261 2506 326 2540; x_wconf 82' lang='lat' dir='ltr'>dita</span> <span class='ocrx_word' id='word_1_265' title='bbox 336 2507 511 2546; x_wconf 75' lang='lat' dir='ltr'>observata,</span> <span class='ocrx_word' id='word_1_266' title='bbox 528 2507 638 2540; x_wconf 86' lang='lat' dir='ltr'>inserti</span> <span class='ocrx_word' id='word_1_267' title='bbox 654 2508 770 2548; x_wconf 80' lang='lat' dir='ltr'>forent,</span> <span class='ocrx_word' id='word_1_268' title='bbox 790 2509 1012 2553; x_wconf 82' lang='lat' dir='ltr'>praesentibus</span> 
     </span>
    </p>

    <p class='ocr_par' dir='ltr' id='par_1_6' title="bbox 260 2564 1012 2690">
     <span class='ocr_line' id='line_1_49' title="bbox 298 2564 1012 2601; baseline 0.003 -11"><span class='ocrx_word' id='word_1_269' title='bbox 298 2566 307 2590; x_wconf 81' lang='lat'>¹</span> <span class='ocrx_word' id='word_1_270' title='bbox 331 2564 460 2596; x_wconf 56' lang='lat' dir='ltr'>Cherub„</span> <span class='ocrx_word' id='word_1_271' title='bbox 476 2575 501 2591; x_wconf 76' lang='lat' dir='ltr'>tn</span> <span class='ocrx_word' id='word_1_272' title='bbox 522 2568 616 2598; x_wconf 69' lang='lat' dir='ltr'>quibus</span> <span class='ocrx_word' id='word_1_273' title='bbox 633 2569 769 2597; x_wconf 64' lang='lat' dir='ltr'>rrqvtarin</span> <span class='ocrx_word' id='word_1_274' title='bbox 783 2570 907 2601; x_wconf 63' lang='lat' dir='ltr'>beneficia</span> <span class='ocrx_word' id='word_1_275' title='bbox 920 2571 1012 2594; x_wconf 58' lang='lat' dir='ltr'>hurm-</span> 
     </span>
     <span class='ocr_line' id='line_1_50' title="bbox 260 2609 1011 2645; baseline 0.003 -9"><span class='ocrx_word' id='word_1_276' title='bbox 260 2612 331 2636; x_wconf 55' lang='lat' dir='ltr'>medi</span> <span class='ocrx_word' id='word_1_277' title='bbox 352 2609 444 2643; x_wconf 67' lang='lat' dir='ltr'>sot-sun</span> <span class='ocrx_word' id='word_1_278' title='bbox 455 2610 554 2643; x_wconf 76' lang='lat' dir='ltr'>suerin!</span> <span class='ocrx_word' id='word_1_279' title='bbox 569 2631 576 2642; x_wconf 89' lang='lat'><strong>‚</strong></span> <span class='ocrx_word' id='word_1_280' title='bbox 591 2620 635 2637; x_wconf 77' lang='lat' dir='ltr'>seu</span> <span class='ocrx_word' id='word_1_281' title='bbox 656 2622 671 2637; x_wconf 80' lang='lat' dir='ltr'>a</span> <span class='ocrx_word' id='word_1_282' title='bbox 691 2614 783 2645; x_wconf 75' lang='lat' dir='ltr'>quibus</span> <span class='ocrx_word' id='word_1_283' title='bbox 805 2615 861 2645; x_wconf 54' lang='lat' dir='ltr'>ipsa</span> <span class='ocrx_word' id='word_1_284' title='bbox 874 2615 1011 2645; x_wconf 67' lang='lat' dir='ltr'>rewtluria</span> 
     </span>
     <span class='ocr_line' id='line_1_51' title="bbox 260 2655 438 2690; baseline -0.006 -9"><span class='ocrx_word' id='word_1_285' title='bbox 260 2658 312 2681; x_wconf 84' lang='lat' dir='ltr'>etc.</span> <span class='ocrx_word' id='word_1_286' title='bbox 329 2655 369 2689; x_wconf 84' lang='lat' dir='ltr'>(n.</span> <span class='ocrx_word' id='word_1_287' title='bbox 389 2655 438 2690; x_wconf 88' lang='grc' dir='ltr'>τ.).</span> 
     </span>
    </p>
   </div>
   <div class='ocr_carea' id='block_1_6' title="bbox 341 2700 851 2731">
    <p class='ocr_par' dir='ltr' id='par_1_7' title="bbox 341 2700 851 2731">
     <span class='ocr_line' id='line_1_52' title="bbox 341 2700 851 2731; baseline 0.002 -1"><span class='ocrx_word' id='word_1_288' title='bbox 341 2700 412 2730; x_wconf 70' lang='lat' dir='ltr'>Ball.</span> <span class='ocrx_word' id='word_1_289' title='bbox 434 2700 508 2730; x_wconf 77' lang='lat' dir='ltr'>ltom.</span> <span class='ocrx_word' id='word_1_290' title='bbox 539 2701 591 2729; x_wconf 73' lang='lat' dir='ltr'>t&#39;nl.</span> <span class='ocrx_word' id='word_1_291' title='bbox 616 2701 658 2730; x_wconf 70' lang='lat' dir='ltr'>l&#39;I.</span> <span class='ocrx_word' id='word_1_292' title='bbox 815 2701 851 2731; x_wconf 76' lang='grc'>56</span> 
     </span>
    </p>
   </div>
   <div class='ocr_carea' id='block_1_7' title="bbox 1032 1062 1042 2640">
    <p class='ocr_par' dir='ltr' id='par_1_8' title="bbox 1032 1062 1042 2640">
     <span class='ocr_line' id='line_1_53' title="bbox 1032 1062 1042 2640; baseline 0 0"><span class='ocrx_word' id='word_1_293' title='bbox 1032 1062 1042 2640; x_wconf 95' lang='lat' dir='ltr'> </span> 
     </span>
    </p>
   </div>
   <div class='ocr_carea' id='block_1_8' title="bbox 1060 417 1814 1373">
    <p class='ocr_par' dir='ltr' id='par_1_9' title="bbox 1060 417 1814 1373">
     <span class='ocr_line' id='line_1_54' title="bbox 1066 417 1814 462; baseline -0.001 -11"><span class='ocrx_word' id='word_1_294' title='bbox 1066 419 1230 451; x_wconf 80' lang='lat' dir='ltr'>dumtaxat</span> <span class='ocrx_word' id='word_1_295' title='bbox 1250 418 1432 462; x_wconf 78' lang='lat' dir='ltr'>specialiter</span> <span class='ocrx_word' id='word_1_296' title='bbox 1451 421 1481 450; x_wconf 87' lang='lat' dir='ltr'>et</span> <span class='ocrx_word' id='word_1_297' title='bbox 1508 427 1655 461; x_wconf 86' lang='lat' dir='ltr'>expresse</span> <span class='ocrx_word' id='word_1_298' title='bbox 1684 417 1814 460; x_wconf 72' lang='lat' dir='ltr'>deroga-</span> 
     </span>
     <span class='ocr_line' id='line_1_55' title="bbox 1066 471 1813 513; baseline -0.003 -9"><span class='ocrx_word' id='word_1_299' title='bbox 1066 483 1148 513; x_wconf 88' lang='lat' dir='ltr'>mus,</span> <span class='ocrx_word' id='word_1_300' title='bbox 1161 479 1191 504; x_wconf 81' lang='lat' dir='ltr'>et</span> <span class='ocrx_word' id='word_1_301' title='bbox 1208 471 1601 513; x_wconf 77' lang='lat' dir='ltr'>sufficienterderogatum</span> <span class='ocrx_word' id='word_1_302' title='bbox 1617 481 1685 503; x_wconf 88' lang='lat' dir='ltr'>esse</span> <span class='ocrx_word' id='word_1_303' title='bbox 1705 471 1813 503; x_wconf 89' lang='lat' dir='ltr'>decer-</span> 
     </span>
     <span class='ocr_line' id='line_1_56' title="bbox 1066 523 1811 567; baseline 0 -10"><span class='ocrx_word' id='word_1_304' title='bbox 1066 525 1184 565; x_wconf 86' lang='lat' dir='ltr'>nimus,</span> <span class='ocrx_word' id='word_1_305' title='bbox 1211 524 1379 558; x_wconf 78' lang='lat' dir='ltr'>contrariis</span> <span class='ocrx_word' id='word_1_306' title='bbox 1403 523 1675 567; x_wconf 87' lang='lat' dir='ltr'>quibuscumque.</span> <span class='ocrx_word' id='word_1_307' title='bbox 1702 524 1763 557; x_wconf 77' lang='lat' dir='ltr'>Aut</span> <span class='ocrx_word' id='word_1_308' title='bbox 1788 525 1811 557; x_wconf 87' lang='lat' dir='ltr'>si</span> 
     </span>
     <span class='ocr_line' id='line_1_57' title="bbox 1065 577 1812 622; baseline 0 -11"><span class='ocrx_word' id='word_1_309' title='bbox 1065 579 1238 622; x_wconf 76' lang='lat' dir='ltr'>aliquibus,</span> <span class='ocrx_word' id='word_1_310' title='bbox 1273 578 1490 611; x_wconf 76' lang='lat' dir='ltr'>communiter</span> <span class='ocrx_word' id='word_1_311' title='bbox 1528 578 1576 610; x_wconf 81' lang='lat' dir='ltr'>vel</span> <span class='ocrx_word' id='word_1_312' title='bbox 1607 577 1750 618; x_wconf 72' lang='lat' dir='ltr'>divisim,</span> <span class='ocrx_word' id='word_1_313' title='bbox 1773 578 1812 611; x_wconf 86' lang='lat' dir='ltr'>ab</span> 
     </span>
     <span class='ocr_line' id='line_1_58' title="bbox 1065 631 1810 675; baseline 0.003 -10"><span class='ocrx_word' id='word_1_314' title='bbox 1065 633 1174 666; x_wconf 83' lang='lat' dir='ltr'>eadem</span> <span class='ocrx_word' id='word_1_315' title='bbox 1197 632 1235 665; x_wconf 89' lang='lat' dir='ltr'>sit</span> <span class='ocrx_word' id='word_1_316' title='bbox 1255 633 1335 666; x_wconf 82' lang='lat' dir='ltr'>Sede</span> <span class='ocrx_word' id='word_1_317' title='bbox 1356 632 1516 664; x_wconf 88' lang='lat' dir='ltr'>indultum</span> <span class='ocrx_word' id='word_1_318' title='bbox 1537 631 1623 675; x_wconf 89' lang='lat' dir='ltr'>quod</span> <span class='ocrx_word' id='word_1_319' title='bbox 1649 631 1810 667; x_wconf 60' lang='lat' dir='ltr'>interdici,</span> 
     </span>
     <span class='ocr_line' id='line_1_59' title="bbox 1064 685 1812 731; baseline 0.001 -14"><span class='ocrx_word' id='word_1_320' title='bbox 1064 686 1215 731; x_wconf 85' lang='lat' dir='ltr'>suspendi</span> <span class='ocrx_word' id='word_1_321' title='bbox 1234 687 1281 720; x_wconf 81' lang='lat' dir='ltr'>vel</span> <span class='ocrx_word' id='word_1_322' title='bbox 1310 685 1582 719; x_wconf 78' lang='lat' dir='ltr'>excommunicari</span> <span class='ocrx_word' id='word_1_323' title='bbox 1603 696 1667 718; x_wconf 91' lang='lat' dir='ltr'>non</span> <span class='ocrx_word' id='word_1_324' title='bbox 1692 685 1812 729; x_wconf 86' lang='lat' dir='ltr'>possint</span> 
     </span>
     <span class='ocr_line' id='line_1_60' title="bbox 1064 738 1812 784; baseline 0.001 -12"><span class='ocrx_word' id='word_1_325' title='bbox 1064 751 1121 783; x_wconf 90' lang='lat' dir='ltr'>per</span> <span class='ocrx_word' id='word_1_326' title='bbox 1140 740 1248 773; x_wconf 84' lang='lat' dir='ltr'>literas</span> <span class='ocrx_word' id='word_1_327' title='bbox 1267 739 1459 784; x_wconf 88' lang='lat' dir='ltr'>apostolicas</span> <span class='ocrx_word' id='word_1_328' title='bbox 1483 749 1547 772; x_wconf 91' lang='lat' dir='ltr'>non</span> <span class='ocrx_word' id='word_1_329' title='bbox 1573 738 1725 772; x_wconf 85' lang='lat' dir='ltr'>facientes</span> <span class='ocrx_word' id='word_1_330' title='bbox 1745 740 1812 783; x_wconf 87' lang='lat' dir='ltr'>ple-</span> 
     </span>
     <span class='ocr_line' id='line_1_61' title="bbox 1064 792 1811 837; baseline -0.001 -11"><span class='ocrx_word' id='word_1_331' title='bbox 1064 804 1138 825; x_wconf 85' lang='lat' dir='ltr'>nam</span> <span class='ocrx_word' id='word_1_332' title='bbox 1159 799 1187 826; x_wconf 88' lang='lat' dir='ltr'>et</span> <span class='ocrx_word' id='word_1_333' title='bbox 1209 803 1390 837; x_wconf 85' lang='lat' dir='ltr'>expressam</span> <span class='ocrx_word' id='word_1_334' title='bbox 1412 803 1447 825; x_wconf 85' lang='lat' dir='ltr'>ac</span> <span class='ocrx_word' id='word_1_335' title='bbox 1468 792 1506 825; x_wconf 92' lang='lat' dir='ltr'>de</span> <span class='ocrx_word' id='word_1_336' title='bbox 1517 792 1613 825; x_wconf 83' lang='lat' dir='ltr'>verbo</span> <span class='ocrx_word' id='word_1_337' title='bbox 1630 792 1811 826; x_wconf 84' lang='lat' dir='ltr'>adverbum</span> 
     </span>
     <span class='ocr_line' id='line_1_62' title="bbox 1063 845 1812 890; baseline 0 -11"><span class='ocrx_word' id='word_1_338' title='bbox 1063 847 1100 879; x_wconf 89' lang='lat' dir='ltr'>de</span> <span class='ocrx_word' id='word_1_339' title='bbox 1121 847 1245 879; x_wconf 90' lang='lat' dir='ltr'>indulto</span> <span class='ocrx_word' id='word_1_340' title='bbox 1262 845 1448 879; x_wconf 87' lang='lat' dir='ltr'>huiusmodi</span> <span class='ocrx_word' id='word_1_341' title='bbox 1465 846 1673 885; x_wconf 81' lang='lat' dir='ltr'>mentionem,</span> <span class='ocrx_word' id='word_1_342' title='bbox 1693 852 1723 879; x_wconf 90' lang='lat' dir='ltr'>et</span> <span class='ocrx_word' id='word_1_343' title='bbox 1743 846 1812 890; x_wconf 86' lang='lat' dir='ltr'>qui-</span> 
     </span>
     <span class='ocr_line' id='line_1_63' title="bbox 1063 899 1813 943; baseline 0.001 -11"><span class='ocrx_word' id='word_1_344' title='bbox 1063 900 1201 933; x_wconf 87' lang='lat' dir='ltr'>buslibet</span> <span class='ocrx_word' id='word_1_345' title='bbox 1224 900 1294 933; x_wconf 90' lang='lat' dir='ltr'>aliis</span> <span class='ocrx_word' id='word_1_346' title='bbox 1326 899 1515 943; x_wconf 71' lang='lat' dir='ltr'>privilegiis,</span> <span class='ocrx_word' id='word_1_347' title='bbox 1551 899 1759 942; x_wconf 74' lang='lat' dir='ltr'>indulgentiis</span> <span class='ocrx_word' id='word_1_348' title='bbox 1782 905 1813 933; x_wconf 87' lang='lat' dir='ltr'>et</span> 
     </span>
     <span class='ocr_line' id='line_1_64' title="bbox 1063 952 1810 996; baseline 0.001 -11"><span class='ocrx_word' id='word_1_349' title='bbox 1063 953 1162 986; x_wconf 87' lang='lat' dir='ltr'>literis</span> <span class='ocrx_word' id='word_1_350' title='bbox 1185 953 1381 996; x_wconf 79' lang='lat' dir='ltr'>apostolicis,</span> <span class='ocrx_word' id='word_1_351' title='bbox 1395 952 1597 994; x_wconf 75' lang='lat' dir='ltr'>generalibus</span> <span class='ocrx_word' id='word_1_352' title='bbox 1622 954 1668 985; x_wconf 90' lang='lat' dir='ltr'>vel</span> <span class='ocrx_word' id='word_1_353' title='bbox 1689 953 1810 995; x_wconf 73' lang='lat' dir='ltr'>specia-</span> 
     </span>
     <span class='ocr_line' id='line_1_65' title="bbox 1062 1007 1808 1051; baseline 0.001 -12"><span class='ocrx_word' id='word_1_354' title='bbox 1062 1007 1157 1047; x_wconf 89' lang='lat' dir='ltr'>libus,</span> <span class='ocrx_word' id='word_1_355' title='bbox 1180 1017 1464 1051; x_wconf 75' lang='lat' dir='ltr'>quorumcumque</span> <span class='ocrx_word' id='word_1_356' title='bbox 1484 1011 1634 1039; x_wconf 87' lang='lat' dir='ltr'>tenorum</span> <span class='ocrx_word' id='word_1_357' title='bbox 1662 1007 1808 1047; x_wconf 80' lang='lat' dir='ltr'>existant,</span> 
     </span>
     <span class='ocr_line' id='line_1_66' title="bbox 1063 1059 1809 1105; baseline 0 -12"><span class='ocrx_word' id='word_1_358' title='bbox 1063 1071 1119 1105; x_wconf 87' lang='lat' dir='ltr'>per</span> <span class='ocrx_word' id='word_1_359' title='bbox 1139 1072 1233 1104; x_wconf 86' lang='lat' dir='ltr'>quae,</span> <span class='ocrx_word' id='word_1_360' title='bbox 1257 1059 1479 1104; x_wconf 84' lang='lat' dir='ltr'>praesentibus</span> <span class='ocrx_word' id='word_1_361' title='bbox 1500 1070 1564 1092; x_wconf 90' lang='lat' dir='ltr'>non</span> <span class='ocrx_word' id='word_1_362' title='bbox 1591 1071 1739 1104; x_wconf 72' lang='lat' dir='ltr'>expressa</span> <span class='ocrx_word' id='word_1_363' title='bbox 1763 1062 1809 1093; x_wconf 84' lang='lat' dir='ltr'>vel</span> 
     </span>
     <span class='ocr_line' id='line_1_67' title="bbox 1062 1114 1810 1153; baseline 0 -6"><span class='ocrx_word' id='word_1_364' title='bbox 1062 1115 1201 1148; x_wconf 83' lang='lat' dir='ltr'>totaliter</span> <span class='ocrx_word' id='word_1_365' title='bbox 1225 1125 1288 1147; x_wconf 92' lang='lat' dir='ltr'>non</span> <span class='ocrx_word' id='word_1_366' title='bbox 1314 1114 1590 1153; x_wconf 76' lang='lat' dir='ltr'>inserta,effectus</span> <span class='ocrx_word' id='word_1_367' title='bbox 1614 1125 1724 1147; x_wconf 81' lang='lat' dir='ltr'>earum</span> <span class='ocrx_word' id='word_1_368' title='bbox 1750 1115 1810 1147; x_wconf 90' lang='lat' dir='ltr'>im—</span> 
     </span>
     <span class='ocr_line' id='line_1_68' title="bbox 1062 1167 1811 1212; baseline -0.003 -11"><span class='ocrx_word' id='word_1_369' title='bbox 1062 1167 1163 1212; x_wconf 87' lang='lat' dir='ltr'>pediri</span> <span class='ocrx_word' id='word_1_370' title='bbox 1184 1169 1285 1201; x_wconf 81' lang='lat' dir='ltr'>valeat</span> <span class='ocrx_word' id='word_1_371' title='bbox 1301 1167 1543 1211; x_wconf 84' lang='lat' dir='ltr'>quomodolibet</span> <span class='ocrx_word' id='word_1_372' title='bbox 1563 1168 1610 1199; x_wconf 80' lang='lat' dir='ltr'>vel</span> <span class='ocrx_word' id='word_1_373' title='bbox 1633 1167 1763 1207; x_wconf 87' lang='lat' dir='ltr'>dill&#39;erri,</span> <span class='ocrx_word' id='word_1_374' title='bbox 1780 1173 1811 1199; x_wconf 92' lang='lat' dir='ltr'>et</span> 
     </span>
     <span class='ocr_line' id='line_1_69' title="bbox 1060 1220 1809 1265; baseline -0.001 -11"><span class='ocrx_word' id='word_1_375' title='bbox 1060 1222 1098 1255; x_wconf 89' lang='lat' dir='ltr'>de</span> <span class='ocrx_word' id='word_1_376' title='bbox 1118 1222 1237 1265; x_wconf 87' lang='lat' dir='ltr'>quibus</span> <span class='ocrx_word' id='word_1_377' title='bbox 1257 1232 1462 1265; x_wconf 73' lang='lat' dir='ltr'>quorumque</span> <span class='ocrx_word' id='word_1_378' title='bbox 1487 1220 1561 1253; x_wconf 86' lang='lat' dir='ltr'>totis</span> <span class='ocrx_word' id='word_1_379' title='bbox 1583 1220 1747 1254; x_wconf 88' lang='lat' dir='ltr'>tenoribus</span> <span class='ocrx_word' id='word_1_380' title='bbox 1772 1221 1809 1253; x_wconf 82' lang='lat' dir='ltr'>sle</span> 
     </span>
     <span class='ocr_line' id='line_1_70' title="bbox 1060 1274 1810 1309; baseline -0.001 -2"><span class='ocrx_word' id='word_1_381' title='bbox 1060 1276 1156 1309; x_wconf 80' lang='lat' dir='ltr'>verbo</span> <span class='ocrx_word' id='word_1_382' title='bbox 1179 1276 1219 1308; x_wconf 87' lang='lat' dir='ltr'>ad</span> <span class='ocrx_word' id='word_1_383' title='bbox 1242 1276 1375 1308; x_wconf 74' lang='lat' dir='ltr'>verbum</span> <span class='ocrx_word' id='word_1_384' title='bbox 1403 1274 1548 1307; x_wconf 77' lang='lat' dir='ltr'>habenda</span> <span class='ocrx_word' id='word_1_385' title='bbox 1573 1274 1612 1307; x_wconf 90' lang='lat' dir='ltr'>sit</span> <span class='ocrx_word' id='word_1_386' title='bbox 1636 1274 1668 1306; x_wconf 91' lang='lat' dir='ltr'>in</span> <span class='ocrx_word' id='word_1_387' title='bbox 1694 1275 1810 1308; x_wconf 81' lang='lat' dir='ltr'>nostris</span> 
     </span>
     <span class='ocr_line' id='line_1_71' title="bbox 1061 1328 1475 1373; baseline -0.005 -11"><span class='ocrx_word' id='word_1_388' title='bbox 1061 1329 1158 1362; x_wconf 90' lang='lat' dir='ltr'>literis</span> <span class='ocrx_word' id='word_1_389' title='bbox 1179 1328 1298 1362; x_wconf 83' lang='lat' dir='ltr'>mentio</span> <span class='ocrx_word' id='word_1_390' title='bbox 1318 1328 1475 1373; x_wconf 84' lang='lat' dir='ltr'>specialis.</span> 
     </span>
    </p>
   </div>
   <div class='ocr_carea' id='block_1_9' title="bbox 1103 1381 1912 1427">
    <p class='ocr_par' dir='ltr' id='par_1_10' title="bbox 1103 1381 1912 1427">
     <span class='ocr_line' id='line_1_72' title="bbox 1103 1381 1912 1427; baseline -0.01 -11"><span class='ocrx_word' id='word_1_391' title='bbox 1103 1382 1190 1427; x_wconf 55' lang='lat' dir='ltr'>§⁹2ss.</span> <span class='ocrx_word' id='word_1_392' title='bbox 1219 1383 1374 1416; x_wconf 72' lang='lat' dir='ltr'>Volumus</span> <span class='ocrx_word' id='word_1_393' title='bbox 1402 1388 1509 1415; x_wconf 86' lang='lat' dir='ltr'>autem</span> <span class='ocrx_word' id='word_1_394' title='bbox 1539 1381 1625 1425; x_wconf 83' lang='lat' dir='ltr'>quod</span> <span class='ocrx_word' id='word_1_395' title='bbox 1652 1381 1726 1414; x_wconf 70' lang='lat' dir='ltr'>dicti</span> <span class='ocrx_word' id='word_1_396' title='bbox 1754 1394 1809 1426; x_wconf 83' lang='lat' dir='ltr'>pa-</span> <span class='ocrx_word' id='word_1_397' title='bbox 1840 1390 1912 1410; x_wconf 49' lang='lat' dir='ltr'>imm</span> 
     </span>
    </p>
   </div>
   <div class='ocr_carea' id='block_1_10' title="bbox 1898 256 2005 281">
    <p class='ocr_par' dir='ltr' id='par_1_11' title="bbox 1898 256 2005 281">
     <span class='ocr_line' id='line_1_73' title="bbox 1898 256 2005 281; baseline 0.009 -1"><span class='ocrx_word' id='word_1_398' title='bbox 1898 256 1915 274; x_wconf 57' lang='grc' dir='ltr'><em>Γ</em></span> <span class='ocrx_word' id='word_1_399' title='bbox 1946 256 2005 281; x_wconf 58' lang='grc' dir='ltr'>ἐὶἱὲἐὶ</span> 
     </span>
    </p>
   </div>
   <div class='ocr_carea' id='block_1_11' title="bbox 1917 1392 2008 1411">
    <p class='ocr_par' dir='ltr' id='par_1_12' title="bbox 1917 1392 2008 1411">
     <span class='ocr_line' id='line_1_74' title="bbox 1917 1392 2008 1411; baseline 0.022 -3"><span class='ocrx_word' id='word_1_400' title='bbox 1917 1392 1957 1411; x_wconf 66' lang='grc' dir='ltr'>,ιιῑο</span> <span class='ocrx_word' id='word_1_401' title='bbox 1969 1392 2008 1410; x_wconf 63' lang='lat' dir='ltr'>vir-</span> 
     </span>
    </p>
   </div>
   <div class='ocr_carea' id='block_1_12' title="bbox 1060 1428 1984 1480">
    <p class='ocr_par' dir='ltr' id='par_1_13' title="bbox 1060 1428 1984 1480">
     <span class='ocr_line' id='line_1_75' title="bbox 1060 1428 1984 1480; baseline 0.002 -11"><span class='ocrx_word' id='word_1_402' title='bbox 1060 1436 1230 1475; x_wconf 80' lang='lat' dir='ltr'>triarcbac,</span> <span class='ocrx_word' id='word_1_403' title='bbox 1254 1436 1489 1480; x_wconf 77' lang='lat' dir='ltr'>archiepiscopi</span> <span class='ocrx_word' id='word_1_404' title='bbox 1514 1441 1544 1469; x_wconf 89' lang='lat' dir='ltr'>et</span> <span class='ocrx_word' id='word_1_405' title='bbox 1568 1436 1709 1480; x_wconf 83' lang='lat' dir='ltr'>episcopi</span> <span class='ocrx_word' id='word_1_406' title='bbox 1733 1428 1932 1480; x_wconf 32' lang='lat' dir='ltr'>poc-is}1</span> <span class='ocrx_word' id='word_1_407' title='bbox 1967 1455 1984 1472; x_wconf 61' lang='grc' dir='ltr'>,ι</span> 
     </span>
    </p>
   </div>
   <div class='ocr_carea' id='block_1_13' title="bbox 1057 1490 1811 1912">
    <p class='ocr_par' dir='ltr' id='par_1_14' title="bbox 1057 1490 1811 1912">
     <span class='ocr_line' id='line_1_76' title="bbox 1060 1490 1811 1535; baseline 0.001 -13"><span class='ocrx_word' id='word_1_408' title='bbox 1060 1490 1224 1523; x_wconf 81' lang='lat' dir='ltr'>nitentium</span> <span class='ocrx_word' id='word_1_409' title='bbox 1260 1500 1317 1534; x_wconf 70' lang='lat' dir='ltr'>per</span> <span class='ocrx_word' id='word_1_410' title='bbox 1338 1490 1580 1531; x_wconf 72' lang='lat' dir='ltr'>comessorem,</span> <span class='ocrx_word' id='word_1_411' title='bbox 1622 1503 1719 1535; x_wconf 87' lang='lat' dir='ltr'>quem</span> <span class='ocrx_word' id='word_1_412' title='bbox 1751 1491 1811 1524; x_wconf 85' lang='lat' dir='ltr'>sin-</span> 
     </span>
     <span class='ocr_line' id='line_1_77' title="bbox 1058 1544 1810 1589; baseline 0.004 -13"><span class='ocrx_word' id='word_1_413' title='bbox 1058 1544 1124 1586; x_wconf 66' lang='lat' dir='ltr'>guli</span> <span class='ocrx_word' id='word_1_414' title='bbox 1145 1555 1258 1576; x_wconf 87' lang='lat' dir='ltr'>eorum</span> <span class='ocrx_word' id='word_1_415' title='bbox 1279 1544 1426 1577; x_wconf 81' lang='lat' dir='ltr'>duxerint</span> <span class='ocrx_word' id='word_1_416' title='bbox 1454 1545 1656 1587; x_wconf 72' lang='lat' dir='ltr'>eligendum,</span> <span class='ocrx_word' id='word_1_417' title='bbox 1687 1546 1731 1578; x_wconf 89' lang='lat' dir='ltr'>eis</span> <span class='ocrx_word' id='word_1_418' title='bbox 1753 1557 1810 1589; x_wconf 91' lang='lat' dir='ltr'>pro</span> 
     </span>
     <span class='ocr_line' id='line_1_78' title="bbox 1059 1598 1810 1642; baseline 0.003 -12"><span class='ocrx_word' id='word_1_419' title='bbox 1059 1598 1241 1641; x_wconf 81' lang='lat' dir='ltr'>praemissis</span> <span class='ocrx_word' id='word_1_420' title='bbox 1262 1598 1510 1639; x_wconf 64' lang='lat' dir='ltr'>iniungendam,</span> <span class='ocrx_word' id='word_1_421' title='bbox 1533 1599 1710 1642; x_wconf 56' lang='lat' dir='ltr'>attimptnre</span> <span class='ocrx_word' id='word_1_422' title='bbox 1740 1611 1810 1632; x_wconf 92' lang='lat' dir='ltr'>om-</span> 
     </span>
     <span class='ocr_line' id='line_1_79' title="bbox 1058 1652 1809 1696; baseline 0.001 -12"><span class='ocrx_word' id='word_1_423' title='bbox 1058 1652 1135 1684; x_wconf 91' lang='lat' dir='ltr'>nino</span> <span class='ocrx_word' id='word_1_424' title='bbox 1157 1657 1336 1685; x_wconf 81' lang='lat' dir='ltr'>teneantur.</span> <span class='ocrx_word' id='word_1_425' title='bbox 1365 1652 1399 1684; x_wconf 81' lang='lat' dir='ltr'>Et</span> <span class='ocrx_word' id='word_1_426' title='bbox 1421 1663 1478 1691; x_wconf 88' lang='lat' dir='ltr'>ne,</span> <span class='ocrx_word' id='word_1_427' title='bbox 1508 1653 1593 1696; x_wconf 79' lang='lat' dir='ltr'>quod</span> <span class='ocrx_word' id='word_1_428' title='bbox 1614 1653 1710 1694; x_wconf 83' lang='lat' dir='ltr'>absit,</span> <span class='ocrx_word' id='word_1_429' title='bbox 1734 1653 1809 1687; x_wconf 82' lang='lat' dir='ltr'>dicti</span> 
     </span>
     <span class='ocr_line' id='line_1_80' title="bbox 1058 1706 1808 1751; baseline 0.003 -14"><span class='ocrx_word' id='word_1_430' title='bbox 1058 1706 1284 1750; x_wconf 66' lang='lat' dir='ltr'>patriam-bae,</span> <span class='ocrx_word' id='word_1_431' title='bbox 1321 1706 1555 1751; x_wconf 79' lang='lat' dir='ltr'>arebiepiseopi</span> <span class='ocrx_word' id='word_1_432' title='bbox 1590 1712 1620 1739; x_wconf 87' lang='lat' dir='ltr'>et</span> <span class='ocrx_word' id='word_1_433' title='bbox 1647 1708 1808 1751; x_wconf 65' lang='lat' dir='ltr'>episcopi,</span> 
     </span>
     <span class='ocr_line' id='line_1_81' title="bbox 1060 1760 1808 1804; baseline 0.003 -12"><span class='ocrx_word' id='word_1_434' title='bbox 1060 1765 1190 1804; x_wconf 87' lang='lat' dir='ltr'>propter</span> <span class='ocrx_word' id='word_1_435' title='bbox 1210 1760 1395 1793; x_wconf 81' lang='lat' dir='ltr'>huiusmodi</span> <span class='ocrx_word' id='word_1_436' title='bbox 1412 1760 1543 1803; x_wconf 63' lang='lat' dir='ltr'>gratiam</span> <span class='ocrx_word' id='word_1_437' title='bbox 1564 1760 1609 1793; x_wconf 81' lang='lat' dir='ltr'>vel</span> <span class='ocrx_word' id='word_1_438' title='bbox 1627 1761 1808 1794; x_wconf 64' lang='lat' dir='ltr'>concessio-</span> 
     </span>
     <span class='ocr_line' id='line_1_82' title="bbox 1059 1813 1809 1859; baseline 0.005 -14"><span class='ocrx_word' id='word_1_439' title='bbox 1059 1824 1130 1846; x_wconf 84' lang='lat' dir='ltr'>nem</span> <span class='ocrx_word' id='word_1_440' title='bbox 1143 1813 1278 1853; x_wconf 62' lang='lat' dir='ltr'>eligendi</span> <span class='ocrx_word' id='word_1_441' title='bbox 1297 1814 1524 1853; x_wconf 72' lang='lat' dir='ltr'>confessorem,</span> <span class='ocrx_word' id='word_1_442' title='bbox 1542 1814 1716 1848; x_wconf 78' lang='lat' dir='ltr'>reddantur</span> <span class='ocrx_word' id='word_1_443' title='bbox 1738 1827 1809 1859; x_wconf 76' lang='lat' dir='ltr'>pro-</span> 
     </span>
     <span class='ocr_line' id='line_1_83' title="bbox 1057 1867 1809 1912; baseline 0.003 -12"><span class='ocrx_word' id='word_1_444' title='bbox 1057 1867 1203 1901; x_wconf 81' lang='lat' dir='ltr'>cliviores</span> <span class='ocrx_word' id='word_1_445' title='bbox 1219 1868 1255 1900; x_wconf 87' lang='lat' dir='ltr'>ad</span> <span class='ocrx_word' id='word_1_446' title='bbox 1280 1868 1388 1900; x_wconf 80' lang='lat' dir='ltr'>illicita</span> <span class='ocrx_word' id='word_1_447' title='bbox 1413 1868 1443 1900; x_wconf 93' lang='lat' dir='ltr'>in</span> <span class='ocrx_word' id='word_1_448' title='bbox 1469 1874 1632 1912; x_wconf 79' lang='lat' dir='ltr'>posterum</span> <span class='ocrx_word' id='word_1_449' title='bbox 1660 1870 1809 1902; x_wconf 83' lang='lat' dir='ltr'>conunit-</span> 
     </span>
    </p>
   </div>
   <div class='ocr_carea' id='block_1_14' title="bbox 1033 1921 1808 2019">
    <p class='ocr_par' dir='ltr' id='par_1_15' title="bbox 1033 1921 1808 2019">
     <span class='ocr_line' id='line_1_84' title="bbox 1033 1921 1806 1969; baseline 0.001 -16"><span class='ocrx_word' id='word_1_450' title='bbox 1033 1958 1035 1969; x_wconf 64' lang='lat'>,</span> <span class='ocrx_word' id='word_1_451' title='bbox 1057 1922 1163 1960; x_wconf 74' lang='lat' dir='ltr'>tenda,</span> <span class='ocrx_word' id='word_1_452' title='bbox 1179 1922 1271 1955; x_wconf 88' lang='lat' dir='ltr'>etiam</span> <span class='ocrx_word' id='word_1_453' title='bbox 1294 1922 1441 1954; x_wconf 73' lang='lat' dir='ltr'>volumus</span> <span class='ocrx_word' id='word_1_454' title='bbox 1459 1921 1544 1965; x_wconf 83' lang='lat' dir='ltr'>quod</span> <span class='ocrx_word' id='word_1_455' title='bbox 1558 1922 1581 1955; x_wconf 86' lang='lat' dir='ltr'>si</span> <span class='ocrx_word' id='word_1_456' title='bbox 1594 1924 1806 1967; x_wconf 77' lang='lat' dir='ltr'>patriarchae,</span> 
     </span>
     <span class='ocr_line' id='line_1_85' title="bbox 1034 1975 1808 2019; baseline 0.004 -12"><span class='ocrx_word' id='word_1_457' title='bbox 1034 1975 1290 2019; x_wconf 51' lang='lat' dir='ltr'>xarcbiepiswpi</span> <span class='ocrx_word' id='word_1_458' title='bbox 1317 1982 1346 2007; x_wconf 90' lang='lat' dir='ltr'>et</span> <span class='ocrx_word' id='word_1_459' title='bbox 1373 1975 1514 2019; x_wconf 66' lang='lat' dir='ltr'>episcopi</span> <span class='ocrx_word' id='word_1_460' title='bbox 1544 1977 1673 2019; x_wconf 72' lang='lat' dir='ltr'>praefati</span> <span class='ocrx_word' id='word_1_461' title='bbox 1700 1988 1716 2009; x_wconf 87' lang='lat' dir='ltr'>a</span> <span class='ocrx_word' id='word_1_462' title='bbox 1744 1977 1808 2010; x_wconf 90' lang='lat' dir='ltr'>sin-</span> 
     </span>
    </p>
   </div>
   <div class='ocr_carea' id='block_1_15' title="bbox 1054 2029 1809 2696">
    <p class='ocr_par' dir='ltr' id='par_1_16' title="bbox 1054 2029 1809 2449">
     <span class='ocr_line' id='line_1_86' title="bbox 1057 2029 1809 2064; baseline 0.003 -3"><span class='ocrx_word' id='word_1_463' title='bbox 1057 2029 1187 2062; x_wconf 60' lang='lat' dir='ltr'>ceritate</span> <span class='ocrx_word' id='word_1_464' title='bbox 1215 2029 1288 2061; x_wconf 79' lang='lat' dir='ltr'>fidei</span> <span class='ocrx_word' id='word_1_465' title='bbox 1310 2034 1339 2061; x_wconf 89' lang='lat' dir='ltr'>et</span> <span class='ocrx_word' id='word_1_466' title='bbox 1370 2029 1489 2061; x_wconf 78' lang='lat' dir='ltr'>unitate</span> <span class='ocrx_word' id='word_1_467' title='bbox 1520 2030 1620 2062; x_wconf 69' lang='lat' dir='ltr'>dietae</span> <span class='ocrx_word' id='word_1_468' title='bbox 1648 2030 1809 2064; x_wconf 74' lang='lat' dir='ltr'>Romanae</span> 
     </span>
     <span class='ocr_line' id='line_1_87' title="bbox 1056 2082 1806 2117; baseline -0.001 -2"><span class='ocrx_word' id='word_1_469' title='bbox 1056 2082 1216 2115; x_wconf 84' lang='lat' dir='ltr'>Ecclesiae</span> <span class='ocrx_word' id='word_1_470' title='bbox 1237 2094 1272 2115; x_wconf 82' lang='lat' dir='ltr'>ac</span> <span class='ocrx_word' id='word_1_471' title='bbox 1293 2083 1474 2115; x_wconf 82' lang='lat' dir='ltr'>obedientia</span> <span class='ocrx_word' id='word_1_472' title='bbox 1496 2089 1525 2116; x_wconf 92' lang='lat' dir='ltr'>et</span> <span class='ocrx_word' id='word_1_473' title='bbox 1552 2084 1718 2117; x_wconf 80' lang='lat' dir='ltr'>devotione</span> <span class='ocrx_word' id='word_1_474' title='bbox 1749 2096 1806 2117; x_wconf 83' lang='lat' dir='ltr'>no-</span> 
     </span>
     <span class='ocr_line' id='line_1_88' title="bbox 1056 2138 1807 2172; baseline 0.004 -4"><span class='ocrx_word' id='word_1_475' title='bbox 1056 2142 1118 2169; x_wconf 88' lang='lat' dir='ltr'>stra</span> <span class='ocrx_word' id='word_1_476' title='bbox 1147 2142 1175 2169; x_wconf 91' lang='lat' dir='ltr'>et</span> <span class='ocrx_word' id='word_1_477' title='bbox 1197 2147 1421 2169; x_wconf 68' lang='lat' dir='ltr'>successorum</span> <span class='ocrx_word' id='word_1_478' title='bbox 1444 2143 1627 2170; x_wconf 84' lang='lat' dir='ltr'>nostrorum</span> <span class='ocrx_word' id='word_1_479' title='bbox 1653 2138 1807 2172; x_wconf 74' lang='lat' dir='ltr'>canonice.</span> 
     </span>
     <span class='ocr_line' id='line_1_89' title="bbox 1057 2190 1806 2231; baseline 0.004 -9"><span class='ocrx_word' id='word_1_480' title='bbox 1057 2190 1244 2223; x_wconf 83' lang='lat' dir='ltr'>intrantium</span> <span class='ocrx_word' id='word_1_481' title='bbox 1265 2190 1457 2231; x_wconf 88' lang='lat' dir='ltr'>destiterint,</span> <span class='ocrx_word' id='word_1_482' title='bbox 1476 2196 1542 2230; x_wconf 83' lang='lat' dir='ltr'>aut,</span> <span class='ocrx_word' id='word_1_483' title='bbox 1557 2203 1592 2224; x_wconf 91' lang='lat' dir='ltr'>ex</span> <span class='ocrx_word' id='word_1_484' title='bbox 1613 2192 1806 2225; x_wconf 83' lang='lat' dir='ltr'>confidentia</span> 
     </span>
     <span class='ocr_line' id='line_1_90' title="bbox 1056 2243 1804 2285; baseline 0.004 -9"><span class='ocrx_word' id='word_1_485' title='bbox 1056 2243 1199 2276; x_wconf 87' lang='lat' dir='ltr'>eiusdem</span> <span class='ocrx_word' id='word_1_486' title='bbox 1221 2244 1439 2277; x_wconf 87' lang='lat' dir='ltr'>concessionis</span> <span class='ocrx_word' id='word_1_487' title='bbox 1459 2245 1506 2277; x_wconf 86' lang='lat' dir='ltr'>vel</span> <span class='ocrx_word' id='word_1_488' title='bbox 1524 2245 1732 2285; x_wconf 86' lang='lat' dir='ltr'>remissionis,</span> <span class='ocrx_word' id='word_1_489' title='bbox 1746 2246 1804 2279; x_wconf 88' lang='lat' dir='ltr'>al1-</span> 
     </span>
     <span class='ocr_line' id='line_1_91' title="bbox 1054 2297 1807 2341; baseline 0.005 -12"><span class='ocrx_word' id='word_1_490' title='bbox 1054 2308 1117 2341; x_wconf 89' lang='lat' dir='ltr'>qua</span> <span class='ocrx_word' id='word_1_491' title='bbox 1138 2298 1244 2330; x_wconf 83' lang='lat' dir='ltr'>forsan</span> <span class='ocrx_word' id='word_1_492' title='bbox 1266 2297 1498 2338; x_wconf 89' lang='lat' dir='ltr'>commiserint,</span> <span class='ocrx_word' id='word_1_493' title='bbox 1525 2299 1690 2332; x_wconf 86' lang='lat' dir='ltr'>concessio</span> <span class='ocrx_word' id='word_1_494' title='bbox 1711 2306 1740 2332; x_wconf 88' lang='lat' dir='ltr'>et</span> <span class='ocrx_word' id='word_1_495' title='bbox 1761 2311 1807 2333; x_wconf 66' lang='lat' dir='ltr'>re&gt;</span> 
     </span>
     <span class='ocr_line' id='line_1_92' title="bbox 1055 2351 1805 2397; baseline 0.005 -14"><span class='ocrx_word' id='word_1_496' title='bbox 1055 2351 1356 2396; x_wconf 79' lang='lat' dir='ltr'>missiopraedictae</span> <span class='ocrx_word' id='word_1_497' title='bbox 1369 2357 1408 2391; x_wconf 89' lang='lat' dir='ltr'>et,</span> <span class='ocrx_word' id='word_1_498' title='bbox 1426 2353 1531 2396; x_wconf 78' lang='lat' dir='ltr'>quoad</span> <span class='ocrx_word' id='word_1_499' title='bbox 1550 2353 1613 2393; x_wconf 84' lang='lat' dir='ltr'>illa,</span> <span class='ocrx_word' id='word_1_500' title='bbox 1633 2359 1805 2397; x_wconf 68' lang='lat' dir='ltr'>praesentes</span> 
     </span>
     <span class='ocr_line' id='line_1_93' title="bbox 1055 2404 1690 2449; baseline 0.003 -12"><span class='ocrx_word' id='word_1_501' title='bbox 1055 2404 1164 2437; x_wconf 85' lang='lat' dir='ltr'>literae</span> <span class='ocrx_word' id='word_1_502' title='bbox 1185 2404 1230 2438; x_wconf 85' lang='lat' dir='ltr'>eis</span> <span class='ocrx_word' id='word_1_503' title='bbox 1251 2406 1436 2439; x_wconf 87' lang='lat' dir='ltr'>nullatenus</span> <span class='ocrx_word' id='word_1_504' title='bbox 1460 2406 1690 2449; x_wconf 77' lang='lat' dir='ltr'>suffragentur.</span> 
     </span>
    </p>

    <p class='ocr_par' dir='ltr' id='par_1_17' title="bbox 1054 2458 1804 2696">
     <span class='ocr_line' id='line_1_94' title="bbox 1098 2458 1804 2503; baseline 0.003 -12"><span class='ocrx_word' id='word_1_505' title='bbox 1098 2458 1185 2501; x_wconf 48' lang='lat' dir='ltr'>§2ss</span> <span class='ocrx_word' id='word_1_506' title='bbox 1214 2458 1370 2503; x_wconf 81' lang='lat' dir='ltr'>Quodque</span> <span class='ocrx_word' id='word_1_507' title='bbox 1399 2459 1422 2492; x_wconf 90' lang='lat' dir='ltr'>si</span> <span class='ocrx_word' id='word_1_508' title='bbox 1452 2459 1654 2502; x_wconf 80' lang='lat' dir='ltr'>singulorum</span> <span class='ocrx_word' id='word_1_509' title='bbox 1682 2460 1804 2493; x_wconf 86' lang='lat' dir='ltr'>benefi-</span> 
     </span>
     <span class='ocr_line' id='line_1_95' title="bbox 1054 2506 1804 2553; baseline 0.003 -14"><span class='ocrx_word' id='word_1_510' title='bbox 1054 2506 1179 2540; x_wconf 84' lang='lat' dir='ltr'>ciorum</span> <span class='ocrx_word' id='word_1_511' title='bbox 1201 2507 1439 2551; x_wconf 87' lang='lat' dir='ltr'>praedictorum</span> <span class='ocrx_word' id='word_1_512' title='bbox 1462 2508 1650 2553; x_wconf 86' lang='lat' dir='ltr'>simpliciter</span> <span class='ocrx_word' id='word_1_513' title='bbox 1665 2509 1804 2552; x_wconf 78' lang='lat' dir='ltr'>resigna-</span> 
     </span>
     <span class='ocr_line' id='line_1_96' title="bbox 1054 2557 1803 2602; baseline 0.003 -14"><span class='ocrx_word' id='word_1_514' title='bbox 1054 2561 1160 2589; x_wconf 89' lang='lat' dir='ltr'>torum</span> <span class='ocrx_word' id='word_1_515' title='bbox 1188 2557 1321 2597; x_wconf 78' lang='lat' dir='ltr'>fructus,</span> <span class='ocrx_word' id='word_1_516' title='bbox 1350 2557 1492 2590; x_wconf 82' lang='lat' dir='ltr'>redditus</span> <span class='ocrx_word' id='word_1_517' title='bbox 1517 2564 1547 2590; x_wconf 87' lang='lat' dir='ltr'>et.</span> <span class='ocrx_word' id='word_1_518' title='bbox 1567 2564 1739 2602; x_wconf 84' lang='lat' dir='ltr'>proventus</span> <span class='ocrx_word' id='word_1_519' title='bbox 1758 2557 1803 2590; x_wconf 72' lang='lat' dir='ltr'>vi-</span> 
     </span>
     <span class='ocr_line' id='line_1_97' title="bbox 1054 2605 1801 2649; baseline 0.004 -12"><span class='ocrx_word' id='word_1_520' title='bbox 1054 2605 1275 2649; x_wconf 81' lang='lat' dir='ltr'>gintiquatuor</span> <span class='ocrx_word' id='word_1_521' title='bbox 1290 2606 1486 2639; x_wconf 78' lang='lat' dir='ltr'>florenorum</span> <span class='ocrx_word' id='word_1_522' title='bbox 1505 2618 1574 2640; x_wconf 84' lang='lat' dir='ltr'>auri</span> <span class='ocrx_word' id='word_1_523' title='bbox 1599 2607 1637 2640; x_wconf 92' lang='lat' dir='ltr'>de</span> <span class='ocrx_word' id='word_1_524' title='bbox 1657 2607 1801 2646; x_wconf 84' lang='lat' dir='ltr'>Camera,</span> 
     </span>
     <span class='ocr_line' id='line_1_98' title="bbox 1055 2655 1803 2696; baseline 0.004 -10"><span class='ocrx_word' id='word_1_525' title='bbox 1055 2655 1232 2687; x_wconf 85' lang='lat' dir='ltr'>secundum</span> <span class='ocrx_word' id='word_1_526' title='bbox 1255 2665 1462 2688; x_wconf 86' lang='lat' dir='ltr'>communem</span> <span class='ocrx_word' id='word_1_527' title='bbox 1484 2655 1732 2696; x_wconf 84' lang='lat' dir='ltr'>extimationem,</span> <span class='ocrx_word' id='word_1_528' title='bbox 1753 2667 1803 2689; x_wconf 76' lang='lat' dir='ltr'>va-</span> 
     </span>
    </p>
   </div>
   <div class='ocr_carea' id='block_1_16' title="bbox 1826 1488 1886 1504">
    <p class='ocr_par' dir='ltr' id='par_1_18' title="bbox 1826 1488 1886 1504">
     <span class='ocr_line' id='line_1_99' title="bbox 1826 1488 1886 1504; baseline -0.017 0"><span class='ocrx_word' id='word_1_529' title='bbox 1826 1488 1886 1504; x_wconf 39' lang='lat' dir='ltr'>ulam*</span> 
     </span>
    </p>
   </div>
   <div class='ocr_carea' id='block_1_17' title="bbox 1819 2465 1992 2519">
    <p class='ocr_par' dir='ltr' id='par_1_19' title="bbox 1819 2465 1992 2519">
     <span class='ocr_line' id='line_1_100' title="bbox 1832 2465 1992 2487; baseline 0.013 -2"><span class='ocrx_word' id='word_1_530' title='bbox 1832 2465 1847 2485; x_wconf 89' lang='lat' dir='ltr'>D</span> <span class='ocrx_word' id='word_1_531' title='bbox 1863 2466 1906 2486; x_wconf 56' lang='lat' dir='ltr'>vtar</span> <span class='ocrx_word' id='word_1_532' title='bbox 1922 2468 1950 2485; x_wconf 76' lang='lat' dir='ltr'>tin</span> <span class='ocrx_word' id='word_1_533' title='bbox 1961 2467 1992 2487; x_wconf 67' lang='lat' dir='ltr'>vir</span> 
     </span>
     <span class='ocr_line' id='line_1_101' title="bbox 1819 2498 1967 2519; baseline -0.007 -1"><span class='ocrx_word' id='word_1_534' title='bbox 1819 2504 1843 2518; x_wconf 66' lang='lat' dir='ltr'>ea</span> <span class='ocrx_word' id='word_1_535' title='bbox 1858 2498 1967 2519; x_wconf 35' lang='lat' dir='ltr'>benerit-i..</span> 
     </span>
    </p>
   </div>
  </div>
 </body>
</html>
