2227 3001
167 264 214 290 An.
233 263 260 290 C.
282 264 350 291 1:522

163 692 303 720 Hispanisque
316 695 346 714 di-

163 729 209 743 ctae
227 724 347 744 contr-uter-

163 756 235 775 nitatis
261 755 346 775 confra-

163 787 229 806 tribus
251 786 346 805 eleemo-

413 255 479 289 :330

365 317 511 351 omnium
531 315 746 361 spiritualium
764 316 937 356 honorum,
955 326 1038 358 quae
1059 315 1116 348 fie-

364 371 440 403 bant
460 374 490 403 et
510 380 547 403 ex
566 375 644 402 tune
665 369 696 401 in
718 372 913 413 perpetuum
934 367 1003 400 fieri
1026 372 1116 411 pote-

329 423 339 433 ”
365 427 435 455 rant
469 422 501 455 in
535 421 705 455 universali
733 425 935 453 sacrosancta
968 419 1116 453 militanti

364 476 517 515 Ecclesia,
529 476 657 508 eosdem
675 473 852 506 confratres
867 473 1117 517 quampluribus

364 529 433 561 aliis
453 527 675 571 spiritualibus
698 526 791 559 bonis
816 526 1015 566 decorantes,
1039 536 1115 559 con-

364 591 576 614 cesseramus.

407 635 421 677 g
441 633 493 667 39.
517 634 560 665 Ac
581 638 743 677 postremo
765 632 908 665 eiusdem
929 631 1034 665 Caroli
1056 632 1115 664 im-

364 686 519 731 peratoris
540 691 570 719 et
597 686 698 729 regis,
723 691 755 718 ut
777 685 880 719 eidem
902 685 1116 729 primogenito

361 740 521 773 Ecclesiae
543 740 684 783 primum
704 740 826 779 locum,
840 744 875 771 ut
890 750 948 782 par
963 744 1041 779 erat,
1061 740 1116 772 da-

322 823 332 835 ,
361 803 480 831 remus,
491 792 625 826 subditis
646 793 677 825 in
697 792 925 836 Hispaniarum
947 797 975 825 et
996 792 1041 825 illi
1063 803 1117 825 an—

335 858 346 862 ·
361 845 448 878 nexis
468 845 593 888 regnis,
616 845 729 877 insulis
750 850 777 877 et
800 845 951 878 dominiis
971 846 1116 888 (excepto

327 889 345 927 ³2
361 909 460 941 regno
481 898 606 931 Siciliae
627 898 707 930 citra
726 898 888 941 Pharum)
909 898 1116 931 existentibus

341 950 389 983 'et
410 951 441 983 in
462 950 507 983 eis
528 950 823 991 commorantibus,
852 962 888 984 ac
916 951 954 984 ad
980 951 1034 984 illa
1054 962 1116 984 un-

359 1004 542 1047 decumque
568 1003 789 1043 venientibus,
812 1004 982 1047 utriusque
1004 1015 1113 1045 sexus,

360 1063 422 1089 tam
443 1056 662 1090 saecularibus
682 1067 779 1099 quam
801 1057 1004 1099 regularibus
1024 1057 1115 1090 Ordi-

359 1121 437 1142 num
462 1120 747 1153 quorumcumque
773 1110 875 1143 dictae
901 1111 1115 1143 confraterni-

359 1163 430 1196 tatis
463 1163 678 1196 confratribus
704 1174 777 1195 vere
810 1163 1050 1207 poenitentibus
1086 1168 1114 1196 et

359 1217 523 1257 confessis,
541 1227 598 1249 seu
619 1216 793 1250 confitendi
814 1217 939 1249 statutis
958 1217 1114 1261 tempori-

358 1269 418 1301 bus
438 1269 640 1313 propositum
659 1269 868 1309 habentibus,
892 1270 947 1312 qui
975 1269 1007 1302 in
1027 1270 1114 1302 Nati-

358 1322 460 1355 vitatis
472 1327 500 1355 et
517 1322 772 1355 Resurrectionis
792 1322 918 1355 Domini
930 1322 1029 1355 nostri
1044 1324 1114 1355 Iesu

359 1375 473 1408 Christi
501 1386 538 1408 ac
564 1375 734 1408 beatorum
762 1375 846 1408 Petri
872 1380 900 1408 et
921 1376 1012 1408 Pauli
1036 1387 1114 1419 apo-

359 1428 515 1461 stolorum
532 1429 580 1461 rel
600 1428 704 1461 tribus
719 1428 789 1461 aliis
808 1428 1039 1469 festixitatibus,
1058 1440 1116 1472 per

360 1481 617 1514 commissarium
638 1492 696 1524 per
710 1492 768 1513 nos
789 1481 1022 1524 deputandum,
1036 1493 1115 1526 quo-

360 1534 435 1566 libet
456 1545 492 1567 ex
512 1534 615 1567 trihus
635 1534 727 1567 annis
747 1534 968 1577 designandis,
992 1535 1115 1578 aliquas

360 1587 510 1619 ecclesias
543 1598 600 1619 seu
634 1587 757 1626 altaria,
781 1587 864 1619 dicto
890 1587 1029 1620 triennio
1054 1588 1115 1620 du-

360 1645 461 1680 rante,
483 1640 659 1680 visitarent,
678 1646 707 1673 et
728 1640 759 1673 in
781 1641 884 1684 capsis
904 1641 943 1673 ad
964 1641 993 1673 id
1015 1641 1115 1684 depu-

360 1693 463 1725 tandis
483 1694 624 1736 aliquam
645 1693 731 1737 piam
753 1694 1001 1737 eleemosynam,
1030 1695 1115 1727 iuxta

360 1746 503 1779 eiusdem
524 1746 735 1779 commissarii
757 1757 812 1779 seu
830 1746 869 1779 ab
886 1757 923 1780 eo
940 1747 1114 1791 deputandi

360 1799 607 1839 ordinationem,
625 1811 684 1843 pro
700 1800 821 1833 fabrica
836 1800 1023 1833 huiusmodi
1040 1812 1114 1844 pro-

360 1853 534 1896 sequenda,
558 1864 615 1896 per
648 1863 680 1886 se
700 1853 747 1885 vel
768 1852 883 1893 alium,
905 1853 1116 1886 effectualiter

360 1910 528 1948 ponerent,
551 1905 781 1949 plenissimam,
802 1905 897 1938 etiarn
918 1916 1008 1938 sacro
1028 1905 1114 1938 lubi-

361 1957 421 1990 laei
442 1950 616 1991 centesimo
637 1969 721 1991 anno
741 1958 893 1991 ecclesias
904 1958 994 1991 urbis
1006 1959 1115 1991 Romae

359 2011 477 2044 visitari
498 2012 605 2044 solitas
624 2011 825 2044 visitantibus
838 2038 845 2051 ,
869 2016 899 2044 et
918 2012 957 2044 ad
977 2022 1114 2055 recupe-

361 2065 516 2098 rationem
528 2066 644 2098 Terrae
655 2066 804 2103 Sauctae,
826 2070 855 2098 et
875 2076 984 2098 sacrae
1005 2066 1114 2098 ortho—

360 2120 459 2152 doxae
479 2118 553 2151 fidei
574 2119 750 2151 catholicae
771 2124 799 2151 et
817 2118 996 2151 dominicae
1009 2119 1116 2152 crucis

360 2172 501 2205 hostium
522 2172 791 2215 expugnationem
813 2172 1112 2215 proficiscentibus,

360 2237 395 2258 ac
417 2235 529 2258 omnes
549 2231 579 2258 et
599 2226 740 2268 singulas
760 2226 878 2268 gratias
899 2225 961 2258 illis
981 2237 1115 2259 conces-

361 2290 410 2312 sas
430 2284 458 2312 et
480 2279 613 2312 concedi
635 2279 743 2312 solitas
761 2290 1036 2312 concesseramus.

968 263 1147 288 BULLARH'M
1171 263 1322 287 ROMANFM

1161 314 1250 347 sibus
1265 319 1293 346 et
1311 314 1444 354 delictis,
1457 321 1758 359 quantumcumque
1769 317 1919 359 gravibus

1159 372 1187 399 et
1210 367 1408 408 enormibus,
1431 369 1526 402 etiam
1554 370 1579 403 si
1604 370 1736 403 illorum
1757 370 1918 404 absolutio

1159 420 1231 453 Sedi
1263 421 1464 464 Apostolicae
1497 428 1657 456 reservata
1690 423 1859 464 existeret,
1886 429 1918 457 et

1159 478 1385 517 praeterquam
1411 475 1659 518 conspirationis
1688 476 1720 508 in
1745 487 1917 520 personam

1159 526 1294 558 Romani
1328 526 1491 560 Pontificis
1524 534 1579 561 aut
1605 529 1728 562 Statum
1754 530 1918 563 Romanae

1158 579 1331 619 Ecclesiae,
1350 580 1520 614 occisionis
1539 582 1587 614 vel
1603 582 1832 616 verberationis
1852 583 1919 627 epi-

1158 643 1333 676 scoporum
1354 638 1409 666 aut
1424 633 1562 667 aliorum
1579 636 1808 679 praelatorum,
1825 642 1856 669 et
1871 636 1919 669 in—

1159 685 1306 718 iectionis
1327 697 1483 720 manuum
1509 688 1722 721 violentarum
1756 688 1788 721 in
1821 689 1914 731 illos,

1160 738 1388 772 falsificationis
1404 739 1572 773 literarum
1583 742 1845 784 apostolicarum,
1863 747 1918 775 aut

1159 791 1329 824 delationis
1349 803 1514 825 armorum
1532 798 1562 826 et
1581 793 1719 827 aliorum
1738 794 1918 838 prohibito-

1158 855 1232 877 rum
1253 846 1292 878 ad
1312 845 1494 878 infidelium
1519 851 1645 890 partes,
1669 853 1765 891 atque
1786 853 1917 882 senten-

1159 898 1276 931 tiarum
1298 903 1329 931 et
1353 909 1577 940 censurarum,
1599 900 1768 934 occasione
1798 901 1916 934 alumi-

1158 961 1236 983 num
1255 951 1399 995 Tulphae
1420 957 1560 993 nostrae,
1583 963 1619 986 ac
1641 953 1679 985 de
1701 953 1846 996 partibus
1865 953 1916 986 in-

1158 1003 1303 1036 fidelium
1329 1005 1368 1037 ad
1389 1004 1510 1045 fideles,
1546 1010 1657 1038 contra
1682 1005 1916 1049 prohibitiones

1158 1062 1294 1097 nostras,
1315 1058 1509 1098 delatorum,
1529 1069 1658 1092 necnon
1679 1059 1915 1093 ecclesiasticae

1157 1109 1312 1143 libertatis
1345 1121 1380 1143 ac
1412 1110 1653 1155 privilegiorum
1682 1111 1755 1145 Sedi
1780 1113 1915 1156 Aposto-

1157 1162 1249 1203 licae,
1274 1163 1369 1196 etiam
1391 1176 1428 1197 cx
1449 1165 1703 1205 consuetudine,
1725 1171 1916 1209 competen-

1156 1215 1247 1256 tium,
1269 1227 1305 1249 ac
1325 1217 1476 1257 aliorum,
1500 1217 1531 1250 id
1554 1222 1584 1250 et
1600 1218 1823 1252 executionem
1843 1218 1915 1252 lite-

1157 1278 1267 1300 rarum
1288 1274 1319 1301 et
1340 1269 1565 1303 mandatorum
1591 1271 1857 1313 apostolicorum,
1881 1282 1916 1305 e-

1158 1321 1231 1353 tiam
1253 1321 1285 1354 in
1305 1322 1394 1355 bulla
1419 1322 1451 1355 in
1471 1323 1522 1355 die
1547 1323 1673 1357 Coenae
1697 1325 1824 1357 Domini
1852 1325 1915 1367 legi

1157 1380 1310 1408 consueta
1328 1386 1363 1408 ac
1390 1376 1459 1408 aliis
1479 1377 1662 1420 apostolicis
1682 1377 1916 1411 constitutioni-

1157 1427 1216 1460 bus
1237 1429 1560 1470 comprehensorum,
1575 1430 1815 1471 concernentia,
1832 1441 1914 1473 quo-

1157 1479 1333 1513 modolibet
1359 1481 1572 1522 violatorum,
1606 1482 1832 1524 incursarum,
1863 1494 1914 1517 se-

1157 1533 1221 1565 mel
1248 1537 1372 1566 tantum
1406 1533 1568 1574 absolvat;
1597 1540 1627 1567 et
1662 1546 1721 1578 pro
1746 1535 1915 1569 animabus

1157 1586 1402 1627 defunctorum,
1434 1598 1509 1619 curn
1535 1588 1830 1622 communicatione
1855 1589 1914 1622 bo-

1157 1649 1273 1671 norum
1303 1638 1521 1682 spiritualium
1542 1640 1783 1684 praedictorum
1804 1647 1836 1675 et
1855 1646 1915 1676 sta-

1156 1691 1281 1724 tionum
1311 1692 1404 1726 Urbis
1432 1693 1727 1736 indulgentiarum,
1760 1706 1821 1728 nec
1850 1706 1914 1729 non

1157 1756 1230 1778 esus
1250 1756 1396 1785 ovorum,
1409 1746 1515 1790 butyri
1534 1752 1563 1780 et
1579 1747 1818 1781 lacticiniorum
1834 1754 1914 1782 tem-

1157 1798 1291 1842 poribus
1312 1799 1492 1842 prohibitis,
1515 1800 1555 1833 ad
1585 1811 1698 1834 eorum
1720 1801 1859 1843 libitum,
1883 1808 1916 1836 et

1157 1851 1316 1891 carnium,
1344 1852 1383 1885 de
1417 1852 1586 1897 utriusque
1620 1854 1737 1887 medici
1765 1855 1911 1896 consilio,

1157 1904 1285 1937 licentia
1319 1910 1349 1937 et
1369 1904 1599 1945 concessione,
1622 1912 1649 1940 et
1687 1918 1762 1940 cum
1792 1908 1912 1942 eisdem

1157 1968 1214 1990 seu
1235 1957 1394 1991 similibus
1410 1958 1614 1993 facultatibus
1630 1960 1859 1994 commissariis
1874 1962 1913 1994 ad

1157 2011 1187 2043 id
1221 2011 1382 2055 deputatis
1401 2023 1458 2045 seu
1488 2012 1526 2045 ab
1553 2012 1615 2045 illis
1641 2013 1911 2057 subdeputandis,

1157 2075 1215 2107 per
1234 2065 1415 2108 praedictos
1435 2066 1699 2109 praedecessores
1714 2072 1841 2101 nostros
1855 2080 1913 2104 seu

1157 2118 1196 2150 ab
1231 2118 1275 2151 eis
1308 2118 1456 2162 deputari
1490 2119 1608 2159 solitis,
1646 2120 1732 2154 iuxta
1766 2126 1912 2156 tenorem

1157 2177 1441 2214 praenarratamm
1457 2172 1636 2214 literarum,
1647 2174 1789 2207 seriatim
1805 2174 1837 2207 in
1852 2186 1912 2209 no-

1158 2224 1230 2257 stris
1249 2225 1390 2269 desuper
1419 2226 1573 2269 expeditis
1601 2227 1720 2268 literis,
1743 2227 1912 2273 descriptis

1158 2283 1187 2311 et
1208 2278 1377 2318 adnotatis,
1400 2279 1619 2313 concessione.

1936 263 1983 290 An.
2002 262 2030 289 C.
2049 264 2117 290 15122

405 2332 420 2376 g
440 2332 492 2366 40.
524 2332 602 2365 Cum
624 2337 778 2375 potestate
800 2332 936 2375 eligendi
958 2332 1016 2365 sibi
1037 2344 1115 2366 con-

178 2387 346 2440 amri-²⁵⁵3?
362 2388 527 2425 sessorem,
560 2386 625 2429 qui,
647 2385 685 2417 ad
720 2386 869 2418 effectum
900 2386 1115 2429 indulgentias

164 2423 233 2469 :0¹53
247 2425 324 2475 :leq-ila
340 2430 348 2434 “
361 2439 546 2474 huiusmodi
557 2440 785 2482 consequendi,
798 2440 1052 2473 confessionibus
1061 2452 1117 2473 au-

362 2489 452 2529 ditis,
476 2498 530 2521 cos
550 2488 589 2521 ab
610 2487 759 2520 omnibus
781 2494 809 2521 et
834 2488 967 2531 singulis
987 2495 1114 2522 senten-

363 2537 413 2570 tiis
441 2542 468 2570 et
499 2536 643 2571 censuris
677 2537 900 2570 ecclesiasticis
934 2539 1115 2581 quomodo-

364 2597 520 2629 cumque,
543 2597 560 2619 a
580 2585 649 2619 iure
679 2586 726 2619 vel
761 2586 799 2618 ab
834 2586 974 2627 homine,
1009 2587 1041 2620 in
1062 2598 1115 2621 eos

363 2633 445 2676 latis,
468 2645 595 2668 necnon
616 2635 767 2680 peccatis,
785 2635 986 2677 criminibus,
1010 2646 1116 2669 exces-

1202 2333 1216 2376 ᾗ
1236 2332 1288 2365 41.
1317 2333 1447 2366 Necnon
1468 2333 1640 2377 praedictis
1660 2335 1908 2375 commissariis,
1942 2348 2110 2369 Commissariin-

1158 2391 1193 2418 ut
1208 2386 1425 2429 praemittitur
1448 2387 1652 2431 deputandis,
1670 2389 1758 2432 quod
1774 2398 1840 2429 eos,
1854 2389 1910 2433 qui
1925 2385 1965 2430 {1¹:¹2⁰
1974 2379 2111 2437 ’ζ’ζῖζξῖξιζξ,

1157 2440 1268 2472 arctati
1293 2442 1409 2481 forent,
1433 2446 1462 2474 et
1482 2441 1805 2484 vigesimunitertium
1834 2453 1911 2476 suae
1925 2441 2060 2492 ξζζξξζζθὲξέ
2073 2441 2110 2492 05¹¹}

1157 2489 1268 2522 aetatis
1292 2500 1413 2522 annum
1441 2490 1643 2533 attingerent,
1665 2496 1697 2523 ut
1731 2491 1771 2523 ad
1799 2501 1911 2524 omnes
1925 2502 2013 2529 pressis.

1157 2548 1264 2570 sacros
1297 2538 1392 2570 etiam
1426 2539 1664 2583 presbyteratus
1684 2539 1814 2573 ordines
1833 2551 1910 2584 pro-

1158 2587 1291 2626 moveri,
1314 2593 1345 2620 et,
1372 2598 1471 2620 unum
1498 2588 1693 2621 beneficium
1715 2589 1908 2623 ecclesiasti-

1157 2646 1231 2669 cum
1252 2635 1410 2678 obtiner03
1432 2647 1559 2671 necnon
1580 2649 1654 2672 cum
1675 2638 1838 2683 quibusvis
1856 2649 1909 2674 re-
