2227 3001
61 246 112 277 [n.
129 248 157 277 C.
179 250 247 278 ¹532

929 247 1032 273 muns
1050 246 1085 272 111
1104 247 1153 272 PP.

1705 238 1771 273 465
1831 250 1881 276 An.
1899 247 1928 276 c.
1947 248 2018 276 1552
2051 287 2057 292 ᾖ

73 314 245 338 emanaturum
259 302 355 337 rectis
374 301 664 348 supplicationibus
684 302 841 343 inclinati,
859 303 967 336 omnia
985 309 1011 336 et
1057 300 1304 341 commissarios,
1312 299 1422 344 quavis
1431 299 1620 333 auctoritate
1632 302 1814 343 tangentes,

60 347 188 373 ‘¹²³‘“²'¹¹⁶⁸'
203 351 244 369 '¹¹¹¹'
259 357 384 400 singula
416 356 545 397 literas,
580 356 758 397 facultates,
781 356 1010 400 indulgentias,
1032 397 1035 407 Ι

59 380 101 398 tem
117 379 244 401 autenti-11

59 385 173 431 “²¹¹5‘'”2‘
204 410 243 432 8⁰·
258 410 354 444 etiam
374 410 545 454 plenarias,
569 409 805 449 concessiones,
828 410 1011 443 immunita-

58 443 130 494 2351.
163 443 229 463 πώ
255 471 314 505 teS‚
336 464 574 508 exemptiones,
597 463 769 504 libertates,
790 464 920 506 gratias,
944 465 1009 507 pri-

254 517 367 561 vilegia
387 523 417 550 et
429 517 553 551 indulta
565 517 621 550 tibi
638 523 667 550 et
686 517 782 550 adtui
799 528 835 550 ac
857 528 916 562 pro
932 524 1010 551 tem-

253 581 332 615 pore
353 570 514 604 existentis
530 570 706 615 praepositi
726 570 884 613 generalis
900 571 1008 605 Socie-

251 624 323 657 tatis
354 623 542 657 huiusmodi
575 624 818 667 dispositionem
842 635 1006 659 concessa,

250 684 379 707 necnon
394 673 591 714 facultatem,
613 673 697 706 inter
716 674 789 714 alia,
805 684 878 707 cum
895 685 1007 718 perso-

251 725 300 757 nis
319 722 486 757 Societatis
515 722 703 756 huiusmodi
727 723 813 756 circa
838 723 959 756 ieiunia
979 729 1007 755 et

251 773 339 807 cibos
358 771 540 817 prohibitos
560 783 617 816 per
632 777 662 805 te
677 773 725 805 vel
746 772 825 805 alios
845 772 856 800 r¹
877 772 1006 816 dispen-

249 823 351 863 sandi,
364 833 400 855 ac
415 822 607 856 Societatem
619 822 719 866 ipsam
736 822 897 866 professos
911 832 1006 866 quos-

249 882 390 917 cumque
410 883 427 904 a
447 871 575 905 casibus
594 871 737 905 haeresis
757 876 786 904 et
803 871 873 904 aliis
893 877 1005 905 contra

247 920 344 954 fidem
365 926 395 954 et
416 921 689 966 consequentibus
709 920 854 954 censuris
874 920 1006 965 quibus·

247 981 399 1015 cumque,
420 970 516 1004 etiam
532 982 590 1016 per
605 977 634 1004 te
656 975 685 1004 et
701 980 902 1004 successores
918 977 1001 1011 tuos,

245 1020 294 1053 vel
314 1020 393 1054 alios
413 1020 559 1054 similiter
577 1021 738 1065 professos
757 1019 796 1053 ad
808 1019 838 1052 id
855 1019 1000 1061 idoneos,

245 1080 304 1113 per
322 1075 353 1103 te
369 1075 399 1103 et
419 1081 478 1114 pro
498 1076 643 1113 tempore
661 1069 847 1102 existentem
869 1079 1003 1114 praepo-

245 1119 341 1153 situm
361 1120 545 1164 generalem
562 1118 730 1153 Societatis
749 1118 935 1152 huiusmodi
952 1119 1003 1152 de-

244 1170 414 1214 putandos,
431 1169 626 1209 absolvendi,
639 1175 679 1209 et,
691 1175 850 1213 quatenus
861 1179 942 1213 opus
952 1170 1001 1210 sit,

243 1219 277 1252 in
287 1219 358 1252 soro
374 1218 589 1252 conscientiae
605 1217 811 1262 dispensandi
827 1229 885 1262 per
900 1218 1002 1252 felicis

242 1268 476 1302 recordationis
486 1268 622 1302 Paulum
634 1268 753 1312 Papam
763 1268 906 1309 tertium,
918 1279 999 1312 prae-

243 1318 445 1352 decessorem
464 1323 624 1358 nostrum,
643 1322 673 1350 et
685 1317 793 1350 forsan
809 1327 879 1357 nos,
891 1322 954 1350 tam
968 1319 1000 1351 in

241 1377 359 1410 genere
379 1378 477 1411 quarn
503 1367 535 1400 in
563 1367 669 1410 specie
699 1372 730 1398 et
762 1366 840 1399 alias
861 1377 998 1409 quomo-

241 1416 362 1449 dolibet
381 1421 412 1449 et
430 1416 490 1450 sub
510 1415 772 1461 quibuscumque
787 1415 954 1448 tenoribus
970 1423 999 1450 et

239 1465 353 1499 formis
373 1476 536 1506 concessa,
560 1475 674 1498 eorum
700 1464 846 1497 omnium
872 1469 1000 1500 tenores

240 1519 271 1548 et
296 1525 424 1555 causas,
451 1519 586 1558 propter
616 1524 696 1557 quas
716 1523 868 1547 concessa
902 1520 995 1550 sunt.

239 1563 464 1607 praesentibus
480 1573 539 1607 pro
560 1562 757 1596 sufficienter
773 1563 929 1606 expressis
945 1564 998 1597 ha-

238 1612 362 1653 hentes,
374 1612 551 1657 apostolica
566 1611 769 1649 auctoritate,
785 1624 821 1644 ex
838 1618 922 1645 certa
942 1624 995 1646 ns»,
1017 1639 1019 1644 .

678 1671 690 1687 ἓ
794 1672 799 1673 ’
915 1674 921 1679 *
969 1676 972 1681 ¹
988 1684 995 1687 v

238 1666 303 1695 Stra
318 1667 463 1702 selemffl'
476 1666 586 1694 tenore
596 1666 827 1705 praffiemmm'
840 1663 983 1705 appmbd
1015 1651 1019 1719 i
1038 1697 1243 1740 generalibus
1259 1698 1425 1731 Societatis
1441 1700 1626 1733 huiusmodi
1643 1711 1702 1744 pro
1718 1706 1798 1734 tem·
1812 1722 1919 1742 ommno,
1960 1729 1998 1749 p„

237 1722 310 1745 mus
330 1717 360 1745 et
375 1711 619 1750 confirmamus,
637 1722 672 1744 ac
695 1711 757 1743 illis
773 1717 948 1755 perpetuae
966 1720 994 1746 et

237 1761 449 1794 inconcussae
467 1760 629 1794 firmitatis
640 1760 742 1794 robur
758 1760 940 1797 adjicimus,
957 1762 993 1795 ils

235 1811 330 1854 laque
350 1810 575 1844 inviolabiliter
596 1810 768 1849 observari,
792 1812 824 1843 et‘
842 1812 901 1844 sub
920 1813 992 1855 qui-

234 1860 342 1894 busvis
352 1860 627 1904 derogationibus,
639 1861 906 1898 revocationibus,
923 1874 991 1895 sus-

233 1909 443 1954 pensionibus
472 1910 736 1946 alterationibus.
765 1910 913 1947 decretis
937 1913 991 1944 th:-

233 1958 464 1993 clarationibus
489 1970 527 1992 ac
553 1959 653 1993 literis
673 1959 871 2002 apostolicis.
895 1961 989 1994 etiam

232 2009 358 2052 quasvis
379 2009 539 2042 clausulas
559 2008 725 2052 generales
750 2008 796 2041 vel
821 2010 987 2051 speciales,

232 2058 328 2092 etiam
357 2058 635 2101 derogatoriaruni
663 2058 893 2101 derogatorias,
922 2059 989 2092 esi'-

231 2107 374 2142 caciores
386 2113 417 2141 et
436 2108 579 2141 insolitas
594 2118 630 2141 ae
647 2108 742 2141 etiam
763 2108 919 2141 irritantia
937 2111 989 2143 de-

231 2162 330 2198 creta,
344 2157 404 2190 sub
424 2168 630 2202 quacumque
646 2157 818 2190 verborum
835 2157 938 2191 forma
959 2165 987 2192 et

230 2207 446 2251 expressione,
467 2207 541 2241 inse
559 2207 809 2245 continentibus,
830 2213 884 2240 aut
904 2208 986 2241 Can-

231 2257 380 2290 cellariae
395 2257 598 2300 Apostolicae
621 2257 741 2301 regulis
760 2268 816 2290 seu
834 2258 987 2291 constitu-

229 2306 371 2339 tionibus
382 2307 566 2350 apostolicis
576 2306 819 2350 quomodolibet
838 2318 895 2351 pro
908 2313 987 2341 tem-

229 2367 308 2400 pore
324 2356 415 2390 sactis
431 2361 461 2389 et
476 2356 567 2390 editis
582 2357 650 2389 ullo
666 2367 823 2400 umquam
839 2362 985 2400 tempore

229 2406 473 2450 comprehendi,
496 2411 551 2438 aut
570 2405 615 2438 eis
635 2406 669 2438 in
689 2406 798 2450 aliquo
822 2407 982 2450 derogari,

227 2465 284 2488 seu
317 2466 354 2488 ea
381 2454 525 2488 revocari
558 2460 613 2488 aut
637 2455 765 2489 alterari
800 2457 984 2490 nullatenus

226 2514 333 2548 posse;
351 2503 461 2547 sicque
482 2515 539 2548 per
563 2514 787 2549 quoscumque
808 2505 930 2539 iudices
954 2512 983 2539 et

262 2567 273 2592 ¹
295 2566 342 2591 Vel
371 2567 436 2592 ulios
455 2567 611 2593 Societatem
635 2569 719 2600 ipsam
734 2568 864 2602 professos
880 2571 983 2601 dispen-

224 2612 320 2640 sandi,
346 2619 376 2636 ac
404 2618 578 2643 quoscumque
613 2614 664 2638 etc.
698 2611 759 2647 legit
787 2616 880 2640 auctor
910 2613 980 2641 inst.

223 2654 250 2682 S.
270 2654 289 2681 Ι.
312 2654 349 2690 (n.
369 2655 420 2687 T.).

342 2698 417 2733 Bull.
441 2699 517 2731 Rom.
544 2700 599 2733 Vol.
627 2700 670 2733 VI.
782 2702 819 2733 59

1056 355 1086 387 in
1109 354 1218 397 quavis
1239 364 1334 386 causa
1355 358 1385 385 et
1401 352 1564 392 instantia,
1583 353 1706 386 sublata
1724 355 1768 387 eis
1784 362 1814 388 ct

1055 420 1168 441 eurum
1190 408 1319 440 cuilibet
1341 407 1451 451 quavis
1471 407 1564 440 aliter
1593 407 1758 440 iudicandi
1785 416 1813 442 et

1055 462 1286 505 interpretandi
1308 462 1459 494 facultate
1479 468 1509 495 et
1529 461 1719 494 auctoritate
1732 489 1739 497 ,
1762 462 1812 494 iu-

1053 516 1153 548 dicari
1171 521 1198 548 et
1219 515 1344 548 deliniri
1362 514 1492 552 debere,
1505 525 1540 547 ac
1558 525 1594 546 ex
1611 525 1699 547 nunc.
1717 515 1811 558 quid-

1052 569 1129 612 quid
1150 579 1243 601 secus
1269 579 1368 612 super
1388 567 1437 600 his
1456 579 1474 601 a
1502 578 1679 612 quoquam,
1702 568 1813 611 qumis

1051 622 1251 663 auctoritate,
1274 622 1411 655 scienter
1430 623 1478 655 vel
1498 622 1696 665 ignoranter,
1712 622 1811 655 conti-

1050 675 1131 717 gerit
1161 677 1330 712 attentari,
1363 676 1492 708 irritum
1521 681 1548 708 ct
1576 677 1670 709 inane
1698 676 1809 710 decer-

1051 729 1168 762 nimus.

1094 784 1108 825 J<
1128 782 1158 816 3.
1182 782 1219 815 Et
1239 784 1470 823 nihilominus,
1493 789 1526 815 ut
1559 789 1591 816 tu
1618 790 1647 815 ct
1668 785 1809 817 Societas
1874 796 2010 823 rmpomus

1049 836 1236 870 huiusmodi
1257 837 1398 881 quietius
1418 843 1445 869 et
1463 836 1608 870 devotius
1623 838 1655 870 in
1676 837 1807 871 humili·
1823 827 1930 878 ᾗῇῗιξῇζς
1947 834 2010 878 iffi}

1049 895 1110 923 tate
1140 890 1271 935 spiritus
1298 891 1460 924 Altissimo
1494 897 1621 933 gratum
1658 892 1808 926 exhibere
1823 890 2011 948 ffisfflffiffqu‘j

1047 944 1174 986 possitis
1189 945 1394 980 sanmlatum,
1407 944 1593 978 facultatem
1603 950 1633 978 et
1645 946 1807 979 licentiam
1823 954 1874 973 ²0⁶²:

1047 998 1263 1042 anteponendi
1285 1005 1313 1031 et
1336 999 1550 1042 postponendi
1568 999 1711 1033 officium
1732 1000 1807 1034 diri-

1046 1062 1123 1085 num
1145 1052 1222 1085 alias
1243 1053 1330 1085 robis
1356 1063 1555 1089 concessam,
1584 1054 1622 1086 ad
1643 1054 1704 1087 hoc
1719 1060 1751 1088 ut
1772 1061 1806 1088 tu

1046 1111 1076 1138 et
1095 1106 1235 1148 religiosi
1258 1116 1314 1149 pro
1337 1112 1483 1150 tempore
1505 1106 1676 1140 existentes
1701 1108 1808 1141 Socie-

1045 1158 1116 1192 tatis
1136 1159 1334 1196 huiusmodi,
1348 1170 1385 1192 ex
1401 1159 1551 1202 legitimis
1567 1171 1602 1193 ac
1626 1161 1716 1194 iustis
1733 1173 1807 1195 eau-

1045 1212 1086 1245 sis
1105 1212 1158 1255 (in
1179 1224 1243 1256 quo
1264 1218 1352 1246 tuam
1374 1219 1403 1246 et
1425 1223 1651 1246 successorum
1672 1220 1804 1248 tuorum

1042 1267 1304 1310 praepositorum
1339 1267 1541 1310 generalium
1572 1279 1630 1311 pro
1659 1275 1805 1313 tempore

1043 1319 1246 1353 existentium
1268 1325 1296 1352 et
1318 1320 1469 1359 aliorum,
1489 1331 1571 1365 quos
1586 1321 1625 1353 ad
1653 1322 1714 1355 hoc
1731 1322 1806 1356 sub-

1043 1373 1226 1415 stitueritis,
1251 1374 1482 1408 conscientiam
1504 1380 1712 1419 oneramus),
1737 1377 1805 1410 offi-

1043 1427 1127 1460 cium
1145 1428 1250 1471 ipsum
1274 1428 1483 1462 celebrationi
1510 1428 1625 1462 missae
1646 1429 1747 1463 libere
1773 1436 1804 1463 et

1041 1481 1161 1523 absque
1182 1481 1396 1515 conscientiae
1424 1483 1579 1526 scrupulo
1607 1488 1801 1528 postponere

1041 1535 1189 1579 possitis,
1212 1536 1402 1569 auctoritate
1430 1543 1457 1569 et
1487 1542 1598 1570 tenore
1627 1538 1800 1581 praedictis

1040 1590 1241 1622 extendimus
1262 1596 1289 1622 et
1312 1591 1517 1634 ampliamus.

1172 1644 1215 1676 Ae
1236 1643 1370 1687 insuper
1390 1644 1445 1677 tibi
1467 1651 1495 1678 et
1518 1645 1587 1678 aliis
1607 1647 1797 1691 praepositis

1085 1647 1096 1664 ς
1125 1642 1133 1657 l

1083 1662 1097 1686 ζ,
1117 1654 1147 1676 «4.

1859 1657 1930 1684 lp<um
1948 1665 1999 1680 varo

1812 1689 1900 1710 officium
1913 1692 1931 1711 iu
1947 1692 1998 1712 alias

1038 1762 1115 1795 pore
1141 1751 1349 1784 existentibus
1370 1758 1396 1784 et
1416 1754 1497 1793 aliis,
1520 1753 1638 1797 quibus
1654 1755 1694 1787 ad
1713 1755 1795 1788 lianc
1811 1752 1906 1779 ¹⁰fif¹¹¹³⁵³

1037 1805 1797 1842 commutationemauctoritatemvestramcom-

1036 1860 1288 1898 municaveritis,
1311 1865 1344 1893 ut
1366 1862 1588 1895 recitationem
1615 1863 1713 1895 officii
1737 1864 1795 1897 hn-

1035 1914 1171 1947 iusmodi
1190 1925 1248 1957 pro
1266 1915 1323 1951 liis,
1340 1915 1405 1958 qui,
1428 1915 1467 1948 ob
1488 1915 1720 1957 infirmitatem,
1739 1929 1794 1951 vo-

1034 1968 1082 2001 bis
1102 1968 1296 2002 videbuntur
1323 1970 1517 2010 excusandi,
1541 1970 1572 2002 in
1602 1970 1690 2004 aliud
1710 1982 1793 2016 opus

1034 2023 1122 2066 pium
1139 2033 1195 2056 seu
1212 2023 1363 2056 leviorem
1381 2023 1572 2065 orationem,
1591 2024 1727 2059 durante
1743 2032 1790 2059 ta-

1032 2088 1105 2111 men
1127 2077 1332 2118 infirmitate,
1363 2077 1495 2111 arbitrio
1521 2084 1624 2113 vestro
1646 2090 1791 2114 commu-

1032 2138 1108 2165 tare.

1074 2188 1089 2230 ξ
1108 2187 1138 2219 ὃ.
1176 2187 1306 2220 Necnon
1341 2188 1545 2221 scholaribus
1574 2189 1786 2233 collegiorum
1829 2210 1909 2232 Gradu,
1925 2214 1990 2239 Ἠῶ,

1030 2240 1195 2274 Societatis
1206 2242 1394 2274 huiusmodi
1406 2242 1438 2275 in
1454 2242 1720 2277 Universitatibus
1732 2245 1787 2277 ali·
1801 2242 1988 2294 ηξζζξζῑζῇξξὲζθ

1029 2295 1123 2328 cuius
1147 2296 1249 2329 Studii
1269 2296 1428 2339 generalis
1449 2296 1671 2335 existentium,
1698 2300 1785 2342 quod
1800 2294 1878 2338 ¹31⁵&st
1921 2306 1987 2326 effle-

1029 2349 1099 2393 ipsi,
1110 2349 1145 2389 si,
1155 2350 1283 2393 praevio
1294 2350 1438 2393 rigoroso
1449 2356 1479 2383 et
1488 2351 1619 2395 publico
1627 2352 1783 2390 examine,
1800 2340 1887 2360 *⁰¹⁸¹st

1028 2402 1060 2435 in
1086 2402 1205 2436 eisdem
1231 2403 1495 2437 [nix-ersitatibus
1528 2405 1636 2439 idonei
1665 2407 1783 2450 reperti

1027 2456 1156 2493 suerint,
1177 2463 1204 2489 et
1233 2463 1374 2491 rectores
1400 2458 1647 2492 Universitatum
1672 2459 1784 2493 huius-

1027 2506 1113 2539 modi
1134 2517 1189 2540 eos
1208 2507 1307 2550 gratis
1322 2514 1351 2542 et
1371 2519 1481 2542 amore
1497 2509 1565 2549 Dei,
1583 2509 1704 2552 absque
1723 2510 1782 2543 ali-

1025 2566 1088 2599 qua
1109 2556 1322 2599 pecuniarum
1339 2557 1509 2599 solutione,
1528 2569 1718 2602 promovere
1733 2570 1782 2593 re-

1025 2605 1216 2647 cusaverint,
1239 2606 1272 2639 in
1296 2607 1440 2651 collegiis
1464 2607 1635 2652 praedictis
1655 2619 1673 2641 a
1692 2619 1784 2652 prae-v

1023 2654 1126 2698 posito
1138 2656 1288 2698 ,generali
1309 2667 1370 2701 pro
1388 2662 1536 2703 tempore
1544 2677 1548 2681 -
1557 2657 1702 2702 existenti
1717 2658 1777 2704 vel,
