2227 3001
80 260 128 285 An.
146 258 175 284 C.
196 256 260 284 t5t=9

79 315 179 336 ¹i⁵¹³¹eiss
196 311 390 353 emungit,
420 316 553 355 propter
581 310 666 354 quod
693 309 838 343 stabilem
867 317 894 343 et
927 311 1053 343 conti·'

79 347 206 372 promoveri.

87 1174 108 1195 ln
125 1176 188 1196 terris
208 1175 257 1196 infi-

74 1206 149 1227 delium
165 1210 185 1227 et
205 1207 257 1226 tme-

73 1238 186 1258 retieorun
206 1239 256 1258 ticet

73 1270 196 1289 commorari
230 1270 255 1289 de

71 1301 187 1326 praepositi
218 1305 255 1325 gc-

72 1331 254 1352 nei-atisticentia.

97 1870 142 1892 Non
157 1873 256 1891 tenentur

74 1902 137 1922 ultam
147 1903 255 1928 suscipere

76 1934 200 1957 vtsttatton„
223 1934 256 1952 iu-

73 1965 144 1985 stitiae
152 1965 256 1984 ostensiva<

72 1995 159 2020 tionem,
176 2002 254 2015 curalu-

73 2031 112 2053 quu
126 2026 253 2046 monialium.

928 258 1043 281 mimus
1064 257 1098 280 111
1124 256 1171 279 1³1³.

278 375 374 397 uuam
396 363 427 396 in
448 363 543 396 certis
573 368 602 396 et
630 362 852 396 determinatis
879 364 1030 397 domibus

279 417 475 450 mansionem
492 416 611 449 habere
627 426 691 449 non
713 423 896 460 possunt,et
916 417 946 449 in
964 417 1029 460 ipsa

276 471 432 504 Societate
453 470 585 503 idoneos
605 475 728 502 tantum
751 477 778 503 et
805 471 1030 514 comprobatos
1051 501 1052 506 ,

275 525 312 557 ad
334 535 442 558 sacros
458 524 587 557 ordines
604 525 784 567 promoveri
801 524 1027 564 intelleximus,

275 578 377 612 eidem
400 578 584 622 praeposito
605 579 760 621 generali,
778 579 863 622 quod
880 579 1031 611 ordinan-
1050 612 1052 621 ,

275 632 331 666 dos
351 632 455 665 socios
472 638 501 664 et
523 632 636 665 fratres
652 632 838 665 huiusmodi
864 632 1031 665 Societatis
1050 626 1052 650 J

274 685 534 729 quibuscumque
554 686 703 718 maluerit
720 685 887 718 catholicis
905 685 1028 718 antisti—

275 739 376 779 tibus,
406 740 541 782 gratiam
574 746 602 772 et
632 739 896 772 communionem
927 740 1029 772 dictae

273 794 363 827 Sedis
379 794 584 830 habentibus,
594 799 811 838 praesentare,
822 794 963 838 ipsisque
975 804 1029 826 an-

274 848 424 881 tistitibus
440 854 660 892 praesentatos
681 848 884 886 huiusmodi,
908 847 1028 891 absque

273 902 360 935 omni
378 902 590 945 promissione
607 903 654 934 vel
672 902 867 944 obligatione
884 902 1027 945 ipsorum

273 956 527 989 ordinandorum
558 957 692 988 fratrum
719 961 749 988 et
774 955 958 990 sociorum„
989 954 1028 987 ad

272 1020 395 1050 omues,
419 1010 514 1043 etiam
535 1020 643 1042 sacros
659 1015 689 1042 et
705 1008 955 1053 presbyteratus,
974 1019 1027 1041 or-

272 1063 363 1096 dines
384 1074 586 1106 promovere.

315 1116 330 1159 ξ
355 1116 408 1150 20.
440 1117 477 1149 Et
498 1128 572 1150 cum
594 1116 653 1160 ipsi
675 1117 753 1149 socii
769 1143 776 1154 ,
799 1127 948 1158 magnam
970 1126 1027 1160 pa-

271 1169 385 1203 tientes
406 1181 464 1213 pro
485 1170 601 1203 Christi
627 1170 758 1202 nomine
789 1175 1024 1212 paupertatem,

271 1222 501 1255 exhortationis
523 1222 574 1265 pio
596 1222 700 1255 studio
721 1222 823 1254 bonos
842 1223 881 1254 ad
903 1222 1025 1266 potiora

271 1275 420 1320 dirigant,
444 1282 473 1309 et
490 1282 634 1309 errantes
653 1276 691 1308 ad
713 1275 913 1309 rectitudinis
929 1277 1026 1309 semi-

270 1335 334 1362 tam
355 1330 560 1362 laudabiliter
575 1340 724 1363 revocare
742 1335 929 1373 procurent,
948 1341 1026 1363 con-

270 1382 414 1416 cedImus
425 1383 501 1416 utin
525 1383 881 1416 excommunicatorum
904 1389 933 1416 et
950 1384 1026 1416 liae-

269 1437 444 1470 reticorum
478 1436 525 1469 vel
565 1436 845 1469 schismaticorum
875 1436 923 1469 vel
953 1436 1025 1469 inst-

269 1489 389 1523 delium
420 1490 513 1522 terris
542 1490 641 1522 libere
672 1489 867 1522 commorari
892 1495 921 1522 et
952 1500 1025 1522 cum

269 1543 389 1576 eisdem
401 1543 595 1582 conversari,
611 1543 649 1576 de
663 1543 791 1576 licentia
807 1548 913 1576 tamen
931 1554 1023 1587 prae-

269 1596 364 1640 positi
391 1596 561 1640 generatis,
588 1602 618 1629 et
638 1596 676 1629 ah
697 1597 753 1637 eis,
776 1602 853 1629 tunc
881 1602 909 1629 et
930 1597 1025 1630 etiam

269 1649 398 1694 quando
420 1661 478 1694 per
497 1650 580 1694 ipsas
600 1650 672 1682 illos
693 1650 826 1683 transire
843 1650 1023 1693 contigerit,

269 1703 448 1737 necessaria
482 1703 561 1736 vitae
600 1703 775 1747 deposcere
813 1714 849 1737 ac
880 1704 1024 1748 recipere

270 1757 404 1790 valeant.

315 1811 330 1854 ξ
354 1810 407 1844 21.
437 1810 593 1855 Quodque
625 1811 706 1843 nulli
736 1811 880 1855 ipsorum
915 1822 1024 1845 corre-

272 1865 386 1898 ctionis
418 1876 474 1898 seu
508 1864 694 1897 visitationis
723 1866 771 1897 vel
808 1865 1025 1908 inquisitionis

271 1918 412 1952 officium
446 1918 648 1951 monasteriis
699 1920 747 1951 vel
786 1919 930 1952 ecclesiis
968 1931 1023 1952 seu

269 1972 530 2016 quibuscumque
546 1971 692 2016 personis
712 1972 912 2016 impendere,
927 1974 973 2006 vel
986 1973 1024 2005 ad

269 2025 469 2068 cognitiones
490 2035 673 2065 causarum,
697 2025 863 2058 citationes
883 2026 1023 2069 partium

270 2084 300 2111 et
320 2078 584 2111 denunciationes
608 2078 839 2111 sententiarum
865 2079 1024 2113 interdicti

269 2132 318 2165 vel
345 2132 715 2165 excommunicationum
746 2133 942 2175 procedere,
971 2140 1022 2166 aut

272 2197 384 2218 curam
405 2186 594 2219 monialium
621 2197 676 2219 seu
698 2186 921 2229 religiosarum
949 2198 1025 2231 qua-

271 2239 423 2273 rumlibet
443 2251 655 2284 personarum
676 2240 821 2283 recipere
842 2246 1021 2281 teneantur,

271 2304 329 2337 per
348 2293 456 2327 literas
475 2293 666 2338 apostolicas
686 2294 872 2338 impetratas
885 2321 893 2334 ,
919 2295 967 2328 vel
992 2295 1023 2327 in

271 2352 434 2391 posterum
452 2347 682 2391 impetrandas,
696 2348 756 2380 nisi
768 2348 806 2380 de
823 2348 883 2380 hoc
900 2347 1024 2381 indulto

270 2406 299 2433 et
320 2400 436 2433 Ordine
457 2401 619 2434 sociorum
636 2401 820 2434 huiusmodi
842 2412 1022 2444 expressam

271 2453 423 2486 facientes
456 2453 670 2493 mentionem,
706 2454 894 2487 auctoritate
924 2460 954 2487 et
978 2460 1046 2491 te-¹

270 2513 348 2536 nore
371 2503 554 2546 praedictis,
582 2503 620 2536 de
646 2503 775 2546 speciali
795 2503 896 2546 gratia
918 2503 1024 2536 indul-

269 2563 395 2595 gemus.

313 2602 397 2645 §22
421 2602 639 2636 Concedentes
659 2602 736 2646 ipsis
758 2603 852 2636 sociis
877 2608 907 2635 ut
929 2602 967 2635 de
988 2602 1025 2635 iis

270 2651 396 2698 quaein
413 2651 622 2692 ornamentis,
637 2658 692 2685 aut
712 2663 770 2697 pro
787 2653 832 2686 eis
848 2659 900 2686 aut
921 2653 1010 2686 libris

1719 245 1782 279 397

1073 310 1204 349 fabrica,
1228 308 1454 349 luminaribus,
1485 319 1541 341 seu
1570 318 1627 351 pro
1660 308 1742 341 victu
1780 309 1826 341 vel

1073 362 1268 395 indumentis
1296 373 1426 401 eorum,
1463 371 1588 394 necnon
1626 372 1683 403 pro
1713 372 1828 394 annuis

1073 416 1222 447 censibus
1243 415 1450 455 redimendis,
1473 414 1511 447 ad
1532 424 1671 456 quorum
1693 414 1826 447 solutio-

1073 480 1146 501 nem
1167 469 1293 512 aliquae
1315 469 1431 501 domus
1459 467 1625 501 Societatis
1646 468 1827 511 praedictae

1073 522 1229 565 obligatae
1251 524 1356 554 forsan
1379 522 1524 560 existant,
1557 532 1592 554 ac
1621 521 1658 554 de
1680 520 1829 553 domibus

1073 581 1100 608 et
1127 576 1288 619 collegiis,
1321 587 1356 609 ac
1395 586 1506 608 eorum
1540 575 1697 618 praediis,
1729 575 1828 607 hortis

1072 630 1207 673 aliisque
1229 630 1319 669 locis,
1339 630 1456 663 eisdem
1479 629 1584 669 sociis,
1612 629 1699 662 iuxta
1714 639 1826 662 eorum

1072 683 1193 716 vivendi
1219 684 1412 723 institutum,
1440 684 1552 716 haberi
1573 682 1751 722 concessis,
1774 688 1829 716 aut

1072 736 1110 769 de
1122 736 1170 777 iis,
1189 748 1270 780 quae
1287 737 1358 775 sihi,
1373 736 1626 781 proliuiusmodi
1643 737 1750 773 rebus,
1770 736 1827 770 do·

1072 789 1189 827 mitius,
1213 791 1368 834 collegiis,
1387 791 1525 834 praediis
1541 797 1569 823 et
1586 790 1665 823 locis
1680 796 1709 823 et
1726 791 1828 824 hortis

1072 844 1227 884 emendis,
1256 856 1314 888 per
1333 855 1556 887 quascumque
1584 855 1736 887 personas
1768 855 1827 888 pro

1073 901 1216 940 tempore
1238 897 1336 940 legari
1353 903 1405 930 aut
1428 897 1565 939 relinqui
1588 897 1769 940 contigerit,
1797 902 1827 930 et

1070 949 1140 981 aliis
1159 949 1252 982 honis
1272 950 1531 994 quibuscumque
1557 961 1615 993 per
1630 950 1826 993 praedictam

1071 1002 1261 1035 Societatem
1283 1009 1311 1036 et
1338 1003 1439 1047 ipsius
1459 1003 1593 1045 collegia
1620 1003 1773 1047 possessis
1798 1009 1827 1036 et

1071 1056 1220 1096 obtentis,
1243 1056 1383 1100 aliquam
1405 1057 1563 1089 decimam
1578 1084 1585 1096 ,
1613 1057 1708 1090 etiam
1732 1068 1827 1101 papa-

1071 1110 1146 1149 lem,
1169 1111 1309 1150 solvere,
1337 1122 1393 1143 seu
1428 1110 1616 1143 canonicam
1644 1111 1824 1154 portionem

1070 1162 1239 1203 exhibere,
1263 1175 1319 1196 seu
1340 1164 1379 1196 ad
1400 1164 1647 1207 praestationem
1670 1175 1825 1207 procura-

1072 1216 1194 1249 tionum
1230 1218 1409 1260 legatorum
1444 1217 1626 1261 praedictae
1659 1218 1747 1251 Sedis
1776 1219 1823 1251 vel

1070 1270 1266 1303 nunciorum
1299 1271 1418 1314 ipsius,
1442 1277 1494 1304 aut
1517 1271 1757 1304 ordinariorum
1782 1272 1826 1304 lo—

1070 1329 1195 1359 corum,
1219 1326 1271 1352 aut
1294 1320 1509 1357 exactionum,
1529 1320 1738 1353 collectarum
1769 1331 1824 1353 seu

1070 1368 1272 1401 ‚subditorum
1286 1369 1294 1397 ί
1306 1370 1352 1402 vel
1362 1369 1580 1413 provisionum
1593 1379 1826 1412 quorumcum-

1069 1427 1130 1459 que
1156 1418 1288 1451 minime
1312 1424 1495 1458 teneantur,
1518 1428 1576 1450 nec
1592 1418 1631 1450 ad
1657 1417 1688 1450 id
1709 1428 1767 1461 per
1786 1418 1824 1451 li-

1069 1472 1153 1498 teras
1181 1466 1323 1499 eiusdem
1358 1467 1448 1500 Sedis
1486 1472 1539 1500 aut
1567 1468 1747 1510 legatorum
1777 1468 1823 1501 vel

1069 1515 1264 1548 nunciorum
1282 1526 1338 1548 seu
1359 1516 1626 1548 dioecesanorum
1648 1516 1825 1559 praedicto-

1069 1574 1161 1604 rum,
1187 1563 1422 1608 cuiuscumque
1450 1565 1570 1597 tenoris
1591 1565 1730 1605 fuerint,
1758 1566 1824 1599 ullo

1069 1623 1223 1656 umquam
1245 1619 1389 1657 tempore
1411 1613 1562 1657 compelli
1592 1613 1713 1657 possint
1732 1641 1738 1655 ,
1762 1614 1823 1648 nisi

1068 1660 1155 1704 ipsae
1175 1662 1285 1695 literae
1300 1662 1494 1706 apostolicae
1512 1663 1639 1706 plenam
1652 1668 1682 1696 ct
1697 1673 1824 1708 expres-

1068 1721 1134 1743 sam
1155 1722 1191 1744 ac
1210 1712 1248 1745 de
1276 1713 1372 1745 verbo
1399 1712 1438 1745 ad
1465 1713 1596 1745 verbum
1631 1713 1670 1746 de
1698 1713 1822 1747 indulto

1045 1765 1095 1792 'et
1125 1762 1333 1794 concessione
1360 1762 1546 1795 huiusmodi
1579 1773 1616 1795 ac
1646 1762 1684 1795 de
1709 1773 1822 1796 eorum

1067 1809 1184 1843 Ordine
1215 1811 1411 1844 mentionem
1442 1812 1586 1844 fecerint.
1622 1812 1659 1844 Et
1688 1811 1713 1844 si
1742 1812 1823 1846 forte

1044 1855 1047 1866 '
1068 1871 1124 1902 per
1144 1871 1202 1892 nos
1220 1861 1267 1893 vel
1285 1860 1403 1893 dictam
1425 1860 1551 1900 Sedem,
1578 1860 1616 1894 de
1638 1861 1698 1904 piis
1713 1861 1824 1904 legatis

1067 1909 1227 1952 dispositis
1248 1915 1277 1942 et
1298 1910 1417 1942 relictis
1437 1909 1469 1942 in
1489 1920 1606 1953 genere
1629 1910 1676 1943 vel
1702 1910 1820 1954 specie,

1067 1957 1191 1991 decima
1218 1959 1266 1991 vel
1300 1959 1360 1991 alia
1386 1959 1490 2002 portio
1516 1970 1571 1992 seu
1595 1965 1709 2003 quarta
1732 1959 1822 1993 alteri

1067 2007 1138 2050 piae
1158 2008 1206 2040 vel
1231 2018 1296 2041 non
1322 2008 1392 2052 piae
1423 2019 1539 2042 causae
1580 2008 1825 2052 quomodolibet

1067 2056 1222 2089 hactenus
1241 2067 1393 2090 concessa
1414 2057 1522 2097 suerit,
1544 2058 1591 2090 vel
1613 2057 1699 2090 illam
1716 2057 1748 2090 in
1764 2069 1822 2102 po-

1067 2110 1187 2137 sterum
1215 2106 1348 2139 concedi
1372 2116 1427 2138 seu
1445 2107 1521 2139 solvi
1534 2113 1587 2140 aut
1608 2107 1676 2139 dari
1687 2113 1715 2140 et
1734 2117 1823 2140 man-

1044 2181 1046 2191 ,
1067 2154 1135 2186 dari
1156 2155 1342 2197 contigerit,
1375 2155 1478 2188 socios
1507 2156 1667 2200 praefatos
1696 2162 1725 2190 et
1750 2157 1822 2190 illo-

1044 2217 1046 2246 ς
1067 2214 1139 2236 rum
1161 2204 1272 2237 domos
1293 2210 1323 2237 et
1343 2204 1426 2237 bona
1446 2215 1689 2249 quaecumque,
1717 2217 1753 2239 ac
1777 2207 1823 2240 eis

1067 2253 1169 2296 legata
1190 2259 1219 2286 et
1240 2253 1350 2286 relicta
1371 2259 1424 2286 aut
1446 2253 1524 2288 alias
1550 2254 1583 2287 in
1605 2265 1719 2288 eorum
1735 2255 1820 2289 savo-

1067 2313 1134 2335 rem
1156 2302 1320 2346 disposita,
1343 2303 1375 2335 in
1396 2304 1659 2337 concessionibus
1679 2310 1709 2338 et
1730 2315 1819 2338 man-

1015 2679 1022 2694 '
1042 2674 1049 2702 i

1044 2387 1045 2391 Ἰ
1067 2351 1146 2383 datis
1172 2351 1357 2385 huiusmodi
1384 2352 1588 2386 decernimus
1618 2359 1647 2386 et
1673 2353 1821 2388 volumus

1044 2400 1198 2443 Jminime
1233 2401 1484 2446 comprehendi,
1518 2403 1579 2435 nisi
1609 2402 1647 2436 de
1675 2403 1751 2446 ipsis
1784 2414 1820 2436 ac

1068 2450 1227 2493 praesenti
1247 2451 1376 2484 decreto
1392 2457 1420 2484 et
1435 2453 1596 2486 voluntate
1617 2457 1737 2491 nostra,
1756 2462 1819 2485 nou

1069 2510 1125 2543 per
1142 2500 1303 2533 clausulas
1313 2501 1479 2544 generales
1495 2501 1578 2534 idem
1596 2501 1816 2544 importantes,

1045 2573 1047 2590 2
1068 2549 1120 2581 sed
1142 2560 1226 2589 vera,
1245 2561 1391 2594 expressa
1412 2556 1440 2582 et
1463 2549 1613 2593 specifica
1629 2549 1749 2583 mentio
1766 2549 1819 2584 fiat

1045 2594 1047 2605 ¹
1069 2597 1098 2630 in
1123 2598 1254 2631 eisdem.

1107 2662 1112 2686 l
1137 2661 1329 2695 Sucbsittiorwn,
1352 2662 1368 2689 l.
1386 2670 1408 2688 c.
1431 2662 1469 2697 (a.
1491 2662 1540 2697 τ.)-

1843 253 1891 278 An.
1911 251 1940 278 C.
1958 251 2027 279 15ῐι9

1868 313 1912 333 Non
1927 315 2027 333 tenentur

1805 361 1810 366 .
1842 345 1925 365 solvere
1958 345 2026 364 trono<

1843 382 1886 395 rum
1897 381 1981 395 suarum
1992 375 2026 394 de-

1842 408 1915 427 cimam
1946 406 1978 426 vel
2002 412 2027 425 a<

1843 439 1889 457 tiam
1906 440 1954 457 utare
1974 443 2027 457 cun·

1843 469 1970 488 {minianen
1990 473 2026 488 seu

1843 507 1866 526 pr
1876 504 2024 520 *cuir-itionem.
