2227 3001
501 249 568 284 474

459 313 591 348 tentiam
625 313 966 347 excommunicationis
997 311 1202 353 inciderent,

457 368 514 401 sed
537 368 634 401 etiam
664 367 847 406 beneficiis,
874 377 934 410 pro
959 366 1078 410 quihus
1108 377 1141 399 se
1173 366 1206 399 in

456 421 525 465 ipsa
549 421 682 454 Camera
706 419 909 462 obligassent,
937 419 1069 452 omnino
1093 420 1206 464 privati

458 480 579 514 essent3
601 474 623 506 ii
636 485 721 513 vero,
737 473 793 517 qui
812 484 844 506 se
864 484 923 516 pro
948 473 1072 506 annatis
1095 473 1208 506 huius-

457 528 546 561 modi
570 538 636 560 non
659 537 717 570 per
737 537 781 566 se,
804 527 860 559 sed
882 537 942 570 pro
961 526 1044 567 aliis,
1067 531 1101 559 ut
1121 527 1208 570 prin·
1226 494 1230 564 Ι

458 582 588 624 cipales,
616 580 818 623 obligarent,
849 580 874 612 si
899 580 934 625 iu
964 580 1111 613 terminis
1142 591 1207 614 non

457 634 695 673 satisfacerent,
730 633 814 666 ultra
852 634 1044 666 seutentiam
1078 644 1230 675 excom-4

457 686 686 720 municationis
710 687 908 727 huiusmodi,
930 693 1034 720 essent
1058 688 1209 721 omnibus
1227 677 1230 684 ,

457 740 621 774 beneficiis
653 740 878 773 ecclesiasticis
910 751 969 784 per
992 751 1047 774 eos
1071 741 1230 774 obtentis:

458 804 496 827 eo
520 794 590 838 ipso
623 794 755 838 privati,
782 800 977 838 possentque
1009 795 1083 827 talia
1108 795 1208 829 bene-

459 846 531 880 ficia
561 858 620 892 per
647 858 870 891 quoscumque
903 848 1004 881 libere
1028 848 1206 892 impetrari.

503 902 518 945 g
542 901 573 934 ἓ.
600 902 636 934 Et
660 902 732 945 piae
761 902 937 935 memoriae
967 903 1085 935 Paulus
1114 903 1209 936 etiam

459 955 517 988 FP.
544 956 582 995 Π,
608 956 837 999 praedecessor
860 962 969 989 noster
992 961 1050 990 etc.
1073 957 1099 990 1.

503 1009 557 1053 {3-
570 1010 612 1043 Ac
623 1010 735 1043 similis
743 1011 907 1043 memorias
914 1011 1119 1044 Innocentius
1126 1012 1210 1057 Papa

258 1061 443 1089 ῙΜΜΜῊΠΙ·
458 1063 535 1104 vm,
562 1063 711 1096 similiter
735 1064 954 1108 praedecessor
977 1070 1086 1098 noster
1105 1070 1162 1098 elo.
1179 1065 1207 1099 2.
1230 1098 1232 1111 7

503 1117 566 1162 {4-
593 1118 726 1152 Sanctae
747 1118 921 1152 memoriae
946 1118 1045 1152 Iulius
1065 1119 1212 1153 similiter
1230 1113 1233 1152 ἶ

284 1172 309 1194 ¹³¹·
324 1171 372 1194 lum
386 1172 413 1194 Π·
458 1172 544 1216 Papa
562 1172 600 1213 II,
622 1178 652 1205 et
672 1172 901 1216 praedecessor
923 1178 1032 1205 noster
1051 1177 1107 1206 etc.
1136 1173 1163 1207 3.
1228 1157 1233 1395 1

259 259 310 287 ΑΙ.
331 259 361 287 C.
376 259 442 287 1555

270 920 329 942 Pauli
349 919 368 941 11
391 925 445 942 ton-

257 954 346 979 stitutio,

503 1225 518 1268 g
538 1224 568 1258 5.
591 1224 671 1258 Cum
691 1231 811 1262 autem,
834 1226 914 1258 sicut
927 1226 1123 1269 accepimus,
1145 1238 1212 1261 ma-

258 1275 446 1328 ωξωωᾞξξιξζ
459 1278 527 1311 litia
541 1284 569 1312 et
582 1279 712 1312 avaritia
726 1279 896 1312 hominum
907 1280 940 1312 in
955 1279 1022 1313 dies
1032 1287 1208 1322 crescente,

259 1342 329 1376 ψη,
367 1340 444 1360 mun-e
461 1332 699 1373 ordinationes,
742 1338 878 1373 statuta,
921 1333 1118 1374 voluntates,
1159 1335 1212 1367 de-

259 1378 445 1429 ῗζζζῗξζηζῗξζζ
461 1391 547 1419 creta
574 1392 604 1419 et
625 1387 798 1419 declaratio
818 1387 865 1419 Pii
885 1392 914 1419 et
934 1387 1024 1420 Pauli
1053 1398 1090 1420 ac
1117 1388 1212 1421 Iuno·
1230 1398 1232 1444 Ἰ

259 1437 281 1454 ‘²
296 1436 366 1454 “mm
381 1435 401 1454 ⁵¹¹
410 1434 445 1454 ὖ·
461 1440 558 1473 centii
573 1446 602 1473 et
626 1440 698 1474 Iulii
718 1441 1003 1484 praedecessorum
1023 1441 1210 1475 huiusmodi
1230 1446 1233 1495 ἰ

258 1470 318 1485 men
364 1466 447 1491 obliga-

259 1496 328 1516 ¹³⁰¹¹22
351 1496 376 1516 ἀὲ
400 1496 446 1516 ³⁰¹·
460 1493 500 1526 ad
523 1504 675 1537 praesens
694 1494 789 1538 plene
813 1504 878 1526 non
900 1494 1121 1535 observentur,
1143 1501 1172 1528 et
1193 1506 1211 1528 a

256 1528 444 1584 Ῐῖἷέζιηωῖιῖζ
460 1553 605 1591 tempore
633 1547 733 1591 ipsius
766 1547 937 1580 Alexandri
955 1547 1211 1591 praedecessoris

257 1588 445 1642 azzanum-
459 1601 550 1641 citra,
573 1606 637 1634 tam
652 1611 711 1644 per
729 1601 836 1644 ipsun]
856 1600 974 1633 Iulium
995 1612 1092 1644 quam
1114 1601 1210 1634 etiam

457 1655 559 1688 felicis
603 1653 834 1688 recordationis
878 1654 1017 1687 Leonem
1059 1654 1084 1687 X
1101 1682 1109 1696 ,
1151 1656 1212 1688 Ha-

457 1708 606 1741 drianum
638 1708 675 1741 Vl
696 1713 727 1741 et
754 1708 952 1741 Clementem
978 1708 1029 1741 ΥΠ
1058 1719 1095 1741 ac
1130 1709 1233 1751 Pau-1

456 1762 525 1795 lum
545 1762 595 1802 ΙΙΙ,
625 1762 786 1795 Romanos
823 1761 995 1794 Pontifices
1022 1763 1212 1806 praedeces-

455 1826 544 1849 sores
562 1821 701 1851 nostros,
724 1826 761 1848 ac
780 1825 840 1848 nos
860 1815 1002 1848 diveisae
1022 1815 1103 1849 aliae
1118 1817 1212 1850 unio—

455 1880 524 1910 nes,
552 1869 767 1909 annexiones,
796 1868 1074 1912 incorporationes
1102 1875 1132 1903 et
1156 1851 1233 1914 {ip-3¹

455 1922 646 1967 plicationes
673 1929 832 1966 perpetuo
856 1922 957 1955 sactae
985 1927 1015 1955 et
1040 1914 1233 1960 concessae.

456 1976 575 2010 fuerint
593 2003 600 2017 ,
627 1987 674 2010 ac.
691 1987 727 2009 ex
743 1976 868 2009 incuria
892 1976 1056 2019 agentium
1077 1987 1135 2020 pro
1154 1977 1211 2010 Ca-

457 2041 546 2064 mera
570 2030 733 2074 praedicta
753 2041 809 2063 seu
829 2029 919 2067 alias,
941 2030 1152 2073 obligationes
1171 2031 1210 2064 de

457 2084 615 2117 solvendis
642 2084 871 2117 communibus
909 2090 937 2117 et
959 2084 1090 2117 minutis
1115 2085 1211 2117 servi-

456 2137 508 2170 tiis
527 2148 564 2170 ac
583 2137 708 2170 annatis
728 2149 784 2171 seu
818 2137 932 2171 mediis
964 2137 1134 2178 fructibus,
1156 2144 1211 2171 aut
1230 2154 1232 2167 ι

458 2191 529 2224 aliis
562 2190 687 2224 iuribus
721 2191 798 2224 solvi
827 2191 941 2224 debitis
971 2197 997 2224 et
1021 2192 1207 2231 consuetis,

458 2245 559 2278 sactae
583 2255 649 2278 non
683 2246 802 2278 suerint
820 2272 827 2286 ,
858 2251 888 2279 et
915 2257 998 2290 quae
1019 2246 1120 2279 sactae
1149 2246 1209 2279 sint
1230 2282 1233 2297 ί

459 2297 640 2331 executioni
660 2308 724 2332 non
742 2299 994 2339 demandentur,
1030 2299 1062 2331 in
1083 2310 1208 2339 eorum,
1230 2301 1233 2342 l

459 2351 499 2384 ad
525 2361 664 2395 quorum
694 2352 900 2385 commodum
925 2353 1082 2393 uniones,
1114 2345 1233 2387 anne-¹

458 2404 587 2445 xiones,
615 2404 893 2448 incorpomtiones
922 2412 950 2439 et
980 2406 1234 2450 applicationes:

459 2458 644 2504 praedictae
664 2458 764 2492 factae
782 2459 934 2500 fuerunt,
959 2460 1141 2494 animarum
1157 2471 1213 2505 pe·
1230 2459 1234 2477 ¹

499 2526 509 2551 l
529 2525 564 2552 Ut
583 2525 609 2552 in
627 2533 675 2551 sua
690 2525 881 2553 constitutione
897 2533 957 2559 vni,
975 2529 1061 2560 Decet,
1079 2531 1144 2554 tom.
1174 2536 1192 2553 v
1204 2549 1210 2560 ‚

462 2577 521 2604 pag.
541 2569 602 2596 197.
639 2570 656 2596 2
676 2570 710 2597 Ut
725 2570 751 2596 in
767 2577 816 2596 sua
831 2572 1020 2598 constitutione
1034 2580 1074 2604 ις’,
1094 2575 1210 2605 Aposto-

463 2617 538 2646 licue,
557 2618 621 2641 tom.
639 2622 666 2645 v,
685 2622 744 2650 pag.
761 2615 822 2641 511.
862 2617 878 2642 5
894 2615 965 2643 Haec
974 2616 1044 2644 bulla
1055 2616 1102 2644 tuit
1116 2617 1212 2645 omissa

462 2660 500 2688 uti
515 2659 669 2698 simpliciter
686 2658 892 2689 confirmatoria.

1054 257 1233 282 mmmmm!
1256 255 1409 279 Roxtsst'u

1226 589 1230 600 ·
1249 584 1326 611 tune
1338 577 1515 622 providere,
1526 577 1809 621 praedecessorum
1816 578 2002 613 huiusmodi

2019 254 2070 282 An.
2085 255 2115 283 C.
2132 255 2200 283 15:3⁴5

1247 309 1401 350 riculum,
1423 314 1453 342 et
1471 309 1624 343 Gamerae
1649 320 1685 343 ac
1707 309 1834 353 collegii
1856 309 2003 344 cardina-

1247 363 1327 396 lium
1347 368 1376 396 et
1397 362 1586 396 officialium
1605 363 1847 404 detrimentum,
1869 373 1999 397 necnon

1248 416 1446 460 reipublicae
1478 416 1666 450 huiusmodi
1691 427 1758 450 non
1782 417 1849 450 leve
1874 417 2002 461 praeiu-

1248 470 1383 504 dicium.

1292 525 1307 568 ξ
1327 524 1358 556 6.
1375 524 1450 564 Nos,
1471 524 1613 557 volentes
1627 524 1661 556 in
1680 524 1862 568 praemissis
1881 535 2001 569 oppor-
2050 537 2146 559 rama„
2160 539 2202 559 εει.

2016 569 2066 590 ideo
2073 570 2203 596 approbant

2016 601 2103 621 innon!
2121 602 2204 621 eonsti-

1249 631 1387 674 restigiis
1406 631 1621 671 inhaerendo,
1649 637 1740 664 motu
1758 632 1908 675 proprio,
1934 642 2002 665 non
2015 632 2204 683 {ffg'ffffi‘sst

2152 666 2203 689 put

1227 691 1229 706 ‘¹
1250 685 1290 717 ad
1309 685 1447 718 alicuius
1473 684 1565 718 nobis
1585 695 1684 729 super
1707 685 1770 718 hoc
1794 685 1919 718 oblatae
1947 697 2002 729 pe-
2016 694 2081 714 eum
2094 694 2120 714 ad
2139 693 2205 714 bene-

2016 725 2063 745 ficia
2073 725 2099 745 d·
2109 725 2156 744 inre
2164 731 2202 751 pa-

1251 738 1370 771 titionis
1394 738 1590 778 instantiam,
1620 738 1676 771 sed
1703 738 1742 771 de
1769 749 1859 771 mera
1882 739 2113 776 delibo-ironam
2135 757 2205 781 impe-

1250 792 1374 825 ratione
1395 797 1424 825 et
1449 797 1536 825 certa
1559 792 1691 825 scientia
1718 791 1855 832 nostris,
1877 793 2004 826 ordina·
2016 787 2204 845 ζζζζζῗζζοξῗζζ

1252 846 1365 886 tiones,
1388 852 1516 887 statuta,
1536 847 1726 887 voluntates,
1753 846 1882 880 decreta
1900 852 1933 880 et
1950 847 2004 881 de·
2018 854 2115 877 ‘'¹²⁹2‘-

1252 899 1461 933 clarationem
1481 900 1527 933 Pii
1547 906 1577 933 et
1603 899 1694 933 Pauli
1719 911 1755 933 ac
1774 900 1954 934 Innocentii
1973 906 2005 934 et

1251 954 1322 987 Iulii
1346 954 1632 998 praedecessorum
1655 954 1855 995 huiusmodi,
1875 965 2005 989 necnon

1251 1008 1391 1052 desuper
1406 1009 1567 1042 consectas
1584 1008 1704 1049 literas,
1725 1020 1763 1042 ac
1779 1009 1887 1043 omnia
1897 1014 1929 1042 et
1942 1009 2006 1043 sin-

1251 1063 1326 1106 gula
1337 1062 1369 1095 in
1381 1062 1426 1095 eis
1439 1068 1602 1103 contenta,
1613 1063 1790 1107 apostolic-a
1800 1064 2003 1107 auctoritate,

1251 1122 1362 1150 tenore
1380 1117 1611 1160 praesentium,
1630 1117 1849 1161 approbamus
1861 1123 1893 1152 et
1909 1119 2005 1153 inno-

1252 1181 1379 1211 vamus,
1401 1182 1436 1204 ac
1457 1171 1559 1204 robur
1576 1176 1752 1216 perpetuae
1771 1171 1932 1207 firmitatis
1949 1173 2006 1207 oh-

1252 1225 1367 1266 tinere,
1390 1230 1419 1257 et
1439 1225 1698 1269 quibuscumque
1711 1253 1718 1265 ,
1736 1231 1801 1258 tam
1823 1226 1858 1259 in
1885 1227 2006 1262 eisdem

1252 1278 1352 1311 literis
1374 1279 1559 1318 nominatis,
1595 1290 1693 1323 quam
1725 1290 1791 1312 non
1814 1280 2003 1324 nominatis,

1250 1332 1394 1365 virorum
1404 1338 1432 1365 et
1445 1332 1631 1373 mulierum,
1649 1334 1870 1368 saecularibus
1882 1339 1913 1368 et
1926 1347 2008 1379 quo-

1252 1385 1371 1418 rumvis
1387 1385 1543 1418 Ordinum
1563 1386 1766 1429 regularibus
1785 1384 2007 1432 congregatio-

1253 1439 1358 1479 nibus,
1380 1449 1417 1472 ac
1433 1440 1584 1472 omnibus
1599 1440 1668 1473 aliis
1688 1441 1746 1473 sub
1762 1440 1896 1483 singulis
1913 1454 2007 1487 prae-

1253 1492 1345 1525 dictis
1365 1498 1395 1525 et
1415 1493 1639 1536 praesentibus
1663 1494 1781 1527 nostris
1799 1494 1900 1529 literis
1918 1507 2006 1530 com-

1253 1546 1420 1590 prehensis
1458 1547 1623 1590 personis,
1648 1553 1713 1581 tam
1746 1558 1806 1591 pro
1831 1550 2005 1592 praeterito

1252 1610 1348 1643 quam
1359 1600 1468 1633 futuro
1484 1606 1640 1645 tempore,
1656 1601 1882 1636 inviolabiliter
1896 1603 2007 1637 obser-

1252 1653 1330 1694 vari,
1348 1664 1470 1697 eaquae
1486 1654 1594 1687 omnia
1609 1665 1646 1687 ac
1666 1665 1821 1688 censuras
1839 1660 1871 1689 et
1883 1667 2006 1700 poenas

1254 1707 1285 1739 in
1301 1707 1435 1751 singulis
1444 1707 1544 1741 literis
1554 1708 1742 1742 huiusmodi
1752 1713 1919 1742 contentas
1929 1721 2006 1744 con-

1253 1767 1300 1794 tra
1308 1771 1420 1794 omnes
1431 1761 1696 1805 congregationes
1707 1767 1738 1795 et
1746 1772 1900 1806 personas
1908 1774 2004 1807 prae-

1252 1815 1363 1856 dictas,
1381 1815 1487 1859 quoad
1503 1815 1612 1848 omnia
1631 1822 1662 1848 et
1672 1815 1798 1859 singula
1811 1817 2006 1852 monasteria

1252 1874 1279 1901 et
1306 1868 1463 1902 beneficia
1492 1869 1709 1904 ecclesiastica
1722 1896 1730 1910 ,
1759 1879 1834 1902 cum
1867 1880 1947 1903 cura
1975 1877 2008 1904 et

1252 1923 1319 1955 sine
1339 1933 1429 1962 cura,
1457 1922 1634 1955 saecularia
1656 1928 1687 1955 et
1711 1923 1899 1966 quorumvis
1916 1923 2008 1958 Ordi-

1253 1986 1330 2008 num
1350 1976 1523 2019 regularia,
1545 1976 1788 2019 quomodolibet
1806 1977 2003 2021 qualificata‚

1252 2040 1334 2072 quae
1351 2029 1615 2073 congregationes
1630 2030 1813 2074 praedictae
1827 2032 2006 2075 quomodo-

1254 2083 1329 2116 libet
1361 2083 1579 2116 communiter
1606 2083 1790 2127 possident,
1817 2084 1943 2118 etiamsi
1965 2086 2006 2119 de

1253 2132 1322 2165 iure
1337 2137 1525 2175 patronatus
1550 2131 1721 2172 laicorum,
1747 2132 1843 2166 etiam
1866 2133 2006 2179 impera-

1252 2186 1341 2227 toris,
1363 2196 1494 2229 regum,
1521 2186 1662 2226 ducum,
1683 2187 1928 2230 marchionum,
1949 2189 2005 2222 ba—

1255 2250 1369 2273 ronum
1386 2267 1393 2279 ,
1425 2239 1579 2273 comitum
1604 2246 1634 2273 et
1653 2241 1793 2274 aliorum
1815 2242 1975 2277 nobilium
1993 2270 2002 2284 ,

1253 2294 1348 2327 etiam
1368 2293 1552 2335 illustrium,
1572 2299 1625 2327 aut
1646 2294 1823 2328 dummodo
1842 2306 1901 2340 per
1918 2296 2004 2341 ipsas

1253 2348 1517 2391 congregationes
1535 2347 1759 2391 possideantur
1775 2375 1783 2390 ‚
1804 2354 1870 2383 tam
1892 2350 1928 2383 in
1942 2350 2005 2384 Ro-

1254 2412 1348 2435 mana
1367 2402 1462 2435 Curia
1481 2412 1578 2445 quam
1599 2408 1686 2436 extra
1700 2413 1784 2444 eam,
1806 2402 1890 2437 inter
1907 2415 2006 2449 quos-

1254 2466 1393 2500 cumque
1402 2455 1541 2499 Iitigiosa
1555 2455 1702 2497 existant,
1719 2457 1825 2500 vigere
1844 2462 1875 2491 et
1893 2458 2003 2492 locum

1253 2504 1384 2545 habere,
1413 2505 1569 2549 totalique
1585 2511 1617 2539 et
1638 2506 1802 2550 plenariae
1821 2507 2004 2541 executioni

1254 2554 1440 2588 demandari
1451 2555 1569 2588 debere
1583 2555 1800 2590 decernimus.
1812 2557 1946 2591 Necnon
1965 2568 2005 2591 ea

1254 2603 1362 2637 omnia
1381 2614 1464 2648 quae
1492 2604 1610 2648 singuli
1629 2605 1894 2648 praedeceaeores
1911 2616 2004 2650 prae-

1255 2652 1331 2687 dicti
1346 2653 1530 2696 roluerunt,
1553 2654 1672 2688 eisdem
1690 2653 1898 2691 autorictatae
1917 2659 1948 2688 et
1956 2660 2004 2691 te-
