2227 3001
71 226 120 254 An.
139 227 167 254 Γ.
188 228 253 255 1559

265 288 372 317 autem
393 284 466 318 filiis
486 285 627 329 capitulo
647 285 748 330 ipsius
767 287 922 321 ecclesiae
942 288 1018 320 Tra-

264 337 412 371 iectensis
437 350 492 372 seu
518 339 605 372 illius
628 351 736 373 mensa
758 341 926 385 capitulari
948 352 1017 374 om-

263 402 337 424 nem
370 391 626 425 iurisdictionem
662 393 835 437 omniaque
856 394 927 427 iura
948 395 1016 438 epi-

262 444 402 488 scopalia
422 445 522 489 ipsius
539 446 682 490 capituli,
702 458 784 490 quac
802 448 897 480 habet
915 448 945 480 in
966 460 1015 481 rc-

259 497 353 541 gione
379 498 591 542 Westplirisia
615 505 742 541 vocata,
779 501 818 533 ab
851 501 1013 534 Osnabur—

258 552 371 594 gensit
392 563 466 586 vero
479 558 507 586 et
520 554 761 587 Monasteriensi
779 565 814 587 ac
830 554 1011 588 Coloniensi

258 609 289 638 et
308 605 562 639 Paderbornensi
579 607 724 640 ecclesiis
743 618 780 640 ac
797 607 1010 648 dioecesibus,

257 663 286 691 ct
307 669 325 691 a
344 659 526 693 Coloniensi
544 660 708 704 provincia
723 672 776 693 eas
791 666 896 704 partes
912 661 1010 694 Osua-

254 712 426 755 burgensis
438 719 465 747 et
479 714 734 748 lllouastcriensis
754 726 790 748 ac
811 715 1010 748 Coloniensis

255 771 285 799 et
304 767 576 801 Padcrborncnsis
597 769 799 809 dioecesum,
824 779 906 811 quae
927 769 1008 801 intra

253 820 333 854 fines
349 821 432 864 regis
447 822 586 867 Philippi
603 822 751 863 existunt,
767 833 840 855 cum
858 822 1008 855 omnibus

253 878 283 907 ct
303 874 437 918 Singulis
458 886 569 909 earum
592 876 738 909 terminis
768 882 797 909 ct
823 877 1005 918 territoriis,

252 939 288 961 ac
309 928 415 968 cleris,
430 930 559 974 populis
575 935 603 962 ct
622 930 777 973 personis,
791 931 1003 972 monasteriis,

251 983 394 1017 ecclesiis
420 995 457 1016 ac
483 984 543 1028 piis
564 983 642 1016 locis
663 994 699 1016 ac
720 983 884 1016 beneficiis
905 985 1006 1017 eccle-

249 1036 393 1077 siasticis,
415 1047 489 1070 cum
511 1048 587 1070 cura
609 1043 639 1070 et
654 1036 721 1069 sine
744 1048 833 1077 cura,
858 1038 1003 1070 saecula—

248 1090 338 1124 ribus
358 1096 388 1124 et
412 1090 567 1125 Ordinum
598 1101 884 1135 quorumcumspie
905 1101 1002 1133 regu-

247 1144 386 1185 laribus;
404 1145 443 1177 ab
458 1144 526 1188 ipsa
542 1148 649 1177 autem
665 1144 799 1177 ecclesia
817 1144 1000 1184 Morincnsi,

246 1208 305 1242 per
315 1197 440 1231 obitum
456 1199 559 1231 bonae
572 1196 770 1231 memoriae2
783 1197 943 1231 Francisci
964 1198 1002 1231 de

245 1246 382 1292 Crequy,
401 1247 477 1281 olim
491 1246 636 1291 episcopi
651 1245 852 1287 Morinensis,
871 1247 910 1279 ab
926 1247 1001 1281 hinc

245 1296 374 1330 circiter
398 1296 601 1341 septennium
618 1296 773 1336 defuncti,
796 1296 933 1339 pastoris
954 1308 1002 1330 so-

244 1346 319 1378 latio
339 1346 503 1386 destituta,
522 1356 592 1378 eam
614 1351 738 1389 partem
760 1345 861 1389 ipsius
876 1345 1001 1379 dioccc—

242 1393 285 1427 sis
304 1394 505 1435 Morinensis,
524 1405 606 1438 quae
627 1394 660 1427 in
680 1394 845 1427 Arthesiae
865 1400 894 1428 et
910 1396 933 1428 F
936 1396 1002 1429 lan—

242 1443 331 1477 driae
360 1444 566 1477 comitatibus
595 1443 709 1483 existit,
742 1443 871 1476 ditionis
898 1444 999 1488 ipsius

241 1492 382 1537 Philippi
397 1493 493 1536 regis,
508 1502 583 1526 cum
604 1493 704 1536 ipsius
724 1491 882 1533 terminis,
905 1494 998 1526 terri-

241 1541 336 1582 torio,
359 1542 516 1581 castellis,
538 1542 628 1585 pagis
649 1547 677 1574 et
698 1541 797 1581 locis,
821 1542 920 1579 clero,
944 1554 998 1586 po-

242 1591 319 1634 pulo
340 1601 377 1624 ac
397 1591 555 1635 personis,
570 1590 784 1631 monasteriis,
808 1591 952 1625 ecclesiis
968 1598 996 1625 et

240 1639 303 1684 piis
322 1639 401 1673 locis
421 1651 458 1673 ac
477 1640 644 1674 beneficiis
661 1639 898 1680 ecclesiasticis,
921 1652 996 1673 cum

240 1699 319 1722 cura
338 1694 370 1722 et
389 1690 457 1722 sine
478 1700 568 1730 cura,
590 1688 811 1722 saecularibus
835 1694 887 1722 aut
909 1689 997 1723 Ordi-

238 1748 317 1770 num
352 1749 638 1782 quorumcumque
672 1738 896 1782 regularibus,
932 1739 996 1772 sru-

238 1792 395 1833 ctusque,
428 1788 590 1829 redditus,
619 1793 809 1832 proventus,
833 1789 992 1831 decimas,

237 1838 308 1871 iura
329 1844 359 1872 et
379 1839 610 1878 emolumenta,
633 1849 715 1881 quae
736 1838 908 1882 episcopus
929 1840 993 1873 Mo-

236 1888 390 1929 rinensis,
413 1887 484 1920 iura
504 1898 652 1931 quoque,
675 1898 757 1930 quae
779 1887 993 1932 archiepisco-

236 1948 298 1981 pus
321 1937 528 1976 Rhemensis,
551 1936 584 1968 in
609 1941 699 1979 parte
725 1936 882 1969 dioecesis
903 1938 993 1970 Mori-

236 1986 363 2027 nensis,
387 1997 424 2019 ac
444 1986 610 2025 terminis,
632 1986 811 2027 territorio,
840 1987 989 2028 castellis,

235 2037 325 2080 pagis
345 2041 375 2070 et
394 2036 473 2068 locis
484 2035 673 2079 praedictis,
688 2046 744 2068 scu
757 2035 880 2068 ratione
891 2036 992 2069 visita-

234 2086 329 2119 tionis
340 2091 395 2119 aut
411 2085 522 2129 quovis
539 2084 602 2117 alio
619 2085 689 2117 iure
709 2089 739 2117 et
761 2096 866 2125 causa,
889 2087 991 2129 perci-

234 2145 310 2179 pere
323 2140 570 2175 consueverunt,
579 2144 712 2167 amensa
723 2133 990 2180 archiepiscopali

232 2184 406 2218 Rhemensi
427 2190 458 2217 et
478 2183 653 2228 episcopali
674 2183 859 2224 Morinensi,
881 2190 991 2218 aucto-

232 2234 326 2268 ritate
346 2234 531 2278 apostolica,
548 2239 658 2267 tenore
676 2233 903 2276 praesentium,
920 2246 990 2278 per-

232 2288 331 2328 petuo
356 2283 545 2324 eximimus,
569 2293 793 2326 segregamus,
819 2283 990 2317 dividimus

232 2338 263 2367 et
283 2343 489 2377 separamus,
512 2344 549 2366 ac
574 2333 612 2366 ab
636 2331 725 2365 omni
745 2332 986 2375 iurisdictione,

231 2387 388 2427 potestate
410 2387 440 2416 et
460 2381 660 2415 subiectione
681 2381 871 2414 Rliemensis
887 2387 917 2415 et
932 2383 989 2416 Co-

230 2431 384 2474 loniensis
417 2431 756 2475 archiepiscoporum,
780 2438 810 2466 et
843 2431 988 2465 Camera-

231 2481 347 2521 censis,
370 2480 594 2521 Traiectensis‚
616 2481 812 2523 Leodiensis,
830 2482 988 2516 Morinen-

231 2531 284 2572 sis,
307 2530 529 2571 Tornacensis,
548 2529 813 2573 Osnaburgensis,
834 2532 987 2566 Monaste-

251 2587 343 2623 tRay.
360 2590 387 2614 et
403 2587 452 2614 Ed.
471 2588 552 2620 Lux.,
572 2588 779 2620 Osnabruycnsi.
802 2588 817 2614 2
840 2588 905 2615 Ead.
924 2589 985 2623 Ed.‚

229 2634 330 2659 comitis
341 2631 399 2659 loco
416 2634 497 2658 bonae
513 2633 656 2658 memoriae
672 2633 710 2668 (n.
732 2632 781 2668 T.).

310 2672 384 2704 Ball.
404 2671 482 2703 Rom,
504 2672 558 2702 Vol.
579 2672 622 2702 Vl.
829 2674 860 2705 'il

914 233 1031 256 PAt'm's
1056 234 1084 257 IV
1110 235 1155 258 ΓΡ.

1710 231 1768 263 aot

1062 288 1175 321 riensis
1186 293 1217 321 et
1232 289 1502 321 Padcrborucnsis
1514 290 1741 334 cpiscoporum
1758 303 1817 336 pro

1062 346 1206 385 tempore
1228 342 1442 383 existentium,
1465 353 1501 375 ac
1523 343 1713 377 dilectorum
1737 346 1818 379 tilio-

1060 404 1132 426 rum
1150 395 1366 438 cijiitulorum
1383 395 1583 437 lumniensis,
1600 397 1812 440 Coloniensis,

1059 446 1314 487 Cameracensis,
1355 449 1577 491 Traiectensis,
1619 451 1812 493 Leodiensis‚

1058 501 1247 534 Morincnsis
1259 530 1266 542 ,
1290 503 1514 544 Tornacensis,
1538 504 1793 546 Osnaburgensis
1805 533 1812 547 ,

1057 555 1312 589 Monastericnsis
1329 562 1357 589 et
1368 558 1643 591 paderbornensis
1660 559 1813 592 ccclesia-

1056 619 1145 649 rum,
1178 614 1273 652 atque
1307 621 1323 642 a
1357 611 1517 644 solutione
1551 611 1749 644 decimarum
1783 620 1813 645 ct.

1054 662 1243 704 quorumvis
1259 662 1395 695 aliorum
1412 663 1532 696 iurium
1551 665 1670 697 eisdem
1688 666 1812 699 archie-

1053 713 1207 758 piscopis,
1230 716 1390 759 episcopis
1407 722 1437 748 ct
1453 716 1601 759 capitulis
1617 729 1652 750 ac
1670 719 1765 752 cleris
1781 725 1809 752 et

1052 767 1121 800 aliis
1142 769 1325 810 praedictis,
1340 769 1463 802 ratione
1480 770 1722 813 iurisdictionis,
1737 774 1811 806 sub·

1052 821 1196 854 iectionis
1208 834 1243 855 ac
1256 824 1334 866 legis
1346 824 1555 857 dioecesanae
1572 832 1601 858 et
1618 827 1807 870 metropoli-

1051 874 1131 907 ticae
1152 876 1346 916 debitorum,
1359 877 1401 910 ita
1416 885 1461 918 ut,
1472 879 1619 921 posthac,
1634 881 1806 925 episcopus

1050 928 1237 961 Morinensis
1253 930 1510 965 iurisdictionem
1526 933 1667 976 aliquam
1685 934 1717 966 in
1734 945 1807 978 par-

1050 987 1111 1014 tem
1133 993 1149 1014 a
1171 981 1311 1016 dioecesi
1332 990 1531 1027 separatam,
1556 984 1586 1018 et
1606 986 1692 1020 illius
1711 989 1806 1021 terri-

1048 1035 1178 1075 torium,
1196 1037 1337 1077 castella,
1356 1048 1454 1081 pagos
1475 1044 1502 1072 et
1521 1039 1592 1072 loca
1612 1051 1649 1072 ac
1666 1041 1803 1083 clerum,

1048 1088 1206 1131 populum
1228 1094 1257 1121 et
1279 1100 1433 1132 personas
1466 1102 1502 1123 ac
1525 1093 1731 1134 monasteria,
1755 1106 1805 1129 cc-

1047 1140 1159 1174 clesias
1180 1147 1209 1174 ct
1230 1142 1281 1185 pia
1302 1144 1373 1176 loca
1394 1155 1430 1177 ac
1451 1145 1609 1179 beneficia
1630 1157 1800 1188 exercere,

1045 1199 1075 1227 et
1100 1194 1256 1228 beneficia
1283 1197 1342 1229 sub
1366 1198 1426 1231 hac
1447 1200 1648 1243 separatione
1669 1212 1705 1234 ac
1725 1201 1804 1234 divi-

1045 1248 1133 1282 sione
1168 1251 1415 1294 comprehensa,
1439 1264 1684 1298 quaecumque,
1712 1262 1804 1299 quot-

1045 1313 1185 1346 cumque
1216 1309 1246 1337 et
1279 1305 1531 1350 qualiacumque
1557 1307 1636 1348 sint,
1660 1319 1742 1351 quae
1763 1309 1802 1341 ad

1044 1354 1112 1389 eius
1133 1357 1339 1392 collationem
1365 1364 1458 1393 antea
1478 1360 1702 1404 pertinebant,
1726 1372 1802 1396 con-

1042 1410 1143 1452 ferre,
1167 1422 1223 1444 seu
1248 1412 1391 1453 fructus,
1419 1413 1582 1455 redditus,
1606 1420 1799 1458 proventus,

1043 1464 1124 1504 iura,
1148 1465 1355 1498 obventiones
1375 1471 1405 1499 ct
1421 1468 1642 1501 emolumenta
1657 1468 1696 1501 ab
1713 1479 1751 1502 eo
1769 1469 1800 1502 in

1042 1522 1131 1560 parte
1147 1518 1185 1551 ῑι1
1204 1518 1344 1552 dioecesi
1361 1525 1506 1563 separata
1525 1521 1687 1561 terminis,
1709 1522 1801 1555 terri—

1040 1571 1142 1612 torio,
1166 1572 1320 1613 castellis,
1343 1572 1433 1616 pagis
1454 1578 1483 1606 et
1509 1573 1588 1607 locis
1612 1574 1796 1618 praedictis,

1040 1624 1259 1658 subventionis
1288 1637 1385 1660 causa
1414 1632 1469 1660 aut
1497 1627 1558 1660 alia
1583 1628 1727 1671 qualibet
1750 1640 1799 1661 ra-

1039 1677 1125 1711 tione
1159 1679 1281 1723 percipi
1317 1681 1426 1721 solita,
1449 1686 1480 1714 ct
1507 1681 1678 1725 episcopus
1704 1681 1797 1715 Mori-

1038 1732 1145 1765 nensis
1178 1737 1273 1777 atque
1307 1733 1573 1778 archiepiscopus
1607 1735 1797 1769 Rhemensis

1037 1786 1194 1828 praedicti
1216 1787 1247 1819 in
1268 1793 1358 1831 parte
1379 1788 1536 1821 dioecesis
1556 1788 1657 1832 ipsius
1684 1789 1795 1823 adem-

1037 1841 1101 1878 pta,
1125 1847 1161 1869 ac
1182 1837 1339 1878 terminis,
1362 1837 1545 1878 territoriis,
1569 1838 1718 1879 castellis,
1741 1850 1796 1883 pa-

1035 1884 1082 1926 gis
1103 1896 1139 1917 ac
1160 1885 1240 1918 locis
1261 1887 1412 1929 praefatis
1432 1886 1470 1919 de
1488 1887 1537 1926 iis,
1565 1898 1647 1930 quae
1669 1888 1707 1920 ad
1725 1900 1790 1929 eos,

1035 1934 1160 1968 ratione
1193 1936 1381 1969 visitationis
1409 1937 1638 1979 episcoporum
1660 1943 1690 1970 et
1714 1939 1794 1981 legis

1035 1982 1244 2017 dioecesanae
1278 1996 1315 2018 ac
1352 1984 1628 2029 metropoliticae,
1650 1986 1792 2030 pertine-

1034 2030 1121 2073 bant,
1145 2033 1360 2068 intromittere
1380 2046 1413 2068 se
1434 2035 1523 2068 nullo
1545 2040 1638 2078 pacto
1657 2036 1790 2079 possint,

1034 2081 1204 2116 eximimus
1225 2090 1255 2117 et
1275 2085 1409 2118 omnino
1429 2084 1618 2118 liberamus.

1077 2131 1091 2173 ξ
1108 2130 1138 2164 8.
1162 2131 1426 2167 Cameracensem
1443 2145 1517 2167 vero
1539 2140 1569 2167 et.
1589 2135 1789 2178 collegiatam
1831 2153 1990 2174 Cameracensis

1033 2179 1139 2214 Sancti
1173 2182 1324 2215 Rumoldi
1352 2183 1462 2227 oppidi
1495 2184 1732 2218 Mechliniensis
1760 2188 1826 2219 et0²
1846 2185 1989 2232 T‘W‘fflff

1033 2230 1292 2264 Traiectensen]cz
1304 2233 1457 2265 ecclesias
1469 2232 1500 2265 in
1513 2233 1787 2277 metropolitanas,
1804 2218 1927 2274 {iiiifr¹'⁴‘s.‚
1945 2224 1988 2268 ⁰0¹:-

1033 2290 1068 2312 ac
1090 2280 1354 2315 Cameracensem
1370 2287 1397 2314 et
1417 2282 1653 2316 Traiectensem
1666 2283 1681 2306 3
1698 2284 1788 2317 sedes
1803 2279 1988 2337 sshgffflgssfffng

1033 2328 1243 2372 episcopales,
1258 2330 1290 2362 in
1302 2330 1606 2375 archiepiscopales,
1624 2343 1741 2376 easque
1758 2338 1789 2365 et
1982 2327 1986 2330 ’

1031 2376 1133 2420 ipsam
1164 2379 1333 2412 ecclesiam
1363 2380 1471 2413 Sancti
1493 2381 1645 2414 Rumoldi
1666 2387 1787 2415 metro-

1030 2427 1250 2470 politanorum
1276 2430 1464 2473 praesulum
1490 2429 1580 2463 sedes
1602 2441 1639 2463 ac
1662 2431 1788 2473 provin-

1031 2475 1154 2509 ciarum
1175 2476 1295 2520 capita,
1319 2477 1463 2519 scientia,
1491 2479 1624 2512 consilio
1646 2484 1675 2511 ct
1695 2485 1786 2522 pote-

1030 2526 1117 2559 statis
1137 2527 1337 2571 plenitudine
1356 2527 1527 2569 similibus,
1550 2528 1740 2562 auctoritate
1756 2535 1787 2562 et

1068 2590 1077 2616 l
1097 2588 1175 2625 Ray.,
1197 2595 1232 2617 el.
1270 2591 1346 2618 QEd.
1368 2592 1449 2624 Lux„
1467 2594 1661 2620 Traicclensem
1680 2595 1713 2619 ad
1728 2593 1784 2619 Μο-

1027 2642 1093 2662 sam.
1115 2634 1209 2669 5‚Ead.
1222 2635 1283 2669 Ed.,
1299 2637 1495 2664 Traiectensem
1506 2639 1540 2663 ad
1549 2637 1665 2664 maenam
1678 2637 1716 2672 (n.
1731 2636 1780 2672 T.).

1835 240 1882 265 An.
1902 241 1931 267 C,
1952 241 2018 267 ¹559
