2227 3001
75 252 257 281 An.c.1550

95 1441 214 1463 Facultates
232 1445 253 1461 et

67 1473 179 1499 privilegia
207 1479 253 1494 oni-

67 1505 109 1530 nia,
119 1505 166 1526 aliis
181 1510 253 1526 eame-

67 1537 129 1557 ratiis
163 1542 252 1563 quomo-

68 1567 148 1587 dolibet
164 1573 254 1587 conces*

67 1603 102 1623 sa,
119 1599 237 1624 innovavit,

922 255 1023 278 littus

271 306 342 340 aliis
362 307 523 340 iudicibus
546 306 706 349 praefatis,
726 306 784 338 snb
801 307 1023 339 excommnni-

271 361 406 394 cationis
426 365 457 393 et
476 359 664 404 privationis
680 360 862 393 officiorum
879 365 910 394 et
929 361 1025 394 bene-

271 415 421 449 ficiorum
454 425 512 458 per
551 424 606 446 eos
641 424 700 457 pro
734 418 879 458 tempore
915 415 1025 448 obten-

270 475 391 508 torum,
427 478 553 501 necnon
587 467 657 500 aliis
683 468 816 501 arbitrio
847 479 918 510 suo,
955 469 1024 513 ipso

271 524 364 562 sacto,
382 521 406 555 si
424 531 516 554 secus
526 526 669 563 agerent,
684 521 887 555 incurrendis
906 522 1022 566 poenis,

269 587 309 610 ne
330 580 443 609 contra
462 575 637 619 praemissa
664 576 760 609 modo
788 576 897 619 aliquo
918 576 1024 609 venire

269 634 324 662 aut
351 629 455 662 facere
495 629 543 661 vel
586 633 742 662 attentare
783 629 942 662 auderent
968 640 1024 662 seu

270 688 514 727 praesumerent
538 682 688 715 inhibuit.
725 684 769 716 Ac
803 683 859 715 tibi
893 688 939 723 ut,
966 694 1024 727 pro

269 736 522 781 praemissorum
558 736 799 776 observatione,
836 737 1023 770 executione

267 790 316 824 vel
336 790 559 834 implemento,
577 789 729 823 omnibus
749 795 778 823 et
795 789 929 832 singulis
944 800 1024 834 prae—

268 844 362 877 dictis
395 849 425 877 et
445 843 564 888 quibus
583 854 665 887 opus
699 849 781 877 esset
806 843 1021 887 praeciperes,

268 898 438 931 mandares
468 903 499 931 et
523 898 700 938 inhiberes,
724 897 860 942 illosque
895 898 1022 938 eitares,

269 962 401 995 cogeres
434 957 465 985 et
498 952 723 995 compelleres,
759 962 795 984 ac
830 956 943 984 contra
969 962 1024 984 eos

267 1016 366 1038 manu
387 1005 475 1049 regia
495 1011 526 1038 ct
545 1006 635 1045 alias,
659 1010 756 1049 prout
775 1004 833 1037 tibi
847 1005 1020 1044 vide-retur,

267 1059 480 1103 procederes,
504 1064 675 1101 ceteraque
696 1058 758 1090 alia
778 1057 810 1089 in
838 1058 1024 1102 praemissis

267 1118 298 1146 et
318 1113 404 1145 circa
424 1123 461 1145 ea
485 1112 666 1145 necessaria
691 1111 935 1154 quomodolibet
964 1122 1023 1155 op-

267 1171 407 1211 portuna
428 1167 550 1199 faceres
570 1170 600 1197 et
620 1164 824 1208 exequereris
845 1165 1021 1204 mandavit,

268 1219 403 1264 tibique,
422 1219 505 1252 ultra
527 1224 613 1251 tuam
636 1222 823 1262 potestatem
840 1223 868 1251 et
886 1219 1024 1251 auctori-

267 1278 364 1306 tatem
391 1273 424 1305 in
454 1273 658 1317 praemissiS,
681 1272 900 1316 plenissimam
921 1273 1023 1305 licen-

267 1327 344 1360 tiam
367 1333 397 1360 et.
418 1327 601 1359 facultatem
623 1326 791 1359 concessit.

312 1380 378 1423 §8
400 1380 532 1413 Necnon
566 1380 661 1413 etiam
692 1380 801 1413 omnia
834 1385 863 1412 et
898 1380 1022 1423 singula

268 1434 446 1478 privilegia,
464 1434 548 1474 iura,
570 1433 822 1473 iurisdictiones,
836 1438 1021 1478 potestates,

267 1487 487 1527 auctoritates,
510 1488 690 1527 facultates,
721 1487 830 1520 literas
849 1491 880 1519 et
900 1486 1023 1520 indulta

268 1540 435 1574 retroactis
470 1540 672 1585 temporibus
701 1539 888 1573 camerariis
921 1540 1022 1573 dictae

267 1595 440 1635 Ecclesiae,
463 1594 519 1638 qui
540 1600 672 1627 eatenus
699 1594 840 1633 fuerunt,
864 1599 890 1627 et
915 1605 1022 1627 eame-

267 1648 405 1681 rariatus
425 1648 531 1681 officio
552 1647 751 1688 huiusmodi,
775 1658 832 1691 per
852 1659 1023 1691 quoscum-

266 1712 329 1746 que
357 1702 519 1735 Romanos
554 1701 725 1735 Pontifices
757 1701 1023 1745 praedecessores

266 1766 342 1787 suos
379 1766 416 1788 ac
451 1755 554 1798 ipsum
590 1760 620 1787 et
654 1755 768 1788 Sedem
804 1755 1020 1798 praedictam,

265 1808 361 1842 etiam
383 1820 482 1854 super
502 1809 717 1841 concedendis
738 1808 831 1841 salvis
851 1809 1021 1843 conducti-

265 1864 325 1895 bus
346 1868 376 1895 et
397 1862 547 1903 fidantiis,
571 1863 676 1895 causis
696 1862 855 1901 civilibus,
873 1863 1022 1897 crimina-

265 1917 349 1950 libus
369 1922 395 1949 et
426 1916 541 1956 mixtis,
570 1928 694 1949 necnon
722 1916 916 1957 moratoriis,
944 1918 1022 1951 dila-

267 1971 427 2007 tionibus,
460 1971 653 2003 salinaribus
687 1976 718 2003 et
751 1971 916 2013 quibusvis
951 1972 1021 2004 aliis

265 2024 502 2066 securitatibus,
525 2026 571 2058 vel
589 2025 668 2058 alias
682 2025 928 2069 quomodolibet
943 2037 1020 2059 con-

265 2089 364 2119 cessa,
402 2078 592 2112 confirmata
619 2084 649 2111 et,
679 2078 843 2117 innovata,
880 2090 1019 2121 quorum

265 2132 411 2165 omnium
440 2138 580 2171 tenore&
613 2143 725 2165 causas
751 2138 778 2165 et
801 2132 934 2165 effectus
962 2144 1020 2176 pro

265 2186 462 2219 sufficienter
471 2187 629 2230 expressis
641 2186 752 2219 haberi
764 2186 875 2225 voluit,
887 2186 981 2219 etiam
996 2187 1019 2219 si

267 2240 387 2273 maiora
415 2239 593 2283 expressis,
626 2239 813 2284 approbavit
844 2245 870 2272 et
901 2240 1020 2273 contir-

264 2294 372 2332 mavit,
384 2305 421 2327 ac
442 2305 478 2326 ca
498 2294 605 2326 omnia
622 2294 678 2326 tibi
695 2294 734 2325 de,
750 2305 831 2327 novo
849 2295 1018 2331 concess-ii,

265 2348 446 2392 supplendo
471 2358 584 2380 omnes
616 2353 646 2380 ct
677 2348 821 2391 singulos
852 2354 914 2381 tam
943 2349 1021 2381 iuris

264 2412 361 2444 quam
384 2401 456 2434 sacti
485 2402 644 2442 defectus,
668 2402 692 2434 si
713 2402 768 2446 qui
791 2403 897 2434 forsan
919 2402 1019 2435 inter—

264 2455 421 2488 venissent
444 2455 475 2487 in
497 2455 631 2493 eisdem,
648 2466 685 2488 ac
706 2455 758 2489 illa
776 2461 952 2500 perpetuae
969 2456 1020 2489 sir-

265 2504 383 2537 mitatis
404 2503 505 2537 robur
525 2504 682 2544 obtinere,
705 2504 931 2537 inviolabiliter
961 2505 1018 2537 ob-

264 2554 394 2593 servari,
426 2564 463 2586 ac
482 2553 539 2586 tibi
567 2553 695 2598 tuisque
716 2554 747 2586 in
768 2554 853 2587 dicto
875 2564 1019 2587 camera-

265 2603 365 2636 riatus
385 2603 492 2635 officio
513 2603 754 2637 successoribus
777 2603 960 2646 suffragari,
982 2615 1019 2637 ac

264 2662 319 2686 eos
345 2652 532 2697 praemissis
563 2653 714 2687 omnibus
739 2658 770 2686 et
798 2652 933 2697 singulis
958 2653 1016 2694 uti,

1712 245 1773 278 407

1070 307 1149 346 t'rui,
1180 307 1275 350 potiri
1298 312 1328 338 et
1355 306 1495 348 gaudere
1522 306 1657 346 debere,
1680 318 1739 340 nec
1767 308 1820 340 dc-

1068 371 1165 404 super
1195 371 1252 403 per
1280 370 1523 404 quoscumque,
1555 364 1619 392 tam
1647 361 1823 403 apostolica

1067 424 1164 457 quam
1185 413 1348 446 ordinaria
1368 418 1399 446 et
1414 413 1509 446 mixta
1533 413 1723 447 auctoritate
1752 414 1822 448 sun-

1067 472 1188 509 gentes,
1212 467 1332 500 iudices
1352 473 1382 500 et
1407 477 1578 510 personas,
1601 467 1697 500 etiam
1718 467 1821 501 dictae

1079 521 1229 554 {Omanae
1255 521 1417 554 Ecclesiae
1444 521 1642 562 cardinales,
1672 521 1820 565 impediri

1067 579 1120 606 ant
1142 574 1306 607 molestari
1327 586 1420 618 posse
1441 575 1590 609 decrevit.

1112 628 1126 671 ξ
1146 627 1177 661 9.
1214 629 1250 661 Et
1289 628 1422 673 insuper
1461 629 1696 662 considerando
1734 630 1821 673 quod

1067 692 1145 714 cura
1172 681 1293 714 iurium
1328 688 1358 715 et
1379 693 1487 715 rerum
1514 682 1666 716 Gamerae
1687 683 1820 727 Aposto-

1068 735 1147 768 lieae
1183 735 1362 769 camerario
1402 747 1461 780 pro
1496 741 1641 781 tempore
1677 737 1822 771 existenti

1067 794 1136 821 erat
1156 789 1342 829 commissa,
1360 790 1493 834 ipseque
1511 790 1710 824 camerarius
1726 802 1821 824 suum

1067 847 1096 874 et
1114 842 1248 875 Romani
1269 843 1432 876 Pontificis
1448 855 1507 888 pro
1529 849 1674 887 tempore
1691 845 1823 878 existen-

1066 894 1105 927 tis
1117 895 1201 928 vivae
1217 896 1302 929 vocis
1318 897 1487 929 oraculum
1504 897 1652 938 habebat,
1666 908 1823 942 suamque

1067 954 1097 981 et
1117 949 1192 981 dicti
1208 949 1373 983 Pontificis
1389 961 1562 994 personam
1579 951 1610 984 in
1626 952 1676 984 his
1692 963 1822 994 reprae-

1066 1003 1230 1043 sentabat,
1261 1009 1288 1037 et
1317 1010 1490 1049 propterea
1517 1016 1582 1038 non
1616 1006 1822 1039 conveniebat

1049 254 1082 277 ΠΙ
1107 254 1153 277 ΓΡ.

1066 1061 1101 1088 ut
1122 1067 1171 1089 res
1192 1058 1437 1091 camerales....
1462 1069 1520 1102 per
1539 1059 1699 1092 decanum
1716 1065 1746 1092 et
1762 1061 1824 1094 cle-

1066 1109 1150 1142 ricos
1183 1110 1287 1143 (lictae
1321 1111 1487 1152 Gamerae,
1523 1112 1578 1155 qui
1613 1112 1767 1156 quicquid
1793 1114 1823 1147 in

1066 1162 1149 1195 dicta
1175 1163 1308 1197 Camera
1335 1165 1490 1207 agebant,
1520 1165 1650 1198 nomine.
1679 1167 1823 1200 eiusdem

1066 1219 1236 1251 camerarii
1264 1220 1423 1262 agebant,
1460 1221 1705 1264 expedirentur,
1737 1223 1823 1266 quod

1066 1272 1104 1304 de
1126 1277 1245 1313 cetero,
1270 1274 1436 1317 perpetuis
1466 1274 1583 1307 suturis
1603 1275 1822 1318 temporibus,

1066 1325 1208 1359 decanus
1234 1332 1265 1359 et
1295 1327 1405 1360 clerici
1434 1327 1587 1360 Gamerae.
1617 1328 1821 1369 huiusmodi,

1066 1379 1285 1423 expeditiones
1318 1380 1444 1424 aliquas
1473 1382 1660 1421 camerales,
1688 1383 1823 1425 gratiam

1064 1434 1113 1465 vel
1135 1433 1289 1466 iustitiam
1311 1440 1545 1468 concernentes
1561 1446 1617 1468 seu
1634 1435 1747 1468 mixtas
1769 1442 1825 1469 aut

1065 1486 1104 1518 ab
1125 1486 1188 1519 illis
1208 1488 1439 1531 dependentes,
1469 1488 1548 1521 alias
1568 1500 1665 1533 quam
1687 1490 1747 1523 sub
1768 1501 1823 1523 no-

1065 1540 1151 1573 mine
1182 1541 1351 1574 camerarii
1381 1552 1419 1574 ac
1449 1542 1553 1585 sigillo
1584 1554 1682 1586 penes
1716 1543 1821 1587 ipsum

1065 1595 1281 1627 camerarium
1304 1595 1458 1628 existente
1484 1596 1588 1629 facere
1623 1602 1653 1629 et
1673 1597 1822 1640 expedire

1065 1648 1254 1691 nequirent3
1282 1653 1312 1681 et
1338 1648 1476 1682 sialiter
1510 1650 1643 1691 fierent,
1670 1662 1705 1683 ex
1733 1651 1823 1684 libris

1065 1701 1182 1734 cassari
1204 1707 1231 1734 et
1254 1702 1354 1735 deleri
1375 1703 1530 1736 deberent
1556 1703 1665 1737 statuit
1685 1710 1715 1737 et
1735 1705 1822 1738 ordi-

1065 1755 1166 1794 navit,
1195 1762 1222 1788 et
1248 1767 1283 1788 ex
1311 1761 1387 1789 tune
1411 1757 1480 1789 illas
1501 1757 1635 1790 cassavit
1654 1763 1682 1791 et
1704 1759 1821 1791 annul-

1064 1808 1135 1841 lavit
1157 1814 1187 1841 et
1207 1809 1327 1842 viribus
1348 1811 1522 1849 evacuavit,
1548 1822 1585 1844 ac
1611 1823 1669 1856 pro
1694 1812 1822 1856 penitus

1065 1862 1190 1895 inseetis
1218 1863 1328 1896 haberi
1350 1863 1468 1904 voluit,
1493 1865 1671 1899 inhibendo
1698 1866 1821 1899 decano

1064 1922 1091 1949 et
1115 1916 1240 1949 clericis
1260 1917 1451 1960 praedictis,
1480 1919 1540 1951 sub
1561 1920 1821 1953 excommunica-

1063 1970 1159 2003 tionis
1177 1971 1258 2003 latae
1280 1972 1455 2005 sententiae
1476 1977 1503 2005 et
1534 1973 1721 2017 privationis
1749 1975 1819 2007 olli-

1063 2024 1189 2057 ciorum
1225 2030 1256 2058 et
1293 2025 1528 2059 beneficiorum
1573 2038 1632 2070 per
1668 2038 1723 2061 eos
1761 2039 1820 2072 pro

1063 2082 1210 2122 tempore
1227 2078 1446 2120 obtentorum,
1461 2079 1596 2124 aliisque
1613 2080 1746 2114 arbitrio
1763 2093 1821 2115 suo

1063 2132 1175 2175 poenis
1195 2132 1264 2176 ipso
1282 2134 1376 2171 sacto,
1400 2133 1423 2165 si
1441 2145 1533 2167 secus
1551 2140 1695 2177 agerent,
1714 2136 1821 2169 incur-

1063 2185 1188 2227 rendis,
1216 2197 1255 2218 ne
1285 2186 1469 2230 praemissis
1495 2189 1736 2227 contravenire,
1766 2195 1822 2222 aut.

1063 2245 1174 2272 eontra
1187 2250 1300 2272 eorum
1320 2246 1464 2273 tenorem
1477 2241 1589 2283 quovis
1602 2242 1699 2275 modo
1716 2242 1820 2275 facero

1063 2294 1109 2325 vel
1134 2299 1289 2327 attentare
1310 2295 1467 2327 auderent
1486 2306 1541 2327 seu
1564 2302 1819 2339 praesumerent,

1062 2358 1098 2379 ac
1122 2347 1246 2380 irritum
1265 2354 1296 2380 ot
1317 2348 1423 2388 inane,
1445 2349 1469 2381 si
1490 2360 1582 2383 secus
1598 2350 1668 2382 fieri
1692 2351 1818 2383 contin-

1062 2408 1161 2444 geret,
1185 2403 1334 2435 decrevit.
1363 2404 1406 2436 Ac
1427 2403 1483 2436 tibi
1505 2404 1665 2437 mandavit
1690 2409 1736 2445 ut,
1760 2416 1818 2447 pro

1063 2456 1315 2498 praemissorum
1332 2457 1566 2497 observatione,
1585 2457 1773 2490 executione
1788 2464 1815 2490 et

1062 2504 1285 2548 implementO,
1308 2506 1459 2539 omnibus
1480 2511 1511 2539 et
1530 2506 1665 2549 singulis
1689 2506 1816 2550 praedi-

1063 2553 1133 2594 etis,
1156 2559 1186 2587 et
1206 2555 1324 2598 quibus
1344 2566 1426 2599 opus
1447 2561 1540 2595 esset,
1563 2555 1768 2599 praeciperes
1787 2560 1818 2587 et

1063 2603 1232 2637 mandares
1252 2604 1380 2648 illisque
1409 2604 1584 2644 inhiberes,
1607 2615 1644 2637 ac
1664 2614 1719 2637 eos
1739 2603 1817 2637 cita-

1061 2664 1126 2694 res,
1163 2664 1294 2697 rogares
1327 2658 1359 2688 et
1391 2654 1616 2699 compelleres,
1648 2664 1685 2687 ac
1718 2664 1816 2691 manu

1836 254 1871 279 An·
1902 252 1929 277 C,
1952 251 2018 277 ¹5:50

1870 642 2021 671 Erpedittonee

1836 676 1953 697 rumorido!
1973 681 2020 696 om-

1836 713 1887 731 ncs.
1910 714 1920 727 a
1937 708 2021 728 uterici-

1837 739 1874 759 nub
1885 740 1969 759 nomine
1985 745 2022 759 οι-

1837 771 1921 790 merarii
1937 771 2023 797 expedt-

1838 802 1854 822 ri
1866 803 1942 827 iussit,
